3094 4954
217 381 279 442 150
795 359 888 426 'l'lTl
919 359 1034 424 LIVIl

218 544 248 590 υ.
261 543 287 590 c.
299 539 354 588 saa
383 515 491 594 tritici,
500 511 612 598 viginti
626 509 746 586 bordei,
755 529 866 594 pacem
875 507 1123 592 inpatraverunt.
1297 505 1470 572 usiudecd

220 609 248 655 Α·
261 607 288 654 0
302 603 354 652 ¹⁸⁹·
384 600 550 668 Obrimas
565 597 679 674 sonus,
694 594 736 658 ad
745 593 862 670 vicum,
875 613 971 676 quem
981 591 1188 676 ‘'Aporidos‘
1281 613 1323 654 en
1343 601 1470 670 vocant,

383 684 492 773 posuit
517 689 629 746 castre.
671 679 721 744 Eo
747 677 899 742 Seleucus
921 675 962 740 ab
989 677 1132 760 Apamea
1154 683 1282 760 postem
1303 675 1354 740 die
1372 677 1470 740 venit.

384 771 503 854 AEgros
525 765 599 830 inde
620 771 653 828 et
674 762 799 828 inutilia
822 761 1037 846 inpedimenta
1061 781 1162 844 quum
1185 762 1359 846 Apameam
1379 761 1471 824 dimi·

385 855 488 930 sisset,
502 849 636 916 ducibus
651 847 800 912 itinerum
812 846 853 908 ab
869 845 1000 910 Seleuco
1014 845 1162 928 acceptis,
1179 844 1342 942 profectus
1360 867 1399 908 eo
1421 846 1471 911 die

385 939 420 1004 in
434 937 541 1000 Metro
584 933 718 998 libsnum
732 951 891 1014 campum,
905 936 1032 1014 postero
1046 928 1096 992 dic
1111 928 1224 992 Diniae
1239 929 1386 1014 Pbrygiae
1399 951 1473 1014 pro-

387 1021 491 1088 cessit
552 1017 614 1082 nde
643 1015 794 1100 synnada
817 1013 914 1092 venit,
941 1021 1030 1078 metu
1058 1012 1206 1076 omnibus
1235 1013 1318 1078 circa
1346 1013 1473 1098 oppidis

389 1103 530 1172 desertis.
566 1122 703 1185 quonum
712 1099 780 1184 jam
793 1097 902 1184 prmds
915 1119 1009 1182 greve
1023 1119 1137 1182 agmen
1150 1099 1289 1176 trahens,
1310 1097 1364 1162 vix
1381 1099 1474 1181 quin·

389 1211 450 1274 que
465 1187 601 1252 millium
615 1185 665 1248 die
678 1191 746 1248 totu
761 1183 872 1246 itinere
926 1183 1035 1260 rfecto,
1056 1182 1097 1245 ad
1116 1182 1254 1258 Beudos,
1278 1183 1365 1266 quod
1382 1191 1475 1244 vetus

390 1271 560 1371 adpellant,
574 1268 727 1354 pervenit.
756 1268 798 1331 ad
811 1269 883 1330 Ans
906 1287 963 1330 ura
975 1266 1059 1344 inde,
1072 1273 1105 1329 et
1119 1265 1217 1330 altero
1231 1265 1281 1329 die
1296 1267 1336 1330 nd
1350 1266 1476 1329 “Alan-

391 1359 440 1424 dn
463 1357 578 1432 sontes,
601 1353 694 1418 tertio
713 1353 754 1416 ad
768 1351 950 1415 Abbasium
964 1351 1074 1435 posint
1086 1359 1197 1416 castra.
1229 1351 1275 1414 ibi
1287 1349 1394 1434 plures
1409 1351 1477 1414 dies

392 1441 506 1508 stativs
519 1438 641 1516 babuit,
656 1437 731 1520 quia
743 1443 931 1521 perventum
946 1443 1012 1498 erat
1025 1435 1067 1498 ad
1079 1433 1345 1499 Tolistoboioruni
1358 1435 1449 1500 fines.

327 1535 358 1566 ³·
436 1525 530 1592 XVI.
553 1523 670 1600 Galli‘l,
694 1541 810 1604 magna
834 1519 1001 1583 bominum
1024 1519 1083 1598 vis,
1112 1541 1169 1582 seu
1192 1519 1299 1604 inopia
1322 1519 1401 1604 agri,
1422 1541 1479 1582 seu

230 1600 311 1632 ‘⁰¹³⁰'
393 1609 512 1696 praedes
534 1629 601 1705 spe,
625 1605 746 1672 nullam
769 1613 907 1688 gentem,
932 1625 1108 1688 perquam
1132 1604 1208 1667 ituri
1231 1611 1347 1682 essent,
1370 1625 1479 1688 parem

394 1693 491 1758 armis
504 1699 574 1770 rati,
589 1691 718 1754 Brenno
731 1689 811 1752 duce
826 1689 859 1751 in
875 1689 1042 1752 Dardanos
1055 1695 1276 1774 pervenerunt.
1308 1687 1353 1752 ibi
1368 1688 1480 1752 seditio

394 1786 474 1855 crte,
488 1783 522 1840 et
535 1775 595 1838 ad‘
609 1773 724 1871 viginti
737 1773 836 1836 millis
849 1771 1025 1852 hominum,
1040 1795 1114 1836 cum
1125 1772 1281 1836 Leonorio
1294 1793 1330 1836 sc
1349 1773 1481 1836 Lutario

394 1859 523 1946 regulis,
538 1879 713 1924 secessione
724 1858 807 1921 facta
819 1879 838 1920 a
852 1857 992 1936 Brenno,
1002 1857 1037 1920 in
1046 1857 1213 1924 Thraciam
1224 1857 1283 1920 iter
1291 1865 1481 1922 avertenmt

395 1945 453 2010 ubi
475 1966 549 2008 cum
572 1942 794 2008 resistentibus
817 1941 1001 2027 pugnando,
1024 1963 1135 2027 pacem
1157 1941 1340 2040 petentibus
1363 1942 1483 2028 stipen-

396 2030 487 2094 dium
501 2027 693 2113 inponendo,
713 2027 905 2111 Byzantium
922 2048 1023 2110 quum
1040 2035 1268 2112 pervenissent,
1291 2027 1484 2110 aliquamdiu

398 2135 487 2179 cram
510 2111 713 2198 Propontidis
735 2111 920 2259 vectiffinlem
944 2111 1100 2191 babendo,
1128 2111 1265 2197 regionis
1293 2111 1363 2196 ejus
1389 2111 1484 2175 urbes

398 2199 616 2264 obtinuerunt.
649 2195 776 2282 Cupido
788 2196 822 2260 in
845 2218 862 2260 e
876 2217 930 2260 eos
940 2194 975 2258 in
989 2195 1099 2294 Asiam
1112 2195 1485 2296 nummismata

399 2281 1487 2464 seusuaea?sstet.nsillsnsyuffcm

403 2452 648 2535 Hellespontum
663 2451 903 2516 descenderunt.
927 2449 977 2514 lbi
987 2471 1060 2514 varo
1075 2449 1189 2535 exiguo
1203 2449 1224 2482 ⁸⁸
1234 2450 1366 2514 divisam
1378 2449 1393 2490 l
1407 2450 1487 2512 freto

402 2535 604 2600 cernentibus
612 2533 722 2596 Asiam
730 2534 832 2597 multo
841 2534 940 2620 magis
951 2533 1048 2598 animi
1057 2535 1098 2598 ad
1108 2535 1337 2600 transeundum
1349 2534 1488 2612 accensi3

401 2619 598 2768 bittit
611 2617 886 2785 ffilffi
903 2619 1276 2788 lllliifflffi
1294 2619 1487 2767 mli?

988 2747 989 2752 ¹
1478 2749 1488 2781 2

311 2808 361 2870 ‚eun
403 2785 464 2850 elia
487 2805 599 2848 rursus
613 2805 696 2848 nova
718 2785 802 2848 inter
815 2785 942 2871 regulos
957 2795 1026 2850 orta
1041 2787 1269 2852 seditio¹est¹¹.
1313 2788 1489 2853 Leonorius

241 2859 265 2906 ³¹¹
311 2871 364 2904 ¹⁸¹⁰·
403 2878 497 2948 retro,
521 2869 608 2934 unde
626 2878 763 2950 venerat,
787 2891 860 2933 cum
880 2871 997 2956 majore
1012 2881 1101 2957 parte
1115 2873 1282 2936 hominum
1296 2873 1412 2958 repetit
1425 2873 1491 2956 By-

404 2955 564 3020 zantium:
586 2955 738 3018 Lutarius
763 2955 1005 3036 Macedonibus,
1027 2979 1085 3042 per
1106 2958 1243 3043 speciem
1265 2957 1431 3042 legationis
1451 2957 1490 3019 ab

403 3040 574 3126 Antipatro
597 3039 638 3103 ad
656 3039 884 3125 speculandum
901 3041 1016 3120 missis,
1038 3041 1117 3105 duas
1139 3050 1238 3106 tectas
1259 3063 1354 3105 naves
1374 3049 1408 3105 et
1427 3049 1491 3104 tres

403 3125 525 3190 lembos
546 3123 667 3188 adimit.
688 3123 764 3203 his¹‚
785 3125 863 3188 alios
881 3133 976 3209 atque
1001 3125 1079 3212 alios
1101 3127 1168 3191 dies
1192 3135 1364 3210 noctesque
1389 3135 1492 3188 trans-

404 3209 558 3287 vebendo,
583 3208 668 3271 intra
691 3229 810 3292 paucos
825 3209 892 3272 dies
913 3231 1022 3274 omnes
1037 3211 1144 3296 copias
1158 3211 1290 3276 trn'ecit.
1336 3211 1435 3274 Hand
1449 3210 1493 3272 ita

405 3293 507 3358 multo
521 3299 595 3390 post
609 3293 796 3390 honorius,
818 3293 986 3378 adjuvante
1002 3295 1176 3360 Nicomede
1191 3233 1353 3383 llitbynise
1367 3317 1401 3358 re
1443 3341 1453 3372 ,
1475 3316 1493 3357 a

407 3377 565 3462 Byzantio
586 3376 770 3441 transmisit.
813 3377 942 3442 Cedunt
966 3379 1080 3442 deinde
1102 3380 1136 3443 in
1155 3401 1256 3446 unum
1271 3401 1382 3442 rursus
1430 3379 1494 3457 alli,

407 3469 440 3526 ct
453 3461 567 3526 auxilia
578 3461 745 3524 Nicomedi
755 3461 842 3541 dant,
852 3462 1030 3528 adversus”
1039 3464 1242 3548 zyboeumm,
1251 3473 1374 3548 partem
1382 3471 1494 3527 tenen·

407 3554 473 3610 tem
487 3545 658 3630 Bithynia,
673 3546 794 3629 gerenti
812 3545 942 3610 bellum.
984 3549 1091 3631 Atque
1114 3569 1223 3612 eorum
1244 3548 1380 3612 mamma
1398 3569 1418 3610 o
1460 3569 1495 3610 ra

408 3629 552 3696 devictus
574 3630 710 3715 Zyboeta
733 3638 793 3708 est,
813 3630 946 3716 Bithyni
987 3653 1027 3694 ue
1050 3633 1154 3696 omnis
1175 3632 1209 3696 in
1228 3631 1379 3696 ditionem
1431 3633 1495 3694 ico-

407 3714 508 3780 medis
521 3713 685 3778 concessit.
724 3714 859 3778 Profecti
873 3737 912 3778 ex
927 3716 981 3779 Bit
1004 3716 1079 3813 ynia
1092 3716 1126 3779 in
1140 3717 1250 3782 Asiam
1262 3724 1495 3802 processemut.

408 3819 473 3866 non
492 3799 564 3884 plus
584 3819 622 3862 ex
635 3797 747 3886 viginti
768 3797 909 3862 millibus
927 3801 1104 3880 hommum,
1121 3822 1218 3886 quam
1241 3801 1350 3866 decem
1375 3809 1497 3864 murata

407 3917 671 4032 ...Rettulit
710 3918 1497 4048 fttet.f.t‘’“;¹t¹;t..t.¹l.t⁰¹⁶tentet

408 4041 506 4095 locatos
516 4055 567 4095 orta
579 4049 654 4094 Bell.
719 4041 833 4095 kestdcl.
846 4049 905 4096 Bad.
969 4043 1017 4096 lte
1029 4049 1088 4096 sne
1174 4055 1198 4084 Ε
1217 4051 1328 4112 Zydoen
1340 4051 1413 4097 Gran.
1427 4051 1496 4098 Cres.

407 4112 521 4160 Zttoetcn
530 4113 625 4171 llreyu.
638 4110 716 4157 sela.

278 4205 311 4266 67
326 4208 450 4272 mauu]
468 4211 518 4260 lac.
529 4209 782 4258 numennumen
792 4210 855 4258 Aen·
886 4211 963 4270 Vulgo
974 4209 1061 4270 legitur
1071 4211 1169 4260 dms.-
1186 4212 1265 4258 misns
1276 4213 1404 4272 eleganter.

246 4271 315 4318 ridor.
349 4273 430 4320 Acsris
441 4273 667 4332 estnihil’hrygioe‚
678 4281 854 4332 propterquam
917 4273 950 4321 dd
966 4269 1088 4336 Zyboen]
1108 4275 1149 4320 Vel
1158 4277 1498 4336 potissima-,quemodo

246 4332 318 4380 situm
330 4336 401 4385 luisse
412 4339 488 4389 vicum
506 4339 569 4388 bunc
584 4335 625 4384 ille
642 4335 779 4396 susyicntsr,
792 4345 815 4383 et
825 4339 854 4382 ab
886 4341 1027 4384 membrana
1037 4338 1183 4396 Mogontia·
1191 4339 1287 4394 liabent,
1297 4347 1355 4386 teste
1365 4341 1498 4386 Gronovio:

260 4409 275 4440 ι
286 4412 372 4446 nomen
385 4403 491 4449 traxisse.
885 4401 925 4460 qni
937 4404 1044 4448 observat
1052 4416 1106 4446 eum
1116 4415 1196 4460 regent
1205 4417 1220 4448 s
1229 4404 1356 4450 Memnone
1366 4402 1499 4461 Ζιποέτην,

278 4460 311 4532 AB
327 4465 439 4528 Alandri]
458 4467 520 4514 oum
531 4465 632 4516 Hadri.
666 4462 806 4510 amenus
818 4463 854 4510 Si·
884 4479 899 4510 ι
912 4465 1014 4512 Diodoro
1032 4459 1145 4523 Ζιβύτην
1161 4467 1286 4526 appellari:
1305 4469 1382 4513 ‘mm
1402 4468 1498 4514 secem

244 4530 331 4574 gemus
343 4541 372 4572 er
384 4529 530 4586 elffiietre.
887 4527 1103 4577 scommatum·
1115 4531 1276 4578 amemur&
1287 4533 1424 4592 sodomum
1434 4539 1478 4579 est

278 4583 311 4632 ⁵⁰
327 4589 445 4654 ῡὲνίιαω]
465 4595 521 4644 Bae
530 4601 566 4644 est
576 4592 691 4655 scripture
701 4591 786 4638 codicia
794 4589 853 4638 vict.
