3098 4958
188 313 252 376 418
752 305 844 370 'l'l'l'l
869 305 983 370 LIVII

190 477 324 590 liiii.
351 451 1444 624 iiuuldtibiitlinffieitdittffi

354 625 487 688 Perseus
503 625 524 656 ‘⁹
534 633 660 710 septum
674 623 733 686 iter
747 622 847 686 hostis
861 623 1002 700 credens,
1016 643 1054 685 ex
1126 644 1178 685 ere
1188 623 1348 706 reliquum
1361 633 1444 686 tem·

376 731 414 773 us
429 709 497 772 e'us
511 707 630 772 testatis
644 707 677 770 in
690 707 796 770 snimo
810 707 955 770 habebut.
1000 707 1089 770 Inter
1101 707 1170 770 haec
1184 707 1297 770 consul
1315 729 1335 770 e
1352 708 1445 770 Phila

352 731 1444 974 lirun

353 961 436 1026 inter
450 961 549 1024 Dium
563 961 755 1058 Tempeque,
769 959 804 1022 in
817 981 897 1044 rupe
908 959 994 1022 amni
1008 959 1182 1023 inminente
1195 960 1348 1045 positum.
1409 1045 1417 1058 ·

191 1056 330 1102 uenenum
397 1045 458 1110 lx.
482 1045 645 1130 Popillius,
660 1065 845 1130 pnusquum
868 1051 1005 1108 mmstos
1023 1043 1124 1107 muris
1138 1045 1328 1122 admoveret,
1343 1045 1445 1124 misit,

189 1122 310 1180 ‘'lim‘'
354 1129 410 1228 qui
434 1129 670 1215 magistratibus
693 1128 952 1226 principibusque
978 1127 1155 1225 suaderent,
1183 1128 1278 1192 fldem
1304 1129 1445 1226 clemen-

189 1191 247 1230 tum.
353 1221 429 1278 uum
454 1237 493 1278 ue
517 1213 742 1293 Romanorum,
757 1233 853 1298 quum
874 1235 949 1290 vim,
970 1212 1104 1297 experiri
1128 1211 1285 1311 mellent..
1299 1214 1382 1276 mhu
1406 1235 1446 1312 ea

353 1299 439 1363 cons'
455 1300 484 1362 'a
506 1307 684 1378 moverunt,
699 1299 774 1382 quis
796 1298 886 1382 ignes
910 1297 951 1360 sd
975 1297 1039 1360 Eni
1063 1318 1136 1360 eum
1158 1318 1197 1360 ex
1221 1318 1305 1382 regis
1329 1307 1445 1395 castrus

353 1383 394 1446 sd
453 1383 559 1448 ebant.
601 1385 685 1447 'lium
699 1391 782 1446 terra
795 1381 935 1466 merique
952 1383 996 1462 (et
1082 1381 1125 1444 sis
1139 1381 1272 1466 adpulsu
1286 1381 1327 1446 ab
1349 1383 1445 1446 litore

353 1477 402 1532 stu
443 1471 468 1552 t)
492 1467 587 1531 simul
609 1467 714 1545 ermis,
729 1467 823 1530 simul
849 1467 998 1551 operibus
1019 1465 1247 1549 machinisque,
1261 1466 1445 1565 obpugnsri

352 1553 458 1637 coepti.
501 1551 643 1616 Juvenes
657 1551 751 1614 etiem
775 1551 905 1634 quidum
929 1551 1074 1629 Romani,
1093 1549 1215 1614 ludicro
1240 1550 1374 1615 circense
1400 1554 1443 1616 ud

352 1657 447 1699 usum
470 1635 543 1698 belli
557 1657 658 1713 verso,
673 1643 795 1718 portem
818 1635 1028 1698 humillimum
1051 1635 1135 1698 muri
1157 1645 1320 1733 cepenmt.
1365 1637 1445 1734 idos

351 1727 417 1782 erut
438 1727 519 1796 tum,
549 1720 693 1782 nondum
715 1719 774 1782 huc
799 1719 952 1784 effusione
976 1719 1107 1782 inducte
1129 1719 1268 1784 ”bestris
1295 1741 1445 1785 ommum

350 1803 493 1886 gentium
515 1803 634 1866 circum
661 1803 850 1889 complendi,
871 1804 957 1868 voris
981 1803 1232 1890 spectaculorum
1255 1805 1445 1906 copquirere

349 1909 483 1972 genere:
515 1887 637 1968 “neci,
660 1889 756 1952 semel
771 1889 943 1974 quadrigis,
959 1889 1055 1952 semel
1079 1889 1237 1953 desultore
1257 1911 1367 1969 misso,
1388 1915 1445 1955 vix

350 1972 446 2036 unius
461 1973 547 2037 horae
562 1981 689 2060 tempus
707 1983 879 2058 utrumque
902 1973 1095 2038 curriculum
1118 1974 1307 2059 complebat.
1352 1976 1445 2040 Inter

350 2064 453 2121 cetere
468 2059 614 2142 sexageni
636 2059 733 2123 ferme
752 2059 897 2144 juvenes,
911 2059 1072 2122 interdum
1087 2058 1208 2157 plures,
1220 2059 1241 2092 ‘¹
1253 2059 1444 2158 adparitori-

350 2141 411 2206 bus
435 2143 524 2206 ludie
548 2145 660 2208 armati
683 2143 924 2208 inducebantur.
948 2145 1062 2207 horum
1086 2144 1229 2207 inductio
1243 2144 1330 2208 Ιἰιιῐ
1350 2155 1443 2230 perte

351 2226 552 2292 simulacrum
568 2229 761 2292 documentis
776 2229 932 2292 exercitus
946 2235 1014 2292 eret
1022 2253 1031 2307 3
1053 2249 1092 2292 ex
1105 2237 1195 2313 purte
1209 2228 1443 2313 “elegantioris

350 2313 488 2376 exercitii
496 2325 519 2392 ⁸,
534 2335 630 2430 quem
643 2313 887 2412 militarisurtis,
902 2313 1093 2411 propiorque
1103 2313 1327 2411 gladiatorium
1338 2337 1444 2380 srmo-

350 2417 587 2564 durdioudgudiine
601 2397 832 2560 ⁸dracilimsdiiii:
857 2398 1444 2582 dribiisldispiiddddddlsldtigostllddtilids

349 2561 469 2646 primis,
485 2565 632 2627 secundis
648 2565 917 2647 submissioribus,
932 2567 1034 2632 tertiis
1047 2567 1149 2652 megis
1172 2575 1205 2631 et
1219 2577 1352 2652 querius,
1368 2593 1443 2657 pos-

471 2714 516 2756 ser
527 2706 723 2788 infrementem
735 2714 759 2759 ιἰι
769 2728 832 2760 sesre
845 2714 940 2774 Kreyss.
953 2715 1031 2770 Bekk.
1158 2713 1236 2766 ‘lesse
1244 2719 1310 2766 seu.

374 2771 512 2832 ⁸plurescb
551 2775 835 2833 pantoribssisdiflron.
867 2779 1206 2840 plsreeodporction'tssisdis
1218 2783 1314 2844 Kreyss.
1328 2783 1409 2832 uere.

523 2789 578 2885 oph
589 2837 605 2884 l.
617 2853 645 2886 es
658 2839 734 2886 lielrl.
862 2845 990 2890 teeneitis'
1001 2845 1047 2892 del.
1060 2845 1155 2905 lireyss.
1169 2845 1246 2893 Belle.

185 2956 275 3018 Nempe
287 2957 467 3018 intelligendum
478 2967 513 3006 est
524 2961 621 3022 rupibus
632 2963 656 3009 in
668 2963 719 3024 ipso
729 2964 795 3012 elveo
827 2965 895 3012 Circo
914 2967 1023 3027 ludisque
1042 2967 1198 3024 Circensibus,
1215 2986 1235 3018 c.
1246 2971 1285 3026 6⁰,
1296 2973 1362 3020 bunc
1381 2974 1442 3022 Livii

184 3022 258 3067 enstis
266 3035 358 3068 cursum
369 3023 445 3070 omnis
457 3025 573 3086 impediri.
593 3029 667 3087 Suprs
676 3042 714 3074 ees
726 3043 794 3088 rupes
827 3029 903 3076 locum
915 3031 1049 3090 ellegentes,
1057 3032 1152 3088 hebent,
1160 3034 1222 3081 Nost
1231 3037 1442 3100 rescripseris-igis:

184 3085 281 3131 tordste
292 3099 372 3132 esrum
390 3089 480 3147 objectu
497 3089 681 3149 squelngentes
691 3093 796 3152 gurgites
828 3093 877 3139 sire
894 3107 924 3139 ex
941 3097 1074 3154 coniectore
1092 3095 1235 3156 corrigerent
1251 3099 1337 3156 locum,
1349 3103 1400 3148 sire
1417 3105 1442 3150 in

184 3148 279 3194 iaciunt
314 3149 378 3196 inire
394 3153 488 3198 eusdem
504 3167 574 3212 rupes
585 3155 743 3214 risequerurn
755 3171 796 3216 per
828 3157 876 3204 suls
889 3157 1132 3219 Liriiexemplsribue
1142 3162 1298 3222 sielegerent.
1332 3165 1442 3216 Quirine

183 3225 208 3257 se
228 3211 278 3272 ipse
299 3214 389 3270 proruit
410 3222 505 3271 terrem,
525 3225 550 3262 et
567 3217 659 3264 siecum
677 3221 797 3278 mugisse
829 3221 965 3277 desultores,
987 3223 1055 3270 docet
1076 3224 1125 3284 ipse
1148 3226 1212 3272 eliud
1235 3229 1327 3286 mendo
1352 3229 1442 3286 Livius,

183 3275 343 3333 megiscevst.
825 3283 976 3332 lllech.
992 3287 1031 3334 29.
1063 3287 1171 3336 Numida
1264 3293 1347 3353 quibes
1364 3295 1440 3340 dessi-

216 3338 247 3384 49
264 3338 354 3396 Septuse
366 3337 498 3399 iteriorts's]
519 3339 605 3387 Melius
616 3345 681 3392 boeti.
826 3353 897 3395 torsus
913 3351 937 3395 iss
953 3351 1040 3396 erodere
1056 3353 1118 3397 tisoe
1134 3355 1276 3401 trahentibus
1292 3371 1361 3416 spese
1380 3361 1442 3404 e'etee

215 3401 248 3446 tu
263 3401 349 3446 Bestits
365 3403 460 3448 euulsa
479 3402 593 3464 galium]
623 3407 679 3452 Vult
697 3407 794 3456 Fulvius
825 3415 957 3460 suniam
968 3427 1026 3473 sepe
1041 3429 1141 3475 pugnes
1159 3419 1183 3464 is
1200 3425 1308 3466 nmen
1320 3435 1403 3482 epse·
1413 3438 1441 3468 ee

185 3463 284 3508 Ursinus
295 3467 389 3510 cessim
396 3479 509 3524 emes.
528 3467 605 3514 Potest
614 3477 692 3516 temen
700 3472 794 3532 vulgate
818 3471 882 3534 sesso
898 3479 992 3524 amotis
1010 3480 1160 3528 causeum
1177 3497 1222 3528 sese
1236 3490 1296 3529 eret.
1331 3485 1441 3545 Denique

183 3526 251 3572 lectio
262 3527 365 3582 retineri,
374 3535 400 3572 ut
411 3537 473 3575 recte
484 3539 563 3576 monet
574 3531 688 3594 Dujetius.
706 3537 793 3582 Sensus
825 3537 869 3584 boc
879 3539 961 3585 eodem
973 3539 1023 3586 loco
1035 3541 1166 3589 Gronovius
1178 3546 1281 3605 reposuit
1293 3561 1322 3592 ex
1335 3549 1440 3608 entiquis

183 3597 234 3635 est:
251 3591 331 3636 bestiis
342 3603 371 3636 er
383 3599 432 3637 toto
449 3601 564 3640 terrerum
576 3597 638 3643 Orbe
649 3599 792 3658 conquisitis.
824 3601 893 3648 editis
912 3610 1029 3664 ursaque
1047 3607 1189 3662 mustea,
1205 3623 1278 3667 quum
1297 3613 1441 3659 recentiores

185 3651 246 3698 Note
268 3661 303 3698 est
322 3654 372 3699 bec
392 3655 552 3704 Rornanorum
574 3660 672 3716 insanis,
692 3671 741 3708 tunt
762 3678 792 3710 er
824 3667 935 3712 mendose
954 3667 1056 3714 bebesnt
1071 3675 1188 3732 utrunque
1205 3674 1321 3719 ecculm
1358 3676 1439 3722 Curri-

183 3717 262 3761 multis
271 3716 322 3762 eliis
334 3719 480 3776 testimoniis,
489 3731 576 3770 tumes
588 3724 671 3771 litteris
682 3725 750 3772 Coelii
762 3728 792 3773 ed
823 3729 898 3775 osten
908 3729 946 3776 hic
957 3731 1020 3776 idem
1032 3732 1094 3778 velet
1104 3747 1130 3779 sc
1141 3749 1228 3782 arses.

184 3781 327 3836 Ciceronem,
344 3781 360 3826 l.
372 3781 441 3829 v111.
455 3785 497 3843 Ep.
510 3787 557 3833 Cic.
570 3789 599 3833 sd
612 3789 677 3834 lism.
711 3789 790 3835 'For-
855 3793 887 3838 bi
903 3796 1079 3853 apparitoribus
1105 3795 1166 3858 ledi]
1200 3799 1238 3845 Sic
1263 3799 1388 3858 legebatur
1416 3803 1441 3848 in

184 3851 244 3889 tssse
260 3853 329 3890 erunt
340 3845 424 3904 quibus
435 3847 525 3906 plecest
540 3851 614 3909 megis
626 3854 703 3911 legere
715 3855 792 3900 bestiis
823 3857 940 3902 veteribus
951 3858 1028 3914 editis,
1040 3867 1099 3906 teste
1110 3861 1235 3908 Gronovio.
1270 3863 1360 3922 Nuperi
1373 3867 1441 3924 sdje·

183 3909 398 3967 oneiussgenenser.
824 3927 906 3965 cerunt
917 3923 947 3966 ab
958 3931 1013 3967 ente
1024 3925 1199 3982 apparitoribus.
1229 3926 1331 3972 Multum
1345 3929 1440 3975 blendi-

215 3971 244 4018 lll
263 3972 312 4018 Nee
321 3973 387 4018 mei
397 3971 527 4034 pendrigie]
546 3975 678 4024 Gronovius
689 3980 792 4026 scriben-
825 3991 863 4028 tur
876 3983 963 4029 blureti
983 3987 1130 4045 coniectum:
1148 3991 1261 4036 isterdsss
1269 3991 1350 4050 pieres
1365 4007 1439 4052 oppo-

183 4033 240 4080 dum
251 4035 376 4090 existimet,
387 4043 409 4083 et
426 4039 493 4083 semel
507 4041 641 4100 quadrigis.-
658 4049 685 4088 ut
696 4043 796 4089 voluerit
826 4049 949 4093 ratiorilss
959 4049 1028 4096 ludis.

186 4097 271 4152 Livius,
285 4113 331 4144 non
342 4099 376 4144 its
390 4100 554 4160 multiplicatos
570 4105 695 4160 emolire,
707 4114 733 4152 ut
745 4121 796 4152 revo
858 4109 890 4154 ct
907 4111 936 4155 le
949 4119 1017 4170 porte
1028 4144 1108 4159 .....
1120 4130 1148 4160 ee
1162 4113 1242 4176 perte]
1261 4115 1441 4165 necaremus

183 4173 232 4216 suo,
244 4163 409 4222 qusdrigerum
420 4171 444 4209 et
455 4165 598 4210 desultorum
610 4167 707 4222 missusr
724 4178 795 4228 etque
826 4180 888 4224 sunt.
900 4177 1017 4232 quomodo
1027 4177 1047 4222 si
1058 4177 1182 4224 itersretur
1191 4181 1283 4238 pretist.

182 4224 248 4278 sdeo,
260 4235 285 4269 ut
294 4227 397 4272 muneris
409 4235 499 4286 tempus
511 4229 685 4287 produceretur,
697 4234 793 4292 conqui·
858 4237 890 4282 bl
912 4237 1064 4298 &pasturis
1093 4245 1202 4298 aemes,
1229 4259 1296 4304 quast
1330 4245 1442 4292 uilitaeris

182 4285 362 4335 sitsessererie
379 4293 562 4349 spectaculorum
573 4307 668 4350 genere.
700 4295 792 4342 Grono·
824 4295 895 4359 ortis]
913 4300 1093 4360 Erpungecum
1106 4306 1223 4352 Gronorio
1236 4311 1396 4354 roccmcrtie.

182 4349 257 4396 visne
275 4354 432 4400 emendationi
451 4355 562 4414 preivere
575 4356 686 4404 Onuirius
708 4359 792 4406 Penei·
857 4363 888 4408 bb
907 4365 980 4413 stes
1000 4367 1056 4412 elios
1077 4367 1184 4414 decerem
1205 4371 1329 4417 edidissent
1352 4370 1438 4433 sedes]

182 4413 242 4464 nius.
254 4423 277 4458 et
289 4415 337 4460 lul.
347 4417 424 4462 Cesar
438 4419 600 4477 Bullingerus:
615 4435 714 4480 quorum
725 4423 792 4478 elter,
827 4425 895 4472 Melit
908 4427 1016 4486 Dujulius
1028 4431 1139 4477 decersss.⁸
1152 4441 1175 4476 et
1187 4433 1270 4480 merito
1282 4435 1386 4493 quidem.

182 4475 196 4516 l.
210 4475 227 4518 l.
241 4477 270 4520 de
283 4476 354 4524 Ludis
366 4481 521 4536 Circensibus,
534 4498 552 4527 c.
565 4485 588 4539 9,
606 4486 665 4531 ulter
685 4487 743 4532 libro
763 4489 792 4532 de
