3094 4954
426 289 515 354 LIB.
538 289 738 356 XXXVIII.
767 292 863 358 CAP.
886 295 1018 360 XVIII.
1337 299 1399 364 158

133 443 179 506 ad
192 441 345 527 Alyattos
366 447 470 502 caetra
489 439 604 524 posita.
648 439 698 503 Eo
722 439 810 504 missi
830 441 872 504 ad
893 441 1137 528 Eposognatum
1151 445 1233 510 redi·
1246 459 1276 506 u.
1287 460 1314 508 c.
1325 461 1381 512 ota

132 535 244 605 erunt,
266 524 331 587 “et
347 523 443 608 legati
466 545 541 586 cum
563 523 649 586 illisq
670 525 772 608 reguli
797 535 933 606 orantes,
951 548 992 590 ne
1016 527 1037 560 ⁸⁷
1049 527 1232 614 Tectosagis
1246 530 1275 576 Α·
1287 527 1312 572 ⁰·
1326 528 1380 576 ¹⁸⁹·

133 611 260 674 bellum
275 608 297 642 ‘¹
308 609 439 672 inferret
449 618 469 672 ¹.
500 611 599 690 ι’ριιιιιι
612 610 645 670 in
658 629 725 671 eom
735 616 854 690 perstem
866 613 981 674 durum
994 613 1232 695 Eposognatum,

126 713 423 778 paucorumque,
435 699 471 756 ut
485 692 777 774 imperatosocinnt.
820 695 905 758 Data
917 695 1010 760 venia
1023 697 1142 780 regulo,
1157 698 1232 762 duci

134 781 214 844 inde
228 777 384 842 exercitus
397 797 456 862 per
467 777 595 862 Axylon
613 777 721 860 (quam
734 781 860 861 vocant)
873 787 988 844 terram
1002 791 1136 866 coeptus.
1178 783 1231 846 Ab

135 886 172 928 re
196 883 313 927 nornen
338 861 445 925 habet.
476 883 542 924 non
565 861 645 946 ligni
665 862 761 926 modo
801 863 964 947 uidquam‚
984 865 1040 928 sed
1059 887 1100 928 ne
1123 867 1231 950 spinas

137 949 281 1032 quidem,
296 955 352 1009 aut
365 946 467 1008 ullum
482 944 569 1008 aliud
583 945 769 1010 alimentum
780 885 867 1010 ilenti
914 949 950 1012 ἰ.
994 949 1085 1013 Fimo
1109 949 1231 1015 bubulo

137 1054 198 1119 pro
222 1032 319 1116 lignis
339 1037 488 1094 utuntur.
531 1031 585 1092 Ad
610 1029 791 1110 Cuballum,
890 1033 1032 1117 ograecise
1056 1035 1231 1116 castellum,

137 1125 243 1180 casua
267 1114 458 1179 habentibus
482 1113 635 1178 Romanis
659 1115 831 1200 adparuere
852 1139 926 1180 cum
947 1139 1064 1203 magno
1089 1120 1231 1184 tumultu

137 1201 283 1265 hostiurn
297 1199 429 1284 equites.
464 1219 524 1262 nec
544 1199 716 1262 turbarunt
738 1207 866 1264 tantum
887 1201 1038 1266 stationes
1059 1203 1231 1284 Romanas,

136 1293 270 1371 repente
284 1283 419 1360 invecti3
434 1283 491 1346 sed
504 1283 658 1366 quosdam
673 1283 768 1347 etiam
783 1285 975 1350 occiderunt.
1004 1287 1059 1370 qui
1072 1289 1231 1352 tumultus

138 1391 242 1456 quum
255 1369 289 1432 in
303 1377 405 1432 castra
420 1367 560 1452 perlatus
574 1376 667 1447 esset,
689 1369 809 1432 effusus
823 1378 953 1454 repente
967 1371 1115 1435 omnibus
1129 1373 1231 1457 portIs

137 1455 301 1540 equitatus
326 1454 489 1516 Romame
509 1452 595 1515 fudit
615 1453 798 1552 fugavitque
821 1454 942 1534 Gallos,
957 1463 990 1518 et
1004 1454 1125 1540 aliquot
1149 1456 1231 1541 sugi-

139 1549 231 1603 entes
245 1538 370 1602 occidit.
415 1537 495 1601 Inde
514 1537 636 1616 consul,
650 1546 687 1600 ut
701 1559 757 1621 qm
773 1538 841 1623 jam
855 1539 896 1602 ad
915 1541 1024 1604 hostes
1042 1548 1230 1626 perventum

140 1631 291 1702 cerneret,
304 1622 468 1708 explorato
483 1621 597 1685 deinde
611 1630 644 1685 et
658 1643 732 1685 cum
755 1643 831 1686 cura
850 1633 961 1688 coacto
979 1626 1104 1710 agmine
1145 1647 1232 1690 roce-

139 1709 247 1772 debat.
264 1707 562 1772 et¹continentibus
572 1706 738 1770 itineribus
750 1729 850 1792 quum
861 1710 902 1773 ad
914 1709 1101 1794 Sangarium
1134 1731 1231 1774 umen

138 1793 343 1892 pervenisset,
358 1801 501 1877 pontem,
516 1791 591 1876 quia
601 1791 682 1856 vado
697 1813 856 1876 nusquam
870 1794 1023 1858 transitus
1037 1803 1114 1874 erat,
1129 1795 1230 1859 Iacere

138 1877 290 1942 instituit.
334 1877 397 1941 San
457 1877 517 1954 'us,
538 1897 578 1939 ex
591 1876 717 1940 Adoreo
730 1886 839 1941 monte
853 1879 952 1963 perP
1012 1879 1097 1964 giam
1116 1881 1231 1960 linens,

137 1963 295 2026 misectur
320 1962 361 2024 ad
385 1897 571 2059 Bgilbyniam
596 1961 780 2046 Tymbreti²
802 1963 909 2028 fluvio.
942 1963 976 2027 in
999 1987 1016 2027 e
1043 1965 1144 2050 major
1158 1965 1231 2113 p'am

138 2047 310 2133 geminatis
328 2047 417 2130 aquis
437 2067 496 2131 per
518 2045 704 2130 Bithyniam
727 2047 837 2126 fertur,
859 2057 891 2112 et
914 2047 979 2112 '⁹in
1004 2049 1065 2112 Pro
1109 2049 1157 2113 nti
1179 2071 1231 2113 em

140 2153 213 2194 sese
228 2131 378 2208 effundit3
392 2153 455 2194 non
468 2139 576 2194 tamen
591 2138 656 2194 tam
670 2132 888 2216 magnitudine
899 2135 1072 2197 memorabi
1085 2134 1121 2212 ‘s,
1135 2155 1232 2217 quam

138 2215 232 2300 quod
255 2215 390 2300 piscium
415 2215 531 2279 ndoolis
559 2216 722 2300 ingentem
746 2216 811 2280 vim
839 2217 971 2300 praebet.
1013 2218 1099 2279 'Itan
1171 2217 1231 2282 esis

185 2309 241 2363 nte
263 2299 983 2385 persectoflumen,praeter1ipameuutibus
1006 2300 1092 2364 Galli
1152 2301 1229 2365 atris

182 2405 317 2532 agtpsaefa
338 2383 524 2532 ΙίοειιὶιιιιιιῐεΙ
543 2385 711 2533 obclqrrere
722 2406 804 2533 ἔξω
823 2384 1232 2534 insigpibuqeqqisqvatitqp:

140 2491 208 2534 nan
284 2489 406 2534 ansteo
428 2491 576 2549 carmine,
632 2489 701 2532 eam
772 2491 875 2534 mama
892 2491 976 2534 vrum
1084 2491 1102 2534 e
1132 2491 1183 2535 vsc

141 2555 224 2618 riam
251 2554 333 2633 dare,
354 2554 585 2640 imperiumque
611 2553 680 2639 ejus
708 2555 855 2640 regionis.
899 2555 1051 2641 Accipere
1077 2576 1111 2620 se
1137 2575 1232 2619 omen

141 2661 244 2724 quum
259 2639 386 2703 dixisset
400 2639 523 2718 consul,
538 2653 641 2703 castra
655 2639 717 2703 eoi
741 2661 777 2703 so
791 2641 861 2705 loco
875 2641 993 2726 posuit.
1028 2649 1156 2726 postero
1181 2640 1232 2706 die

139 2725 183 2788 ad
199 2723 355 2788 Gordium
377 2724 532 2809 pervenit.
576 2723 617 2787 Id
640 2725 703 2787 hau
749 2747 902 2811 magnum
947 2725 1054 2790 uidem
1076 2725 1232 2812 oppidum

139 2817 200 2887 est,
223 2809 279 2872 sed
307 2807 421 2907 ”plus
450 2829 547 2907 quam
574 2809 848 2908 mediterraneum,
876 2747 997 2908 celibes
1022 2819 1055 2874 et
1082 2811 1232 2894 frequens

138 2901 546 3063 ΜΝ
578 2979 921 3064 ..
939 2895 1233 3060 emt

140 3061 257 3126 Cilices
279 3063 430 3126 maritimi
448 3025 571 3127 bolant.
605 3026 778 3127 multairum
801 3083 1052 3162 magnarumque
1079 3069 1233 3160 praeterea

138 3149 286 3296 gentium
300 3147 380 3210 fines
393 3147 560 3234 contingit,
573 3169 707 3232 quarum
722 3148 946 3212 commercium
959 3169 993 3211 m
1009 3169 1083 3211 eum
1096 3167 1232 3210 mamma

152 3255 248 3296 ocum
270 3232 375 3296 mutui
399 3253 478 3296 usus
502 3241 693 3298 contraxere.
728 3233 763 3297 id
782 3241 852 3297 tum
874 3233 1035 3297 desertum
1055 3231 1233 3318 fugainco-

139 3317 245 3382 larum
259 3317 425 3402 oppidum,
438 3317 589 3382 refertum
603 3318 687 3382 idem
701 3317 792 3404 eopia
805 3340 911 3383 rerum
930 3317 1084 3398 omnium,
1104 3317 1233 3381 invene·

174 3493 249 3536 tesa
259 3489 308 3534 s'lls's
318 3489 363 3534 del.
377 3489 472 3549 Kreyss.
485 3489 561 3536 llekls.
650 3486 867 3551 'insensatorum
948 3493 988 3538 'et
1000 3489 1045 3536 del.
1058 3489 1131 3536 Gran.
1144 3489 1213 3536 cres.

261 3549 271 3584 ²
284 3553 392 3614 Thy-tri
404 3553 471 3600 End.
504 3554 600 3616 Tyrslrl
612 3553 689 3600 nest.
818 3557 833 3586 ¹¹
844 3555 876 3600 ad
886 3553 1056 3614 Hellespontum
1067 3553 1135 3600 Cres.

174 3716 208 3764 06
224 3717 257 3764 Et
276 3717 348 3778 legati
366 3719 479 3764 cantilla
497 3711 584 3780 reguli]
612 3715 754 3773 Gronovius,
817 3715 850 3762 68
866 3709 978 3776 1ψπε1]
996 3713 1035 3761 Sic
1053 3713 1168 3770 dedimus,
1180 3711 1299 3760 Andresm
1312 3713 1393 3760 secuti.

141 3795 218 3842 quum
229 3781 326 3842 quidam
336 3781 416 3840 scripti
425 3781 558 3841 preferant,
566 3783 637 3842 legati
648 3781 755 3842 compulsi
787 3779 864 3838 Vulgo
875 3776 994 3840 lqsment.

142 3845 266 3906 multer
278 3846 452 3904 vocempslss'
462 3843 577 3892 lecitcsss
588 3845 642 3890 lille.
818 3843 851 3890 89
867 3843 897 3888 In
916 3843 1073 3902 Ρνορσιιίίἆω
1091 3857 1138 3890 sess
1156 3837 1263 3902 effundit]
1294 3840 1345 3887 Into
1368 3840 1393 3886 bs

174 3907 208 3962 ⁶7
227 3905 368 3969 Tectosngs‘s]
387 3909 475 3954 Debuit
483 3909 563 3955 bidus
571 3909 671 3955 seribere
681 3907 753 3954 Tolis-
786 3907 890 3962 Postsss,
903 3907 966 3966 quod
977 3913 1058 3952 monet
1069 3905 1211 3966 SigonIusin
1222 3913 1277 3951 nota
1288 3905 1318 3950 ad
1329 3903 1393 3949 bunc

142 3973 231 4018 ubila
267 3973 302 4018 Ita
320 3973 383 4018 enim
401 3972 472 4018 bsbet
484 3972 603 4033 Polybius,
620 3971 683 4017 unde
701 3969 753 4016 hec
783 3971 870 4028 locum,
889 3978 913 4016 et
932 3969 1056 4026 cellanus,
1075 3969 1186 4031 dnthuss
1204 3969 1290 4027 (lenge.
1310 3967 1324 4012 l.
1344 3965 1391 4012 III.

142 4035 269 4096 desumpta
279 4043 342 4082 sunt.
376 4036 439 4082 Eum
451 4037 497 4082 vid.
512 4037 567 4095 Lag.
581 4033 619 4082 33.
654 4034 686 4080 m
697 4047 752 4080 vero
784 4047 804 4082 t.
816 4033 839 4081 8.

141 4099 215 4156 legati
229 4099 383 4159 Epossognsri
395 4097 656 4160 inlrsboelpsocspite
668 4097 751 4144 nunci-
816 4097 847 4152 70
864 4093 1010 4159 'Plusquoss
1025 4091 1225 4156 maumam]
1250 4094 1305 4141 l’lus
1322 4105 1392 4151 quern

143 4171 185 4208 snt
203 4175 243 4210 eos
258 4165 289 4209 sd
309 4177 368 4223 quos
384 4163 502 4223 proiectus
525 4170 576 4210 erat
591 4163 631 4209 ille
650 4162 753 4220 regulus,
785 4162 845 4208 solet
861 4161 1005 4221 frequentari
1030 4161 1160 4222 emporium
1178 4157 1262 4206 mediis
1279 4156 1303 4202 ln
1324 4156 1392 4202 terris

145 4227 266 4288 Oly-psas
275 4233 369 4274 mess
377 4234 462 4288 putere.
480 4227 666 4274 Oroandenslusn
674 4233 754 4272 autem
786 4226 855 4285 longe
866 4240 880 4272 a
892 4225 951 4271 mari
962 4225 1040 4272 situm.

142 4289 216 4349 legati
232 4303 313 4350 cssq.
326 4303 424 4338 nsrrans
443 4292 625 4338 Tols'stotos'orsss
640 4292 753 4336 civitaten
816 4289 846 4344 71
864 4291 904 4337 Ad
922 4283 1103 4350 Hellespontum]
1131 4287 1169 4332 Sic
1190 4285 1276 4330 habere
1302 4289 1392 4329 veteres

145 4355 264 4416 Oly-ps·
281 4361 376 4401 noem
392 4357 491 4416 cepisse:
508 4357 607 4402 ds'om
621 4354 753 4414 Tectosagos
784 4367 866 4400 ornnes
877 4353 976 4400 affirmat
988 4351 1129 4399 Gronovius.
1163 4345 1344 4407 intelligendum
1357 4353 1393 4392 est

141 4418 214 4464 slis·
229 4427 333 4474 marn,
350 4421 390 4480 qut
410 4420 513 4482 Magaba
536 4419 752 4478 dirumpendum.
784 4432 849 4464 msre
867 4418 897 4463 sd
917 4416 1110 4476 Hellespontum:
1128 4413 1162 4458 its
1180 4419 1208 4457 ut
1226 4409 1392 4472 Hellespontus

143 4481 202 4530 line
213 4483 262 4530 sere
275 4483 412 4532 Perizonius
425 4483 550 4532 Animsds.
564 4483 623 4530 llist
633 4495 652 4528 e.
665 4483 688 4530 ll.
785 4489 891 4530 sumatur
899 4493 942 4540 pro
953 4477 1057 4538 regium,
1069 4489 1116 4523 non
1127 4490 1170 4536 pro
1181 4475 1248 4524 marl.
