3118 5002
818 329 909 394 TlTi
937 327 1052 392 lell

250 597 256 610 .
289 597 295 608 ·
340 595 361 609 a·
390 587 422 626 m
1108 604 1116 621 ,

424 586 527 712 lilVl.
550 647 715 725 huenen,
730 583 831 730 qiium
874 645 939 707 revi
964 643 1132 707 circumitu
1152 643 1296 707 maoeriae
1315 643 1481 708 decurrere

391 733 432 796 ad
443 731 675 795 conficiendum
689 731 831 794 saucium
846 737 987 816 possent,
999 727 1087 791 velut
1100 727 1240 813 perfecta
1254 749 1298 806 re,
1311 729 1344 792 in
1362 729 1481 813 jugum

393 817 544 880 Parnasil
572 817 756 900 refugerunt
785 837 822 878 eo
851 835 958 891 ernau,
985 821 1032 890 ut,
1060 833 1161 896 quum
1189 833 1275 876 unus
1300 835 1366 876 non
1390 814 1482 876 facile

392 901 554 984 sequendo
568 923 625 986 per
638 900 722 963 invia
738 909 832 982 atque
855 899 953 962 ardua
972 907 1148 960 moraretur
1168 897 1277 996 fugam
1296 919 1419 976 eorum,
1442 921 1482 961 ne

393 995 596 1069 'comprenso
607 985 759 1048 indicium
775 991 944 1062 emanaret,
959 981 1131 1044 occiderint
1143 991 1301 1046 comitem.
1343 983 1398 1046 Ad
1413 1005 1482 1046 cor-

393 1091 454 1154 pus
470 1070 552 1153 regis
566 1069 669 1154 primo
684 1069 786 1146 amici,
801 1067 914 1132 deinde
929 1065 1079 1130 satellites
1093 1087 1130 1128 ac
1144 1065 1226 1130 servi
1240 1078 1483 1145 concurrerunt,

394 1155 540 1217 tollentes
556 1155 696 1238 sopitum
711 1153 839 1216 vulnere
855 1173 890 1214 ac
904 1151 983 1214 nihil
997 1151 1194 1214 sentientem.
1237 1151 1351 1214 Vivere
1372 1161 1483 1214 tamen

244 1239 259 1268 ¹¹
270 1237 311 1267 Μ’
394 1261 432 1302 ex
447 1239 548 1302 calore
563 1247 596 1302 et
610 1238 723 1324 spiritu
738 1244 918 1300 remanente
928 1235 962 1298 in
976 1235 1158 1320 praecordiis
1171 1245 1357 1312 senserunt3
1378 1237 1484 1299 vietu-

393 1345 464 1387 rum
479 1323 593 1408 exigua
605 1345 641 1386 ac
656 1345 755 1408 prope
771 1321 858 1384 nulla
872 1341 945 1405 spes
959 1329 1035 1383 erat.
1074 1319 1212 1385 Quidam
1227 1341 1266 1383 ex
1281 1321 1483 1398 satellitibus,

394 1409 494 1472 secuti
517 1409 675 1471 latronum
704 1407 845 1490 vestigia,
874 1427 975 1490 quum
1003 1425 1105 1488 usque
1134 1404 1175 1467 ad
1196 1403 1211 1488 j
1280 1427 1314 1468 m
1340 1405 1484 1482 Parnasi,

394 1493 608 1576 nequidquam
624 1491 755 1575 fatigati,
770 1491 997 1574 pervenissent,
1012 1511 1045 1552 re
1063 1489 1178 1552 infecta
1256 1489 1369 1552 'erunt
1417 1492 1484 1553 Ad-

393 1577 493 1661 gressi
509 1577 630 1639 facinus
646 1575 848 1652 Macedones,
865 1583 900 1637 ut
914 1573 1103 1652 inconsulte,
1114 1574 1159 1636 ita
1169 1574 1326 1652 audacter,
1338 1585 1483 1658 coeptum

393 1683 451 1723 nec
463 1659 606 1723 consulte
620 1668 652 1722 et
662 1659 772 1721 timide
783 1659 988 1742 reliquerunt.
1032 1658 1221 1757 Compotem
1231 1658 1298 1742 jam
1313 1659 1363 1720 sui
1374 1681 1485 1744 regem

393 1744 484 1807 amici
530 1751 634 1806 ostero
657 1743 707 1806 die
731 1743 876 1806 deferunt
899 1743 940 1806 ad
963 1765 1095 1807 navem:
1117 1743 1191 1806 rnde
1206 1742 1422 1807 Corinthum:
1446 1747 1484 1806 ad

394 1765 559 1904 Corintlio,
573 1849 631 1926 per
646 1828 762 1890 isthmi
771 1827 887 1912 jugum
903 1828 1037 1892 navibus
1052 1828 1216 1906 maductis,
1228 1828 1378 1912 AEginam
1395 1830 1484 1913 traji-

393 1912 491 1974 ciunt.
537 1912 587 1976 lbr
603 1913 681 1975 adeo
695 1921 814 1975 secreta
828 1911 897 1997 ejus
910 1913 1031 1975 curatio
1045 1913 1116 1990 fuit,
1128 1913 1369 1976 admittentibus
1379 1915 1483 1978 nemi·

393 2019 477 2074 nem,
491 2007 528 2060 ut
543 1997 626 2060 fama
640 2006 801 2060 mortuum
821 1997 854 2059 in
868 1997 978 2060 Asiam
1024 1997 1161 2061 efferret.
1203 1997 1331 2061 Attalus
1353 2019 1483 2082 quoque

394 2081 535 2160 celerius,
550 2105 645 2166 quam
661 2081 793 2166 dignum
811 2082 979 2144 concordia
992 2019 1129 2145 tinterna
1143 2091 1219 2160 erat,
1234 2081 1376 2145 credidit.
1409 2105 1483 2146 nam

394 2176 426 2230 et
451 2189 524 2230 cum
548 2189 645 2230 uxore
668 2167 783 2245 fratris,
805 2175 837 2230 et
859 2167 1008 2251 praefecto
1031 2165 1104 2244 arui,
1127 2175 1288 2251 tamquam
1306 2167 1374 2252 jam
1397 2169 1483 2230 haud

394 2253 512 2315 dubius
534 2253 624 2336 regni
645 2253 756 2329 haeres,
771 2259 821 2315 est
841 2251 976 2314 locutus.
1021 2251 1103 2316 Quas
1127 2261 1238 2336 postea
1256 2273 1320 2314 non
1346 2251 1483 2316 fefellere

395 2337 592 2401 Eumenemr
624 2345 666 2414 et,
691 2357 883 2420 quamquam
907 2335 1103 2399 dissimulare
1130 2345 1163 2398 et
1189 2336 1284 2400 tacite
1310 2335 1431 2400 habere
1453 2337 1484 2400 id

393 2423 522 2505 patique
539 2429 701 2497 statuerat,
716 2429 823 2484 tamen
845 2421 877 2483 in
899 2421 1002 2504 primo
1016 2441 1186 2504 congressu
1202 2442 1266 2484 non
1281 2423 1484 2505 temperavit,

394 2505 471 2588 quin
496 2505 603 2568 uxoris
627 2505 772 2588 petendae
793 2515 1017 2589 praematuram
1039 2505 1272 2570 festinationem
1290 2505 1379 2568 fratri
1405 2507 1484 2591 obji-

394 2597 487 2650 ceret.
532 2591 666 2650 Romam
682 2609 808 2671 quoque
822 2589 906 2652 sama
921 2591 959 2652 de
975 2599 1076 2652 morte
1091 2589 1246 2653 Eumenis
1257 2590 1378 2674 perlata
1388 2600 1451 2654 est.

437 2672 548 2735 XVll.
573 2671 641 2735 Sub
652 2672 735 2734 idem
745 2681 872 2757 tempus
883 2673 920 2736 C.
930 2674 1075 2737 Valerius
1088 2695 1127 2737 ex
1142 2675 1277 2752 Graecia,
1288 2675 1344 2758 qui
1359 2674 1483 2758 legatus

393 2755 433 2818 ad
448 2755 614 2818 visendum
631 2763 749 2819 statum
764 2757 901 2840 regionis
917 2758 985 2842 ejus
998 2759 1251 2844 speculandaque
1261 2758 1392 2823 consilia
1411 2761 1483 2822 Per-

230 2861 306 2908 rnaex
394 2840 439 2903 sei
453 2841 537 2925 regis
552 2841 668 2904 missus
683 2849 760 2919 erat,
774 2842 887 2921 rediit;
902 2845 1170 2928 congruentiaque
1180 2843 1287 2907 omnia
1296 2844 1484 2908 criminibus

229 2925 323 2972 ΝΜ
394 2925 434 2988 ab
450 2927 594 2990 Eumene
611 2926 723 2990 adlatis
737 2927 899 2990 referebat.
921 2928 1059 2992 simulet
1073 2929 1246 2992 adduxerat
1261 2950 1369 2992 secum
1381 2929 1483 2992 Praxo

229 2991 360 3100 ffi'sszffun
394 3033 413 3074 a
442 3011 587 3096 Delphis,
617 3012 708 3096 cujus
735 3013 848 3075 domus
875 3013 1109 3098 receptaculum
1131 3013 1290 3077 latronum
1314 3013 1430 3092 fuerat,
1454 3022 1484 3075 et

395 3097 434 3160 L.
463 3097 646 3160 Rammium
676 3097 916 3176 Brundisinum,
946 3098 999 3196 qui
1025 3098 1097 3162 talis
1126 3098 1235 3162 indicii
1261 3097 1383 3162 delator
1407 3107 1482 3160 emt.

231 3195 329 3270 Perseus
340 3209 382 3255 per
396 3181 546 3265 Princeps
563 3181 725 3244 Brundisii
742 3183 906 3246 Rammius
921 3183 1001 3262 furt;
1022 3183 1160 3267 hospitio
1182 3204 1308 3266 quoque
1330 3191 1363 3246 el
1386 3183 1483 3246 duces

231 3259 343 3366 '2¹:⁵2⁰'ss
396 3265 556 3326 Romanos
572 3287 693 3341 omnes,
707 3273 740 3327 et
760 3265 879 3349 legatos
893 3275 1070 3330 exterarum
1084 3289 1210 3351 quoque
1225 3267 1370 3351 gentium
1385 3266 1483 3350 insig-

230 3336 361 3430 inflatura·
395 3369 461 3422 nes,
477 3348 635 3432 praecipue
650 3349 763 3430 regios,
777 3351 958 3436 accipiebat.
988 3373 1027 3414 ex
1042 3373 1079 3415 eo
1094 3352 1207 3415 notitia
1222 3353 1249 3415 ei
1264 3373 1338 3414 cum
1352 3351 1482 3414 absente

231 3447 299 3493 nom.
396 3432 509 3494 Perseo
524 3431 645 3495 fuerat:
669 3433 830 3516 literisque
854 3457 942 3520 spem
963 3437 1108 3500 amicitiae
1123 3436 1280 3500 interioris
1294 3457 1482 3520 magnasque

395 3515 468 3578 inde
489 3517 625 3580 fortunae
647 3517 845 3597 facientibus,
859 3521 899 3583 ad
917 3541 1023 3605 regem
1072 3522 1220 3600 rofectus,
1234 3521 1322 3584 brevi
1335 3521 1482 3605 perfami-

395 3599 479 3662 liaris
495 3601 612 3680 haberi,
624 3603 779 3686 trahique,
793 3605 894 3688 magis
906 3627 999 3688 quam
1012 3543 1117 3684 vellet,
1129 3605 1163 3668 in
1178 3625 1309 3669 arcanos
1321 3625 1482 3668 sermones

394 3693 443 3747 est
458 3695 592 3770 coeptus.
623 3687 789 3751 Promissis
803 3687 887 3751 enim
902 3689 1085 3774 ingentibus
1095 3690 1234 3775 praemiis
1247 3697 1352 3774 petere
1367 3689 1483 3752 institit

394 3769 434 3830 ab
450 3791 486 3831 eo
502 3791 566 3848 rex,
585 3773 732 3844 Quoniam
747 3773 838 3835 duces
852 3793 952 3837 omnes
967 3777 1115 3857 teporque
1130 3777 1260 3838 Borcani
1275 3776 1404 3856 baffio
1420 3775 1483 3854 ejus

392 3855 439 3914 ati
454 3855 637 3932 adsuessent,
652 3857 758 3936 quibas
771 3877 873 3920 eoram
883 3862 947 3940 ipse
959 3861 1138 3942 scripsisset,
1147 3866 1181 3922 at
1194 3879 1336 3922 uenenum
1350 3859 1482 3921 dandam

394 3945 525 4000 curaret.
556 3940 639 4020 cujus
652 3943 731 4004 scire
744 3962 776 4003 se
791 3945 1043 4023 comparationum
1052 3945 1221 4025 plurimam
1242 3944 1433 4027 diffluebatis
1454 3947 1483 4003 et

386 4023 519 4104 per-indi
544 4023 663 4101 holme,
679 4026 818 4104 pluribus
840 4029 967 4090 camelis
992 4031 1174 4110 comparari.
1204 4035 1310 4092 erema
1329 4034 1483 4108 prorem

393 4108 507 4170 incerto
533 4127 605 4186 esse,
631 4107 696 4172 “ue
722 4115 775 4173 aut
796 4113 873 4174 satis
896 4113 1030 4196 efficacia
1051 4113 1175 4178 adrem
1193 4113 1413 4196 peragendam,
1429 4116 1482 4173 nat

438 4260 573 4312 bamam
585 4264 658 4312 (lma.
672 4267 741 4312 Crer.
869 4269 946 4316 sada
959 4285 986 4317 es
999 4270 1095 4331 limyra.
1108 4271 1186 4318 Belrk.
1315 4265 1372 4318 “ab
1385 4271 1450 4318 Ecd.

229 4411 325 4471 quidem
347 4412 477 4470 explicare:
505 4412 585 4457 multis
613 4426 683 4471 super
706 4413 836 4460 Eumenem
870 4415 973 4461 dsrimur
986 4418 1021 4462 rel
1030 4419 1133 4477 proclia.
1146 4418 1182 4464 rel
1193 4419 1217 4464 ln
1228 4419 1319 4466 declive.

230 4477 363 4534 prolapsum
377 4479 427 4534 jam
447 4479 562 4534 congestis
579 4477 603 4522 in
620 4477 709 4522 declive
726 4477 788 4522 saris
808 4491 837 4524 er
901 4479 933 4525 66
954 4481 985 4526 Ut
995 4488 1035 4527 aar
1046 4483 1103 4528 satta
1112 4483 1212 4540 efflanda
1223 4485 1255 4529 ad
1263 4497 1310 4529 ren
1320 4483 1480 4544 mudum.

229 4539 311 4584 semita
323 4539 426 4598 proclivi.
460 4541 549 4586 Tamen
564 4540 602 4587 hie
619 4541 750 4588 mduudue
762 4541 837 4588 cradi·
870 4550 911 4590 eat
926 4549 977 4591 tata
993 4547 1025 4594 ad
1040 4559 1087 4593 mr
1097 4545 1213 4594 amn
1223 4543 1318 4606 mear]
1338 4545 1433 4606 ingrata
1445 4553 1480 4589 est
