3118 5002
467 323 556 389 LlB.
579 323 671 388 XLI.
703 324 800 391 CAP.
823 327 863 390 V.
1295 341 1357 405 301

93 475 237 541 militum
254 472 416 537 alacritate
435 471 614 536 adhortatio
629 471 739 536 audita
752 481 811 537 est.
855 474 977 540 Ferunt
990 475 1079 541 citati
1092 479 1193 566 signa,
1206 501 1236 550 u,
1248 503 1276 551 r„
1286 503 1342 560 ⁶7⁴.

93 581 157 624 nec
172 558 340 644 signiferos
355 555 468 620 armati
488 564 671 620 morantur:
694 557 816 642 priores
831 565 937 622 tamen
952 561 1065 625 consul
1078 565 1193 649 copiae-
1205 566 1235 614 Δ
1247 567 1275 616 0·
1288 567 1342 622 17&

93 667 171 728 que,
193 665 266 728 quac
288 664 307 706 a
331 641 411 704 mari
432 639 676 720 reducebantur,
698 640 739 704 od
758 641 877 706 vallum
898 653 1108 711 accesserunt.
1152 649 1192 714 L.

92 729 203 806 Atius,
213 727 364 790 tribunus
378 725 501 810 primus
513 725 661 788 secundae
674 725 817 809 legionis,
827 748 892 790 non
902 729 1089 794 hortabatur
1096 733 1192 797 modo

92 813 224 891 milites,
240 811 296 874 sed
311 809 445 874 docebat
458 808 564 887 etiam,
580 810 616 872 Si
628 811 758 872 victores
770 811 857 889 latri,
872 813 978 892 quibam
992 817 1087 877 omnis
1098 819 1192 896 cepia-

92 904 164 960 eent
188 903 302 973 costra,
320 895 428 957 ι’ἰιιίεηι
447 899 538 974 copto
558 894 742 956 retinerem
762 895 862 958 ammo
884 897 1038 975 bubernet,
1055 901 1191 979 primum

93 987 221 1044 amum
242 981 355 1044 cestria
379 980 494 1041 bostem
513 978 557 1040 ad
568 997 654 1040 more
661 984 876 1059 percarum
881 979 991 1060 sitisse,
1007 983 1115 1046 deinde
1125 990 1190 1047 atu-

95 1068 195 1128 ta'oaea
213 1071 294 1128 certe
311 1083 372 1145 pro
389 1064 470 1126 oollo
489 1061 656 1125 babituros.
690 1063 760 1125 vino
778 1083 938 1146 somnoque
951 1067 1113 1130 assimile
1126 1089 1190 1132 ease

94 1168 375 1297 mello'badbrliaec
389 1231 430 1295 A.
446 1231 667 1295 Baeculonium
681 1229 866 1316 signiferum
882 1253 987 1312 auum,
1000 1242 1086 1299 notae
1099 1235 1188 1300 forti-

93 1317 216 1382 tudinis
228 1317 344 1394 vium,
357 1315 472 1378 inferre
487 1316 615 1400 signum
624 1315 732 1400 jussit.
767 1317 788 1349 ¹·
799 1317 868 1395 Ille,
883 1317 910 1380 si
921 1339 1022 1382 unum
1032 1339 1065 1382 se
1077 1341 1188 1404 aeque-

93 1411 216 1480 rentur,
244 1421 309 1486 quo
336 1400 468 1464 celerius
497 1401 596 1479 lieret,
623 1400 808 1463 lucturumh
834 1401 932 1465 dixitr
963 1403 1187 1488 cominusque,

93 1507 197 1570 quum
211 1493 299 1548 trans
308 1483 425 1548 vallum
440 1483 567 1568 signum
581 1483 765 1562 tra'ccisset,
776 1485 899 1570 primus
909 1486 1052 1550 omnium
1061 1497 1186 1572 portam

91 1569 236 1634 intravit.
279 1569 324 1632 Et
337 1576 425 1654 parte
440 1569 501 1632 alla
521 1569 559 1632 Τ.
574 1576 608 1632 et
622 1505 660 1632 dl.
675 1568 764 1648 AElll,
783 1569 905 1634 tribuni
923 1570 1061 1634 militum
1084 1573 1186 1637 tertlae
1198 1584 1348 1646 ltacuperant

91 1653 239 1740 legionis,
264 1674 337 1717 cum
357 1653 502 1737 equitatu
526 1653 708 1716 adveniunt.
744 1653 923 1734 confestim,
943 1663 977 1719 et
1016 1677 1075 1720 uos
1091 1656 1185 1722 binos
1197 1657 1278 1696 ΨΜ

91 1737 236 1803 oneraria
258 1738 291 1802 in
318 1737 460 1801 ‘umento
477 1738 695 1822 inposuerant,
718 1739 829 1816 secuti,
849 1747 882 1802 et
902 1759 979 1803 cons
1028 1761 1103 1804 cum
1116 1749 1184 1806 toto

91 1824 229 1908 agmine.
250 1824 296 1886 At
311 1760 469 1886 istrorum
483 1821 588 1906 pauci,
603 1821 659 1906 qui
668 1822 792 1886 modice
802 1823 904 1887 vinosi
915 1833 1014 1903 erant,
1029 1847 1184 1891 memores

91 1908 259 1971 sueruntf
334 1933 343 1986 ς
366 1905 436 1969 eliis
459 1927 571 1970 somno
593 1927 680 1970 mors
704 1907 888 1972 continuata
910 1917 976 1973 esta
998 1910 1183 1996 integraque

91 2013 150 2056 sua
162 1993 269 2056 omnia
334 1990 431 2069 mani,
476 1999 666 2074 raeterquam
678 1991 766 2075 quod
779 1992 846 2056 vini
860 1991 984 2076 cibique
999 1994 1183 2059 absumtum

91 2085 169 2156 erat,
183 2085 381 2161 receperunt.
425 2013 518 2160 rldgri
565 2096 670 2159 uoque
690 2075 818 2154 milites,
839 2076 895 2160 qui
908 2077 943 2140 in
957 2078 1068 2142 csstris
1082 2079 1183 2144 relicti

89 2161 228 2239 fuerant,
238 2167 410 2258 postquam
423 2160 507 2223 intra
520 2097 639 2224 vdlum
654 2180 729 2224 suos
745 2168 923 2239 senserunt,
934 2161 1029 2225 armis
1040 2164 1183 2248 arreptis,

89 2245 213 2309 caedem
236 2253 396 2342 mgentem
418 2245 570 2308 fecerunt.
612 2244 698 2308 Ante
718 2265 829 2308 omnes
852 2244 1027 2343 insigniso
1068 2267 1104 2309 ra
1121 2248 1183 2310 suit

90 2330 129 2394 C.
153 2329 296 2415 Popillir¹
318 2328 441 2414 equitis.
478 2328 604 2393 Sabello
618 2349 794 2412 cognomen
809 2337 886 2393 erat.
920 2350 959 2408 rs,
981 2349 1022 2414 pe
1076 2331 1182 2394 saucio

88 2415 229 2494 relictus,
253 2414 348 2500 longe
373 2413 551 2498 plurimosl
578 2412 719 2476 bostium
744 2412 869 2477 occidit.
912 2413 965 2476 Ad
989 2421 1060 2478 octo
1084 2414 1183 2479 millia

90 2499 248 2562 latronum
264 2507 339 2562 sunt
353 2519 446 2576 caesa,
459 2519 496 2562 oa
518 2506 572 2560 tus
582 2518 685 2570 nemo,
702 2496 777 2581 quia
790 2497 837 2560 ira
850 2505 882 2562 et
896 2497 1071 2584 indignatio
1081 2498 1181 2562 inme-

87 2603 196 2647 mores
219 2583 335 2668 praedee
364 2583 448 2646 fecit.
540 2604 562 2645 x
588 2590 696 2646 tamen
727 2583 893 2662 latrorum,
922 2583 1116 2648 temulentus
1141 2607 1181 2648 ex

88 2667 246 2746 convivio,
264 2667 378 2752 raptim
390 2689 410 2730 a
422 2666 489 2730 suis
504 2667 538 2730 in
552 2687 671 2751 equum
690 2666 723 2730 in
748 2667 860 2747 ositus,
879 2668 972 2754 fugit.
1015 2669 1067 2732 Ex
1080 2669 1180 2734 victo-

87 2751 178 2816 ribus
206 2752 334 2816 ducenti
362 2751 494 2837 triginta
523 2759 645 2836 septem
674 2689 790 2816 midles
818 2753 990 2838 perierunt,
1015 2753 1124 2840 plures
1145 2754 1179 2819 in

5 2903 8 2916 ,
86 2837 246 2902 matutina
260 2837 345 2921 firgo,
360 2857 457 2920 quam
470 2836 504 2900 in
519 2835 708 2921 recipiendis
723 2837 845 2901 castris.

129 2921 170 2985 V.
194 2922 289 2986 Forte
307 2923 353 2985 ita
371 2920 485 3000 evenit,
504 2929 542 2984 ut
560 2921 621 2984 Cn.
637 2929 670 2984 et
692 2921 731 2985 L.
751 2921 889 3000 Gavillii,
911 2923 932 2956 ¹¹
942 2922 1057 2986 novelli
1077 2922 1178 3006 Aqui-

85 3005 231 3085 leienses,
245 3027 319 3070 cum
333 3013 512 3070 commeatu
520 3005 692 3084 venientes,
707 3006 808 3090 ignari
817 3027 917 3090 prope
927 3005 961 3069 in
972 3014 1065 3090 capta
1075 3015 1178 3070 castra

85 3091 127 3154 ab
145 3091 237 3154 latris
249 3091 434 3154 inciderent.
458 3090 496 3169 Ii,
509 3112 609 3174 quum
618 3089 807 3175 Aquileiam,
817 3089 934 3154 relictis
942 3089 976 3153 in
1017 3089 1176 3169 dimentis,
1190 3111 1275 3160 Terror

84 3175 139 3238 res
181 3175 187 3189 '
241 3183 288 3254 nt,
312 3175 419 3239 omnia
440 3183 557 3238 terrore
576 3196 613 3239 ac
631 3175 785 3254 tumultu,
808 3197 873 3238 non
894 3175 947 3258 Aq
972 3174 1050 3238 'eiae
1070 3173 1176 3254 modo,
1189 3175 1278 3224 ⁸⁰²¹·-

85 3259 108 3294 ¹¹
118 3281 152 3323 se
191 3261 302 3324 Romae
317 3281 444 3344 quoque
458 3267 532 3345 post
546 3281 666 3345 paucos
680 3259 757 3339 dies,
771 3259 990 3346 inpleverunt:
1023 3281 1098 3344 quo,
1111 3281 1177 3324 non

83 3365 123 3408 ca
146 3353 180 3408 tc
201 3352 328 3408 tantum
351 3353 454 3408 castra
467 3344 508 3408 ab
522 3345 679 3424 hostibus,
701 3367 760 3408 nec
774 3345 860 3430 suga
873 3365 946 3429 quae
959 3365 1033 3409 vera
1048 3344 1176 3424 ”eraut

83 3367 145 3494 sed
156 3429 297 3514 perditas
310 3449 361 3492 res
377 3429 578 3513 deletumque
597 3429 769 3493 exercitum
792 3451 930 3509 omnem,
954 3429 1095 3494 adlatum
1117 3437 1175 3494 est.

5 3511 7 3518 ’
84 3513 212 3598 ltaque,
228 3517 250 3549 ¹⁸
281 3513 347 3577 uod
359 3513 393 3576 in
408 3513 550 3578 tumultu
564 3513 632 3578 lieri
647 3513 737 3592 solet,
759 3514 899 3578 delectus
919 3521 1008 3578 extra
1022 3513 1175 3594 ordinem,

81 3620 149 3662 non
172 3598 207 3662 in
229 3536 307 3662 urbe
324 3606 460 3677 tantum,
483 3597 539 3662 sed
559 3605 627 3661 tota
646 3597 748 3677 Italia,
770 3597 891 3662 indicti.
935 3599 1019 3662 Duae
1036 3597 1175 3684 legiones

82 3683 202 3747 civium
218 3683 436 3747 Romanorum
450 3682 650 3768 conscriptae,
663 3690 695 3745 et
709 3683 818 3746 decem
832 3681 931 3746 millia
943 3683 1088 3767 peditum
1101 3705 1175 3748 cum

175 3829 315 3896 *jacam
328 3835 394 3880 Cres.
491 3828 679 3896 ¹Popa'la'a'Gron.
692 3833 760 3880 cres.
857 3825 1003 3894 kplautatum
1015 3831 1081 3879 End.

117 3961 148 4010 1⁰
165 3957 696 4022 ltte,alaaamaeaequereatar...jacturaaa
727 3967 782 4006 ante
800 3959 929 4006 biennium
949 3958 1083 4019 Aquileiam
1105 3959 1219 4007 deductis.
1261 3959 1337 4020 Supra

82 4023 156 4088 allata]
175 4026 241 4072 Nibil
260 4025 365 4085 apertius
384 4034 428 4081 eat,
443 4039 514 4085 quam
533 4025 578 4084 lagi
600 4025 693 4079 debere.
726 4024 742 4070 l.
755 4022 806 4070 xl..
818 4038 837 4070 c
849 4021 888 4070 84.

83 4105 131 4136 non
142 4087 271 4150 suetam,
291 4091 410 4150 quomodo
428 4090 529 4150 acrlptua
548 4089 636 4144 babuit,
652 4087 695 4134 aed
760 4087 790 4134 la
807 4089 853 4134 Sed
864 4087 939 4134 llam
951 4101 1037 4149 Μαι
1048 4119 1054 4134 .
1066 4119 1073 4132 .
1086 4119 1092 4132 .
1104 4081 1263 4147 impleverant]
1281 4083 1334 4130 Non

76 4153 206 4216 jactam,
218 4169 271 4213 qun
283 4153 396 4200 Gronovil
409 4153 543 4200 emendatio
554 4160 596 4199 eat.
632 4151 694 4198 chit
727 4151 790 4212 quod
813 4151 913 4197 Romam
934 4151 1031 4212 proiecti
1054 4149 1101 4196 aiut
1123 4149 1148 4195 bl
1169 4148 1273 4203 Gavillii,
1292 4147 1334 4194 aed

82 4217 156 4278 igitur
168 4217 273 4278 signiter,
285 4217 304 4262 ai
316 4217 388 4264 ceteri
399 4231 473 4263 unum
485 4231 510 4262 ae
521 4217 587 4276 aequt
600 4215 694 4272 vellent,
727 4216 790 4274 quod
807 4229 887 4261 rumor
904 4215 933 4261 ab
949 4215 996 4261 illia
1007 4229 1100 4275 aparaua
1112 4212 1222 4272 Aquileia
1234 4211 1334 4257 Romam

82 4297 131 4328 non
150 4283 221 4327 modo
242 4281 364 4326 illaturum
383 4295 416 4336 ae,
428 4281 491 4341 quod
506 4281 642 4342 iubebatur,
653 4279 695 4325 aad
727 4278 792 4325 nrevt
804 4277 993 4338 perlatual'uerit.
1028 4277 1166 4323 Dusarwa

77 4347 199 4406 Jamumm
218 4345 311 4404 riguum
332 4345 357 4390 in
375 4354 458 4401 castra,
473 4359 520 4406 quo
539 4343 637 4390 celerius
655 4357 693 4389 rea
759 4341 788 4388 la
805 4339 893 4402 Errat]
912 4343 1022 4388 Sicrecte
1032 4337 1257 4386 Gronovliedidere.
1283 4335 1333 4384 Alli

80 4419 243 4472 perageretur,
263 4408 367 4454 acceoaia
388 4409 493 4468 periculo
512 4408 655 4468 ignominia,
673 4407 693 4453 al
726 4413 785 4461 erat,
798 4413 857 4452 testa
871 4403 982 4452 llearnio.

79 4474 176 4532 aignum
189 4473 346 4526 amitteretur,
358 4473 480 4518 militibus.
761 4469 790 4517 1⁴
809 4471 873 4520 Quod
884 4471 907 4516 ta
918 4467 1074 4526 tamaltuflm'
1083 4461 1151 4526 solet]
1169 4464 1223 4512 Vid.
1233 4473 1282 4512 not.
1291 4465 1332 4524 32,

116 4535 143 4584 ll
162 4537 254 4584 Nouelli
262 4532 430 4598 Aquileienses]
448 4535 496 4588 cut
505 4541 571 4584 arant
581 4547 595 4583 a
606 4534 693 4583 colonla
725 4535 756 4582 ad
767 4533 783 4582 l.
796 4533 851 4582 vlt.
863 4547 883 4581 c.
894 4533 918 4589 a,
929 4543 1006 4590 supra
