3086 4952
867 311 960 376 'I'ITI
986 309 1101 376 LIVII

300 471 411 518 ,coeo
440 457 577 536 AEtolos,
603 457 849 542 meritorumque
872 457 906 522 iu
929 458 1108 522 universam
1137 455 1295 520 Grociam
1317 455 1356 520 Τ.
1387 455 1452 521 Qui

320 535 346 581 ⁶·
360 533 412 582 ¹⁹²
441 543 684 620 admonuerunt,
693 563 730 606 nc
738 549 848 606 tenere
857 563 924 606 eom
937 545 1093 606 celeritate
1105 543 1200 604 semia
1213 543 1407 604 monitionem
1416 563 1452 604 ev

441 633 519 692 rent.
564 627 583 660 ¹¹
598 629 731 690 Consilia
745 629 847 691 calido
860 634 890 691 et
904 628 1035 690 cadamo
1042 629 1149 708 psisnc
1162 628 1261 706 specie
1275 628 1355 702 teta,
1366 625 1387 656 ¹²
1396 632 1452 688 tro<

442 712 531 788 dno,
545 717 651 774 euentu
661 714 764 774 tristia
773 733 845 775 esee.
870 711 1287 794 norcomannorum
1299 711 1333 772 Τ.
1348 711 1452 782 Οιιὶηοι

442 795 526 858 houd
540 797 654 876 proctd
680 796 750 859 inde
773 797 884 860 adase.
927 799 1010 860 Dum
1036 797 1156 876 intenso
1180 795 1281 858 munic
1303 801 1452 872 mento

437 881 543 960 potius
565 877 585 910 ¹⁸
598 879 636 942 de
656 881 706 958 iis,
728 901 793 962 que
824 881 1056 962 aestimentur,
1071 881 1284 959 disceptarent,
1308 899 1400 960 qrsnm
1423 879 1452 940 A

442 965 655 1046 Europamque
669 965 872 1045 adfinestssm
885 969 1040 1028 emissent
1055 963 1171 1026 ὸεὶὶιιηι.

486 1047 654 1112 XXXIII.
678 1047 856 1112 Multitudo
870 1048 962 1112 avida
975 1047 1113 1112 novandi
1126 1068 1186 1124 res,
1200 1045 1353 1110 Antiochi
1366 1053 1435 1108 toto
1448 1070 1452 1104 ι

444 1138 531 1194 etue
546 1131 758 1196 admittendos
774 1133 902 1216 quidem
917 1132 951 1196 in
971 1131 1141 1196 concilium
1164 1131 1324 1194 Romanos
1349 1129 1452 1193 censet

445 1215 626 1314 principum
639 1217 774 1280 maxime
789 1217 927 1280 seniores
949 1216 1134 1281 auctoritate
1155 1215 1330 1294 obtinuere,
1345 1223 1383 1277 ut
1407 1215 1453 1276 dm

284 1297 365 1374 tegat}
378 1295 425 1342 ¹²⁰·
446 1299 485 1363 tis
499 1300 677 1364 concilium.
722 1301 795 1365 Hoc
810 1301 971 1366 decretum
984 1299 1195 1364 Athenienses
1217 1321 1318 1383 quum
1340 1298 1453 1362 rotulis

282 1373 394 1472 ffiffl„
446 1383 588 1448 eundum
602 1384 636 1448 in
649 1386 803 1450 AEtolism
819 1386 971 1452 Quinctio
985 1385 1090 1448 visum
1105 1391 1163 1448 est.
1188 1385 1256 1448 Aut
1270 1383 1355 1448 enim
1370 1391 1453 1445 motu

283 1495 347 1535 eunt
446 1469 654 1554 aliquidaut
677 1491 787 1534 omncs
809 1469 954 1536 homines
977 1477 1075 1534 testes
1098 1470 1174 1549 fore,
1187 1489 1286 1554 penes
1307 1467 1436 1530 AEtolos

446 1553 573 1638 culpam
586 1575 672 1616 esse:
696 1556 856 1617 Romanoa
877 1553 967 1639 justa
991 1575 1028 1618 nc
1072 1575 1148 1638 rope
1171 1552 1345 1616 neccssaria
1369 1559 1453 1614 sumt

446 1658 542 1702 arma.
586 1639 759 1721 Postquam
772 1646 904 1702 ventum
918 1646 967 1701 est
980 1659 1029 1717 eo,
1077 1637 1216 1702 uinctius
1230 1637 1264 1700 in
1279 1636 1453 1714 concilim(

446 1741 466 1782 a
479 1721 634 1806 principio
649 1722 807 1786 societatis
821 1723 1003 1787 AEtolomm
1018 1743 1092 1786 cum
1115 1721 1277 1799 Romanis,
1292 1729 1325 1784 et
1346 1720 1453 1804 quotie

447 1804 485 1868 iis
499 1805 578 1868 fides
590 1815 677 1870 motu
691 1807 816 1870 foederis
831 1816 924 1886 esset,
938 1807 1094 1892 paneade
1108 1806 1181 1892 jure
1201 1805 1386 1884 civitatium,
1401 1806 1440 1867 de

447 1889 508 1953 bus
522 1890 743 1975 ambigeretur,
758 1891 916 1956 dissensit.
938 1893 975 1956 Si
988 1893 1064 1974 Μ
1076 1898 1178 1955 tomen
1189 1893 1268 1972 aqui
1279 1911 1312 1954 ee
1326 1891 1437 1954 natm
1452 1927 1453 1946 ι

448 1981 614 2054 marmur,
629 1983 741 2057 monto
755 1979 930 2040 moestius
943 1978 1072 2040 Romam
1086 1977 1205 2040 mittere
1217 1977 1404 2058 leodienses
1417 1975 1453 2038 di

448 2063 525 2136 ture,
548 2079 601 2122 sess
622 2081 732 2142 sopore
753 2067 891 2124 eentum
914 2063 1060 2135 mollem
1096 2062 1344 2142 qucsnpopulum
1366 2059 1453 2122 nonu

448 2163 516 2206 curn
529 2145 690 2223 Antiocho,
707 2145 728 2176 ¹⁴
741 2147 861 2209 tondetis
872 2146 999 2225 AEtolis,
1013 2167 1074 2209 non
1097 2147 1163 2208 eine
1183 2151 1266 2208 motu
1288 2165 1397 2226 meyero
1412 2165 1453 2226 qe

448 2229 583 2306 iunoni,
597 2235 627 2292 et
641 2231 780 2310 periris
797 2231 923 2294 Gracia
936 2231 1112 2294 dimicare?
1132 2249 1187 2294 nec
1210 2231 1288 2292 ullos
1305 2231 1396 2310 prius
1419 2231 1453 2290 ch

448 2312 513 2392 ciue
541 2313 612 2376 teat
638 2335 788 2394 somnos,
812 2335 902 2397 qssom
931 2316 983 2397 qui
1007 2315 1176 2378 mennon.
1221 2311 1301 2378 Haec
1320 2312 1453 2396 nequidq

286 2406 410 2454 natiso·
448 2397 536 2460 velut
549 2397 738 2462 vaticinatus
754 2399 928 2463 Romanus.
970 2399 1076 2462 'I'hoas
1092 2397 1205 2462 deinde
1219 2397 1376 2482 ceterique
1390 2397 1452 2460 fact

284 2471 428 2580 ffffium
449 2480 601 2564 ejusdem,
615 2503 689 2545 cum
712 2483 849 2546 adsensu
872 2482 1015 2546 omnium
1040 2482 1150 2562 auditi,
1168 2483 1377 2568 pervicenmt,
1390 2490 1437 2560 ut,

284 2597 420 2644 decernunt
449 2564 545 2627 dilato
560 2565 689 2648 quidem
699 2566 841 2644 concilio,
850 2574 883 2629 et
892 2567 1077 2632 absentibus
1089 2567 1252 2646 Romanis,
1262 2567 1454 2631 decretumfl

448 2669 512 2732 quo
535 2657 743 2712 arcesseretur
756 2650 936 2714 Antiochus
957 2652 998 2714 nd
1019 2651 1213 2716 liberandam
1229 2651 1396 2730 Graecinm,
1412 2652 1454 2714 dis

448 2739 551 2794 tatum
574 2753 613 2796 ue
628 2732 711 2797 iuter
723 2735 850 2800 AEtolos
865 2743 897 2799 et
913 2737 1083 2800 Romanos.
1128 2736 1215 2800 Huic
1235 2745 1301 2800 tam
1323 2737 1454 2822 superbo

448 2824 534 2880 creto
585 2817 665 2880 didit
697 2819 834 2903 ropriam
844 2819 1067 2884 contumeliam
1076 2820 1280 2886 Damocritus
1310 2831 1454 2886 raetoreo:

448 2922 522 2964 uam
537 2923 637 2986 quum
651 2841 812 2988 idipsum
833 2906 994 2969 decretum
1017 2913 1162 2990 posceret
1184 2927 1258 2969 eum
1305 2905 1454 2984 uinctius,

447 2986 566 3050 veritus
577 2987 775 3052 ma'estatem
782 2989 851 3068 viri,
861 2990 948 3053 olissd
959 2992 993 3053 in
1001 2991 1178 3072 presentia,
1193 2991 1275 3072 quod
1285 2993 1383 3074 monis
1395 2993 1454 3054 inst

441 3079 575 3152 proeoert
632 3095 683 3136 am
696 3075 755 3136 eibi
768 3095 842 3153 esse,
856 3073 953 3137 disits
976 3075 1127 3138 decretam
1146 3095 1377 3158 corporeumque
1399 3077 1454 3138 bro

446 3157 551 3233 Italic,
580 3159 691 3220 casteis
717 3178 808 3238 super
829 3161 929 3240 ripam
956 3159 1073 3222 diteris
1091 3159 1212 3240 positis,
1236 3159 1388 3224 dctumm.
1425 3169 1454 3223 tn

446 3237 534 3301 furor
556 3239 609 3302 illo
631 3247 774 3387 {tmpore
795 3251 923 3326 gentem
937 3243 1130 3322 AEtolorum,
1144 3251 1316 3329 tantusque
1329 3245 1454 3328 magistr

446 3342 555 3384 eorum
571 3345 606 3386 ce
630 3345 640 3386 1

447 3491 469 3525 u
489 3406 608 3470 XXXI
642 3455 650 3472 .
674 3408 844 3508 Quinctius
867 3411 1024 3510 legatique
1038 3411 1230 3478 Corinthum
1253 3413 1424 3478 redierunt.
1449 3413 1454 3476 i

478 3497 516 3555 ut
530 3513 664 3576 quseque
679 3493 719 3558 de
731 3495 902 3575 Antrocho,
916 3497 996 3560 mhd
1009 3518 1067 3583 per
1081 3519 1115 3562 se
1130 3497 1192 3583 ipsi
1211 3497 1321 3577 moti¹,
1335 3505 1368 3562 et
1389 3499 1454 3562 sed<

864 3665 879 3694 ¹
890 3663 972 3708 secturi
983 3661 1077 3722 Xreyss.

322 3791 349 3842 II
369 3792 562 3856 Gmsiiincaiids]
575 3797 613 3843 SIc
623 3795 668 3858 legi
678 3797 747 3858 jussit
756 3799 894 3849 Gronovius.
926 3799 1107 3846 subornantibus
1126 3799 1150 3846 in
1172 3807 1306 3854 certsmene
1338 3801 1454 3860 quemodo

287 3871 360 3917 quum
372 3857 435 3918 prius
452 3857 577 3906 haberetur
593 3862 683 3907 cadisin.
717 3863 822 3908 Firmsnt
834 3863 894 3908 benc
926 3863 1016 3910 lanistis
1027 3863 1183 3921 glsdlstcsum
1202 3865 1267 3924 paris
1283 3865 1344 3910 inter
1355 3879 1379 3910 se
1392 3879 1454 3924 comp

284 3921 471 3968 emendationem
486 3937 547 3969 unns
558 3937 571 3968 e
584 3923 651 3970 MSS.
665 3925 769 3980 itemst,
781 3933 805 3972 et
816 3935 895 3972 noster
926 3933 950 3972 et
957 3927 1092 3986 depugnare
1100 3929 1192 3986 Jubent.
1217 3929 1254 3973 SIe
1265 3927 1289 3972 in
1304 3928 1348 3988 Ep.
1358 3929 1454 3974 Antonii

282 3985 342 4032 vin.
376 3985 407 4032 Et
426 3983 475 4043 ipse
496 3985 576 4032 hirtus
597 4001 668 4047 suprs
686 3989 700 4034 1
720 3988 800 4034 XXII.
818 4003 838 4035 c.
855 3990 894 4035 24
927 3990 974 4037 cic.
984 3989 1153 4037 rhitxtttm.
1165 3991 1204 4037 40.
1221 3991 1258 4038 Ne
1269 3993 1454 4038 sideretsss'ascs

280 4051 479 4110 amatumque
493 4064 536 4109 pso
554 4052 643 4112 iuges&
653 4053 718 4098 decis
728 4054 823 4099 consitio
833 4054 890 4098 coii-
923 4055 980 4100 dees
991 4056 1059 4108 netes.
1071 4055 1156 4102 desisto
1166 4055 1426 4110 (timendissimus.

280 4115 352 4160 diors.
957 4116 987 4162 lt
1005 4116 1018 4142 ¹
1030 4117 1066 4163 Ns
1084 4119 1157 4164 ditato
1167 4119 1256 4178 quiden
1267 4120 1360 4166 concilis
1370 4126 1391 4165 et
1404 4121 1454 4164 nise

314 4177 344 4224 ts
360 4179 375 4210 θ
388 4178 497 4226 Tmetsts
516 4173 588 4238 ders]
607 4177 670 4224 Dum
687 4179 891 4234 tractemundum
923 4177 1043 4240 mis]
1062 4181 1098 4226 Ne
1115 4181 1188 4228 dileto
1200 4181 1296 4241 quidem
1304 4182 1409 4238 concilio,
1421 4197 1450 4228 ne

279 4239 310 4286 sd
320 4241 428 4288 etI'ectnm
438 4243 606 4303 perducuntur,
617 4241 720 4288 difficilis
730 4251 754 4288 et
764 4243 869 4288 molests.
924 4244 1019 4303 quidem
1031 4245 1169 4304 interposita
1179 4259 1251 4301 mors,
1260 4245 1334 4292 donec
1343 4247 1447 4292 sbsentm

313 4303 343 4350 1³
359 4307 436 4353 Dcite
451 4321 501 4367 qu
517 4302 697 4366 subigerentur]
717 4305 890 4364 Vistqunhsc
923 4307 1032 4354 Romani.
1060 4308 1239 4362 Sunonensem
1251 4309 1308 4368 ipsis
1321 4309 1454 4366 nummo„

279 4367 309 4412 de
329 4381 353 4412 re
370 4370 506 4416 memorerit
525 4367 612 4422 Livius,
624 4367 639 4415 I.
651 4368 768 4415 XXXIII.
780 4383 846 4429 espp.
858 4369 890 4416 84
922 4378 973 4416 tum
985 4371 1011 4416 fle
1023 4385 1069 4430 quc
1085 4379 1214 4418 ucesmtur
1231 4371 1256 4418 in
1269 4373 1382 4419 Grecism
1395 4372 1454 4418 Anti

278 4437 303 4476 et
314 4431 352 4485 49,
364 4439 387 4476 et
398 4433 413 4477 Ι.
427 4433 538 4480 XXXIV.
549 4446 568 4478 c.
581 4431 618 4478 28.
923 4435 1057 4494 bellumque
1068 4435 1166 4493 proinde
1175 4449 1228 4480 eum
1241 4435 1353 4482 RomsuIs
1361 4445 1452 4482 sumatu

313 4492 341 4539 14
360 4495 460 4544 desistis
474 4492 570 4555 AEtsis's]
589 4496 673 4544 AEsolis
684 4496 890 4553 committentibus,
957 4497 987 4545 16
1008 4497 1038 4544 Ut
1056 4513 1148 4559 μαψ
1166 4499 1195 4546 de
1206 4495 1328 4560 Antiocho]
1347 4499 1420 4546 Iocus
1437 4501 1454 4547 is
