3108 4982
401 297 490 362 LIB.
514 297 589 362 XL.
622 295 719 362 CAP.
741 297 923 365 XXXVII.
1315 309 1379 372 277

113 443 224 509 Latini
237 443 388 524 nominis,
409 444 431 476 ¹³
442 452 583 529 quantus
598 467 723 532 semper
737 469 900 528 numanis,
919 447 1101 534 quindecim
1114 451 1212 516 millia
1224 465 1254 514 υ.
1268 466 1293 515 c.
1303 467 1357 522 572

156 531 262 594 ditum
286 537 319 594 et
341 529 517 614 octingenti
545 531 678 614 equites.
714 554 788 596 cum
811 535 873 597 hoc
901 534 1041 598 exercitu
1065 537 1211 620 Apuanis
1224 532 1293 579 Μ·
1306 532 1357 582 ¹⁰⁰·

114 615 290 762 Migqpibps
304 623 342 678 ut
356 614 477 762 bellant:
493 615 655 714 inferrent,
661 617 856 716 'mand-atum
872 627 929 682 est.
969 619 1166 718 P..qunelio
1178 629 1211 720 ct

113 706 1210 872 n.tit{tiitit1,iiiiii:iiiiitiiiiitiiii}

115 889 214 951 quem
229 869 390 946 haberent,
405 869 556 946 exercitu,
571 878 802 933 reverterentur
816 872 960 935 Romam.
997 873 1048 936 De
1057 873 1106 938 Ti.
1120 875 1210 938 Sem·

115 952 222 1036 pronii
237 953 348 1016 deinde
363 952 502 1016 exercitu
517 961 623 1016 actum
638 963 696 1017 est.
726 976 840 1018 novam
855 956 884 1017 le
908 956 1011 1020 'onem
1026 957 1055 1020 ci
1068 958 1209 1042 quinque

115 1037 250 1099 millium
264 1047 297 1100 et
310 1037 522 1100 ducentorum
540 1038 684 1122 peditum
699 1060 772 1102 cum
788 1040 886 1123 equiti
909 1062 948 1103 us
968 1042 1208 1140 quadringentis

115 1121 261 1184 consules
288 1121 423 1184 scribere
446 1121 529 1205 jussi
541 1148 550 1200 ;
572 1129 605 1184 et
631 1123 717 1185 mille
744 1133 896 1208 practerea
922 1125 1067 1209 peditum
1091 1127 1207 1192 civium

116 1207 344 1282 Romanorum,
358 1205 589 1290 quinquaginta
599 1207 739 1290 equites:
755 1215 787 1270 et
798 1207 891 1270 sociis
901 1230 918 1271 e
929 1209 1056 1273 nomine
1068 1211 1183 1275 Latino
1192 1223 1208 1252 ¹

113 1290 268 1375 imperare
283 1299 406 1374 septem
420 1290 687 1437 millialpeditum,
709 1299 866 1355 trecentos
887 1293 1018 1376 equites.
1053 1315 1127 1357 cum
1145 1297 1207 1360 hoc

113 1375 255 1438 exercitu
269 1375 388 1458 placuit
403 1375 447 1437 ire
462 1375 496 1437 in
548 1374 703 1460 ispaniam
718 1375 894 1440 citeriorem
908 1377 957 1439 Ti.
971 1378 1205 1462 Sempronium.

114 1459 137 1489 ¹¹
149 1459 192 1523 Q„
205 1459 316 1522 Fulvio
326 1459 527 1542 permissum,
542 1467 590 1536 nt,
605 1460 660 1543 qui
673 1460 801 1539 milites,
814 1469 888 1524 ante
904 1461 960 1546 sp.
972 1462 1206 1542 Postumium,

114 1543 158 1608 Q.
175 1543 334 1605 Marcium
357 1543 512 1622 consules,
535 1544 618 1606 cives
642 1545 779 1608 Romani
808 1545 933 1624 sociive,
956 1545 990 1609 in
1017 1547 1206 1631 Hispaniam

112 1627 320 1724 transportati
341 1635 456 1706 essent,
482 1637 515 1692 et
536 1636 697 1712 praeterea,
719 1630 941 1716 supplemento
956 1631 1105 1710 adducto,
1127 1639 1206 1716 quot

110 1733 164 1774 am
189 1711 382 1776 busduabus
391 1712 579 1797 legionibus,
590 1735 686 1796 qnam
697 1713 806 1777 decem
820 1715 971 1795 millia,et
982 1716 1206 1801 quadringenti

111 1734 246 1880 pedites,
271 1797 411 1859 sexcenti
436 1797 558 1881 equites
582 1805 706 1878 essent3
730 1807 762 1862 et
791 1798 910 1862 socidm
936 1800 1043 1863 Latini
1066 1801 1206 1866 nominis

110 1881 278 1944 duodecim
289 1881 414 1960 millia',
429 1881 569 1945 sexcenti
583 1883 716 1966 equites,
731 1905 868 1967 quomm
880 1884 955 1947 sorti
968 1905 1064 1970 opera
1077 1885 1206 1950 dnobus

110 1965 262 2029 adversus
277 1965 454 2030 Celtiberos
468 1966 588 2051 proeliis
603 1989 682 2030 usus
697 1967 738 2033 Q.
751 1968 884 2031 Fulvius
895 1977 988 2046 esset,
1004 1990 1068 2048 eos,
1081 1970 1108 2033 si
1118 1970 1205 2034 vide·

111 2059 209 2128 retur,
225 2072 333 2113 secum
348 2051 386 2114 de
431 2059 537 2115 rtaret.
582 2052 627 2114 Et
642 2052 889 2137 supplicationes
905 2051 1050 2132 decretos,
1072 2055 1159 2137 quod
1176 2055 1204 2118 is

110 2155 263 2218 prospere
276 2156 388 2219 rempu
411 2135 505 2198 licam
519 2135 687 2219 gessisset:
711 2143 744 2198 et
757 2136 852 2199 ceteri
863 2143 1015 2234 praetores
1029 2137 1062 2200 in
1076 2138 1205 2222 provin-

109 2219 177 2281 cias
191 2219 289 2282 missi.
325 2219 366 2284 Q.
380 2220 479 2283 Fabio
495 2220 634 2284 Buteoni
648 2228 853 2304 prorogatum
867 2242 901 2282 m
918 2219 1022 2283 Gallia
1036 2220 1205 2305 imperinm

109 2312 170 2366 est.
215 2304 300 2366 Octo
315 2303 463 2388 legiones,
478 2313 595 2390 praeter
614 2303 788 2368 exercitum
802 2313 950 2382 veterem,
971 2304 1027 2388 qui
1049 2303 1083 2366 in
1105 2304 1206 2388 Lign-

109 2389 200 2450 ribus
222 2388 263 2486 in·
279 2409 335 2473 spe
359 2389 539 2474 propinqua
560 2388 720 2452 missionis
745 2397 821 2467 erat,
842 2409 879 2452 eo
894 2409 978 2451 anno
994 2409 1062 2451 esse
1075 2388 1204 2473 placuit.

109 2481 143 2535 et
168 2471 231 2570 '‘is
255 2495 322 2556 :pse
348 2473 503 2572 citercitus
527 2495 609 2558 aegre
630 2472 815 2557 explebatur
836 2481 967 2558 propter
981 2472 1205 2572 pestilentiam,
1218 2469 1329 2581 {min

109 2578 187 2640 quae
210 2577 277 2640 Jam
304 2565 434 2621 tertium
461 2579 582 2622 annum
609 2558 722 2622 urbem
748 2559 926 2622 Romanam
954 2567 1050 2643 atque
1080 2558 1205 2623 Italiam

110 2640 335 2790 vaslialllltllll.
370 2727 491 2791 Praetor
510 2727 560 2791 Ti.
576 2727 751 2807 Minucius,
774 2735 807 2792 et
827 2729 915 2792 haud
934 2727 980 2792 ita
1003 2729 1105 2794 multo
1131 2737 1205 2814 post
1324 2795 1329 2806 ,

108 2809 223 2874 consul
238 2809 276 2874 C.
293 2810 487 2896 Calpnmius
503 2812 647 2890 moritur,
661 2813 818 2897 multique
833 2813 886 2876 alii
901 2813 1045 2876 omnium
1056 2815 1205 2878 ordinum
1218 2793 1360 2906 gssl’ffiss'

108 2895 260 2958 inlustres
274 2894 351 2958 viri:
374 2905 535 2980 postremo
554 2897 691 2982 prodigii
713 2897 783 2960 loco
805 2919 843 2960 ea
860 2897 964 2960 clades
979 2897 1089 2961 haberi
1102 2907 1207 2983 coepta
1218 2929 1264 2968 tur.

211 3055 337 3102 ⁸etsoes'ia
347 3057 443 3103 mna
454 3055 536 3102 Batiai
549 3055 645 3115 Kreysa.
659 3053 735 3100 Bekis.
864 3053 944 3101 iadd.
956 3059 979 3100 et
990 3054 1063 3100 Gran.
1075 3053 1144 3101 Cres.

537 3123 549 3150 ¹
560 3119 614 3165 add.
625 3119 714 3179 pedites
725 3117 792 3164 Cres.

142 3285 175 3332 22
194 3285 296 3335 mantas
313 3299 399 3345 tempu
418 3281 536 3346 senserat]
555 3285 612 3332 Vni:
630 3285 723 3346 Lipsius
756 3283 861 3344 peditum
873 3283 1027 3344 equitumque
1039 3282 1068 3334 Q.
1079 3282 1175 3329 Fulvius
1187 3295 1368 3344 secumqnoqne

110 3349 125 3394 l.
139 3349 173 3394 ii.
185 3350 215 3394 de
228 3349 297 3394 titii:
311 3349 379 3396 Rom.
391 3349 451 3394 Diei.
466 3348 488 3406 7,
506 3349 544 3396 iiic
560 3350 616 3409 legi,
626 3357 724 3411 questas
756 3349 897 3408 deportaret,
909 3361 948 3394 eos
966 3347 1112 3407 potissimum
1124 3347 1256 3406 deligendo,
1269 3361 1368 3406 quornm

109 3419 378 3472 mammeam,
390 3413 445 3472 qais
457 3413 568 3460 nimirum
580 3428 609 3459 ex
622 3413 725 3460 Lirioet
756 3411 809 3459 lorti
821 3425 959 3472 operansus
971 3419 1038 3458 esset.
1072 3411 1237 3457 Seamiiiiset
1253 3410 1368 3458 ducentos

111 3475 211 3534 Polybio
227 3483 324 3528 constat.
335 3490 350 3521 a
366 3476 440 3532 sociis.
453 3485 479 3522 ut
495 3475 630 3536 plurimum,
644 3491 724 3536 parem
757 3476 847 3536 pedites
856 3475 974 3521 Romanos
985 3475 1021 3521 Ti.
1033 3475 1184 3534 Sempronius
1194 3474 1219 3519 in
1230 3473 1368 3533 Hispaniam

112 3539 227 3586 Romanis
238 3539 368 3598 legionibus
380 3540 486 3600 peditum
503 3539 724 3600 numerum,dupii·
757 3553 836 3585 secum
854 3539 991 3584 adducebat.
1026 3537 1112 3583 Decem
1129 3537 1204 3583 miliia
1219 3538 1367 3596 etqnadrin·

7 3615 8 3618 ’
110 3617 163 3648 cern
181 3603 288 3662 equitnm
306 3603 380 3648 solere
400 3603 505 3662 preberi.
539 3603 585 3650 Sed
603 3603 662 3648 iliud
679 3611 726 3649 taes
757 3603 822 3661 genti
842 3602 932 3660 pedites
950 3601 1050 3647 Romani
1068 3601 1093 3646 in
1115 3601 1229 3660 liispsnia
1247 3615 1368 3649 remanere

110 3666 205 3712 etiarnsi
223 3679 270 3712 non
286 3665 440 3726 exprimetur,
452 3666 519 3712 facile
530 3681 560 3712 ea
571 3667 622 3726 ipsa
633 3681 658 3712 re
669 3681 722 3726 sup·
758 3667 882 3712 debebant.
919 3665 982 3723 Ergo
1003 3677 1016 3710 a
1041 3673 1119 3710 vetere
1141 3665 1246 3710 exercitu
1268 3668 1369 3725 quatuor

112 3729 171 3788 pieri
184 3737 269 3788 potest.
303 3728 412 3788 intellige
423 3731 496 3788 igitur
508 3731 670 3776 tantummodo
681 3729 726 3776 hoc
758 3737 849 3774 tantum
861 3728 935 3774 millis
946 3736 969 3773 et
987 3727 1082 3773 ducenti
1100 3729 1229 3774 manebunt
1245 3728 1276 3774 ad
1293 3729 1368 3787 signs.

108 3793 357 3852 Jamamnltisannis
374 3803 559 3840 sematumesse.
592 3793 725 3853 Vidsuprs
758 3792 836 3838 ceteri
856 3805 938 3836 omnes
957 3791 1115 3837 dimittentur:
1133 3792 1176 3837 sed
1193 3805 1220 3838 eo
1235 3790 1326 3846 ordine,
1342 3799 1369 3838 ut

112 3871 131 3902 c.
147 3855 184 3902 ia
758 3856 860 3916 primum
871 3854 1020 3900 dimittantur
1031 3854 1071 3914 qni
1082 3863 1137 3901 ante
1148 3855 1294 3901 consulatum
1312 3855 1367 3900 Pos-

145 3920 179 3966 23
197 3920 224 3969 Q.
239 3916 514 3980 Falrioperms'ssamt]
533 3921 562 3970 Q.
575 3917 659 3966 Fulvio
670 3934 724 3979 per·
757 3919 825 3964 tumii
838 3927 862 3963 et
875 3917 956 3964 Marcii
968 3917 993 3963 in
1007 3917 1145 3977 Hispaniam
1156 3925 1276 3972 venerant,
1289 3925 1339 3962 tum
1351 3917 1368 3964 il

112 3983 211 4028 missurn
224 3991 266 4036 est,
278 3991 304 4028 nt
316 3984 449 4042 deportaret
459 3998 537 4030 secum
550 3984 573 4030 in
587 3983 678 4029 ltaliam
686 3997 726 4028 eos
758 3981 798 4042 qni
810 3981 893 4027 sortem
902 3995 995 4042 operam
1007 3983 1140 4042 reipublice
1149 3982 1174 4027 in
1183 3981 1274 4026 duobus
1285 3979 1368 4025 adver·

113 4047 209 4100 milites,
228 4045 268 4106 qui
287 4055 341 4092 ante
360 4047 398 4106 Sp.
412 4047 557 4093 Postumium
575 4055 598 4092 et
615 4048 644 4097 Q.
659 4044 724 4092 Mar·
758 4059 798 4092 snt
810 4045 938 4091 Celtiberos
950 4045 1192 4104 praeliiansvaserant.
1227 4043 1293 4088 idem
1305 4041 1367 4088 dicas

114 4109 176 4155 cium
185 4109 727 4170 mnsnlesinHispanismtransportatiessent:
759 4109 788 4155 de
809 4109 926 4168 equitibus
950 4109 1070 4164 Romanis,
1091 4109 1120 4153 de
1144 4105 1260 4166 peditibus
1281 4105 1368 4163 equiti-

114 4181 137 4218 et
165 4181 287 4232 preterea,
310 4183 398 4232 quanto
425 4188 531 4230 numero,
559 4181 610 4234 post
632 4173 726 4233 supple·
758 4175 849 4232 busque
864 4172 939 4218 sociis.
975 4169 1086 4218 Ceterum
1105 4179 1157 4230 post
1175 4169 1225 4214 irae
1243 4168 1368 4222 resbasc-

113 4245 222 4281 mentum
242 4237 378 4292 adductum,
398 4237 450 4283 dne
468 4237 571 4296 legiones
588 4237 728 4282 excederent
758 4238 816 4282 citis:
831 4235 909 4282 Latini
920 4236 1137 4282 nominisduodecim
1148 4229 1369 4285 msmssddidimm

114 4301 197 4345 decem
220 4300 294 4345 miliia
316 4307 339 4345 et
357 4301 540 4362 quadringentos
559 4301 657 4360 pedites,
673 4313 727 4345 ses-
759 4313 838 4345 rocem
848 4301 1034 4359 peditesexunc
1047 4295 1145 4342 Heamii
1159 4294 1208 4340 MS.

114 4372 196 4409 centos
219 4364 318 4422 equites,
336 4372 424 4422 quanto
441 4365 497 4410 item
516 4378 613 4410 nurnero
637 4363 728 4409 socialis
791 4363 823 4409 at
840 4357 1080 4422 ’lapsae-territas]
1100 4359 1156 4403 iltec
1173 4357 1245 4402 rerba
1261 4355 1322 4403 refer
1338 4358 1370 4406 ad

113 4427 233 4474 exmcitns
254 4435 405 4484 superaturus
424 4435 485 4473 esset
510 4427 633 4474 duodecim
655 4427 728 4473 miliia
760 4431 809 4473 octo
820 4427 923 4488 legiones.
957 4425 980 4470 is
998 4423 1048 4482 ipse
1064 4433 1175 4466 numerus
1187 4419 1314 4480 legionum,
1326 4423 1370 4470 etsi

113 4491 377 4551 peditum‚·sescsntos
404 4491 502 4551 equites,
523 4505 577 4537 enm
605 4505 728 4538 numerum
761 4483 1244 4549 nonmsgnusfflgretamenespiebstnr.
1357 4495 1360 4502 ’
