3098 4958
466 287 555 353 LIB.
581 284 713 353 XLIII.
746 287 844 356 cAP.
870 290 964 355 XVI.
1322 297 1385 358 401

135 439 177 504 ed
203 435 346 502 tribunel
392 442 544 501 raetorum
565 443 654 500 stans
722 436 861 517 stulevit,
884 457 925 501 ex
949 437 1223 503 senatusconsulto
1237 455 1266 504 υ.
1279 457 1371 506 ctos

134 525 331 588 destinarent
346 458 407 585 sibi
422 521 523 584 dnasl
564 520 571 536 ’
592 541 660 584 nes.
678 457 863 619 Ropretores
871 523 1015 586 consuli·
1029 523 1063 586 in
1078 522 1222 607 eligendo
1235 521 1263 567 t.
1276 521 1302 568 ⁰·
1317 521 1370 570 ¹⁶⁹·

133 608 301 672 arbitrium
330 607 484 670 iecerunt.
566 612 696 668 enatum
727 603 841 668 demde
876 626 1021 670 censores
1055 607 1220 692 legerunte
1234 618 1345 665 censure

134 695 184 758 M.
200 691 351 756 AEmilius
366 687 510 774 Lepidus
524 689 673 774 princeps
690 689 730 752 ab
752 689 853 753 tertiis
862 689 931 774 jem
953 691 1137 754 censoribus
1158 691 1221 755 lec-

132 785 199 844 tus.
241 776 371 873 Septem
400 795 418 838 e
447 783 559 838 senatu
585 773 676 871 ejecti
705 781 791 837 sunt.
843 773 883 837 ln
910 795 1009 839 censu
1038 775 1220 874 accipiendo

133 859 245 946 populi
258 859 374 922 milites
389 879 429 922 ex
443 857 651 921 Macedonico
665 857 814 936 exercitu,
829 857 885 956 qui
900 879 996 942 quem
1016 859 1110 922 mults
1130 861 1220 924 abes·

134 955 206 1009 sent
219 944 259 1008 ab
273 943 383 1028 signis,
396 963 511 1006 census
526 941 644 1020 docuit,
654 941 688 1004 in
702 941 898 1026 provinciam
908 944 1080 1029 cogebant:
1096 943 1117 976 ⁷⁸
1128 965 1219 1008 cous-

134 1050 185 1092 sss
209 1026 395 1114 stipendiis‘
417 1027 586 1090 missorum
609 1027 858 1110 cognoscebante
890 1035 933 1106 et,
958 1029 1049 1112 cujus
1073 1029 1218 1092 nondum
1270 1081 1278 1091 .

131 1284 165 1345 is
172 1282 365 1364 prosim
379 1243 595 1345 ddocedom'om
612 1279 737 1358 redibis,
751 1241 832 1362 qudd
851 1281 917 1344 eine
931 1217 1049 1344 W
1021 1283 1102 1345 molo
1107 1281 1217 1364 secere

152 1369 272 1430 cteris?

124 1387 269 1514 PXVI.
306 1451 347 1515 In
367 1447 528 1532 equitibus
548 1447 747 1512 recensendis
769 1447 869 1512 tristis
902 1449 1074 1514 admodum
1106 1471 1215 1514 eorum
1228 1472 1362 1519 censens

130 1541 227 1618 etque
250 1555 361 1620 espers
383 1553 517 1596 censure
538 1532 617 1596 suit:
639 1532 781 1596 multise
804 1554 862 1597 uos
877 1533 1072 1598 cdememnt.
1102 1533 1165 1598 ''in
1178 1535 1329 1612 esseniunt

127 1631 189 1768 (Ἐὲ
201 1641 300 1766 qppm
323 1625 500 1766 eqddisdtrdm
518 1617 661 1765 ‘'rdiffssm
683 1617 789 1764 obtiep(
803 1617 810 1631 “
846 1617 1112 1719 ent¹⁸ilammsm
1134 1620 1214 1766 iffi
1227 1600 1366 1724 {fi‘fflm

637 1722 654 1763 e
1120 1749 1127 1766 .

126 1790 186 1867 vio,
198 1725 408 1852 X'll'besleumio
424 1722 595 1850 ceiuldlbpdds
601 1721 1084 1869 pudilicnobecligbllioeffllbillb
1092 1705 1214 1852 cdilecto

127 1873 352 1951 conduxissent,
367 1871 389 1904 '⁸
397 1871 441 1934 od
451 1872 571 1934 lostam
592 1890 679 1933 mm
700 1871 865 1950 accederet,
879 1873 1014 1936 eoeieseoe
1033 1878 1088 1935 oret
1102 1871 1214 1952 adficis

127 1957 192 2037 qiu
206 1957 414 2021 conductionis
434 1959 521 2018 esset.
565 1954 656 2038 Saepe
680 1952 715 2016 id
735 1955 896 2038 querendo
910 1963 1032 2020 veteres
1051 1956 1214 2041 publicani

126 2062 228 2125 quum
249 2041 407 2140 inpetrare
432 2036 618 2122 nequissent
639 2037 680 2102 eb
703 2046 827 2118 senatu,
849 2046 887 2102 ut
910 2039 1042 2103 modum
1087 2041 1213 2104 otesteti

125 2125 278 2189 censor-ire
291 2131 490 2211 inponerent,
504 2121 634 2186 tandem
648 2121 814 2186 tribunum
828 2122 931 2208 plebis
947 2124 982 2187 P.
993 2125 1045 2186 Ru
1061 2123 1068 2138 '
1084 2124 1159 2202 'um,
1174 2145 1213 2188 ex

124 2209 172 2274 rei
184 2209 316 2294 privatae
330 2207 532 2274 contentione
554 2207 670 2270 iratum
685 2207 879 2286 censoribus,
897 2215 1068 2292 patronum
1093 2229 1213 2272 ceussae

124 2293 211 2358 nacti
241 2301 326 2358 sunt.
369 2292 559 2357 ''Clientem
584 2290 768 2354 libertinum
795 2290 947 2376 parietem
975 2291 1010 2354 in
1040 2291 1135 2356 Sacro
1162 2293 1214 2355 vie

123 2379 275 2443 adversus
290 2379 311 2410 ”
323 2376 408 2442 aedes
422 2377 567 2463 publices
580 2375 600 2408 ⁸¹
612 2375 755 2440 demoliri
771 2375 933 2462 jusserunt
942 2375 967 2456 ¹²,
983 2376 1070 2460 quod
1083 2377 1213 2462 publico

123 2463 440 2528 inaedifimtusesset.
469 2459 617 2546 adpellsti
640 2459 800 2546 optivoto
815 2459 946 2525 tribuni.
974 2481 1074 2545 quum
1097 2469 1213 2546 praeter

124 2547 284 2612 Rutilium
304 2569 398 2612 nemo
417 2545 634 2623 intercederet,
650 2565 795 2609 censores
810 2545 882 2608 ”sd
927 2545 1038 2631 ignoro
1060 2546 1213 2631 capienda

122 2631 289 2712 miserunt,
304 2631 501 2715 multumque
514 2651 573 2716 pro
586 2629 736 2694 concione
774 2629 875 2694 riveto
923 2637 1049 2694 xerunt.
1076 2631 1213 2694 ''Hinc'

122 2715 326 2782 contentione
341 2725 420 2794 orte,
434 2737 535 2800 quum
544 2723 664 2778 veteres
679 2651 841 2799 publeani
856 2735 890 2778 se
904 2715 945 2778 ad
956 2715 1121 2779 tribunum
1137 2737 1213 2780 con-

121 2801 282 2879 tulissent,
297 2801 419 2885 rogutio
442 2807 572 2884 repente
594 2799 654 2862 sub
669 2798 765 2862 unius
779 2799 900 2863 tribuni
921 2800 1049 2863 nomine
1071 2801 1214 2884 promul·

119 2895 236 2972 gnturs
262 2887 334 2959 Quo
352 2885 477 2967 poblite
502 2885 673 2966 coelipetis,
699 2883 803 2947 88νοΙι
826 2884 943 2946 tributo
966 2885 998 2946 0.
1017 2885 1162 2947 Gioudius
1183 2892 1214 2948 ct

124 2973 172 3034 II.
188 2972 383 3052 Sempronius
405 2971 614 3046 terdecentes
634 2973 707 3030 roto
729 2969 839 3031 locatio
860 2987 898 3030 oe
916 2974 1003 3030 esset.
1027 2967 1080 3030 de¹
1094 2970 1213 3050 intepro

119 3057 306 3134 locarentur,
319 3060 350 3118 et
363 3061 398 3117 et
412 3053 547 3117 omnibus
560 3051 729 3116 redimendi
742 3057 772 3115 et
784 3051 969 3116 cossduceodi
980 3053 1151 3132 promiscue
1157 3053 1213 3133 jos

153 3209 167 3238 θ
177 3205 274 3252 maiis
286 3203 380 3264 Kreyss.
394 3203 470 3251 seth
546 3197 620 3249 ‘edd-
634 3199 742 3264 [eoedses
753 3198 866 3264 meritis]
879 3203 947 3250 Cres.
1021 3205 1070 3250 Ire
1082 3203 1127 3250 del.
1139 3203 1213 3252 (Iron.

117 3263 262 3330 himmas
274 3269 332 3315 iisd.
477 3261 544 3314 ¹⁸:¹⁶
553 3267 612 3364 Eedl.
620 3331 650 3378 ab
662 3329 728 3378 M
752 3260 899 3328 ksrects'guis'c
910 3273 951 3314 oet
961 3267 1021 3316 ultre
1031 3266 1126 3329 Kreyss.
1139 3268 1215 3316 sete

151 3466 187 3522 78
202 3468 314 3516 Prolem
326 3469 411 3515 mali
424 3499 430 3512 .
443 3501 449 3514 .
463 3467 601 3513 arbitrium
610 3463 730 3528 sererent]
794 3465 826 3521 77
847 3463 1019 3529 Ultretriists]
1037 3467 1375 3526 vicissitudinum

118 3533 186 3590 Lege
204 3531 307 3587 omnino,
330 3539 356 3577 ut
378 3531 510 3578 GronovIns
528 3531 604 3590 Iubet,
626 3531 730 3576 coessiis.
763 3529 833 3577 cli.

116 3595 381 3654 SIcenimemetloqui
394 3593 481 3642 bivine.
515 3594 616 3653 Suprsi.
629 3593 729 3640 xxvu.
794 3593 826 3648 78
843 3594 999 3640 *Arsaos
1009 3591 1086 3654 mss]
1105 3595 1142 3642 ld
1153 3597 1292 3646 lentiorem
1300 3612 1374 3646 suern.

114 3674 138 3706 e.
150 3659 279 3712 &Senatus
287 3660 366 3719 popuii
375 3655 579 3719 potestatewsecit.
762 3657 816 3703 Vid.
828 3664 875 3702 not.
887 3656 919 3703 88
931 3658 961 3704 sd
972 3655 1060 3703 XXIV.
1074 3657 1109 3706 18.

151 3721 185 3776 78
202 3723 413 3782 Cossossts'peediis
425 3715 666 3782 [nondumemeritie]
678 3721 731 3766 erte·
795 3720 827 3774 79
846 3720 953 3767 Clientes·
964 3719 1106 3784 libertinum]
1124 3723 1375 3785 MeritoJudithrc·

112 3781 205 3845 Μ]
223 3786 364 3832 SIcridetur
379 3785 425 3845 legi
446 3786 538 3832 debere.
565 3785 678 3844 Supre,c.
693 3784 730 3840 1⁴,
761 3783 845 3830 novius
863 3785 989 3844 legendum
1007 3797 1057 3831 esse
1074 3785 1159 3848 Hsjsr,
1178 3803 1263 3850 nempe
1282 3789 1375 3844 sudor,

112 3851 534 3910 etqsorsnmtemrttestipsedis
543 3849 731 3910 miseereissic
762 3849 879 3900 clientem
895 3847 932 3894 vel
944 3849 1051 3895 Clientes·
1062 3847 1118 3910 ejss.

112 3913 163 3960 ss'bi
174 3915 222 3958 eise
233 3919 298 3960 esset.
794 3910 826 3958 80
842 3911 914 3958 AEdes
923 3909 1038 3973 pellicos]
1058 3914 1128 3960 Heud
1146 3915 1201 3961 setis
1216 3914 1299 3974 liquet,
1317 3914 1375 3974 quid

150 3975 183 4030 74
199 3971 493 4034 Estuiminieestestio]
514 3975 606 4021 Vereet
614 3989 643 4021 ex
652 3973 731 4020 enimc
762 3975 850 4021 suerint
871 3975 932 4021 edes
953 3975 1001 4021 iller
1021 3977 1126 4035 publice.
1162 3978 1201 4024 An
1220 3979 1301 4037 qnsles
1319 3986 1375 4024 sunt

113 4039 235 4100 promittis
257 4048 281 4085 te
302 4047 346 4086 etc.
378 4040 432 4086 vid.
453 4048 500 4086 not.
516 4038 548 4085 68
566 4038 597 4084 ed
616 4039 630 4084 l.
652 4037 731 4084 xxu.
763 4038 879 4098 spudnos
890 4039 1262 4094 Maisess,onHoteisdeVitlet

112 4119 136 4150 c.
149 4101 188 4148 83.
794 4101 824 4148 dl
842 4103 953 4148 Desroiirs'
973 4100 1104 4164 jurasse]
1131 4104 1168 4149 Sit
1189 4105 1265 4162 prIms
1292 4103 1372 4160 editio,

150 4165 182 4220 78
200 4161 308 4226 Inesse]
328 4165 460 4225 Adjecimue
469 4179 548 4212 vcoem
557 4179 589 4221 re,
598 4172 730 4224 quererent
761 4171 820 4211 teste
840 4165 952 4212 liesrnio.
987 4167 1136 4214 accensiores
1150 4165 1278 4226 jeremi,
1295 4168 1373 4213 minus

6 4235 8 4250 ¹
112 4229 275 4276 GronorIeoe
296 4229 419 4284 editiones,
436 4243 466 4276 ex
488 4229 626 4275 suctoritete
647 4229 729 4288 prImer
760 4230 889 4276 commode.

111 4293 236 4346 editionis,
249 4307 318 4352 quem
330 4301 423 4338 secutus
435 4301 574 4352 estquoque
587 4291 701 4350 Sigonius.
793 4293 825 4338 82
842 4294 881 4338 Ad
899 4295 996 4354 pipere
1017 4287 1141 4353 copiendd
1167 4291 1219 4338 Vid.
1234 4299 1283 4340 not.
1295 4294 1327 4348 78
1342 4295 1373 4342 ed

149 4355 182 4411 78
199 4357 322 4402 Florem
333 4357 424 4402 incidire
435 4354 537 4416 adjecere
545 4352 630 4416 edIete]
643 4356 730 4402 Odium
761 4354 835 4402 LIII.
847 4370 866 4402 c.
878 4355 916 4412 88,
928 4371 1005 4417 supre.

111 4425 140 4470 in
163 4433 190 4466 se
212 4419 326 4478 equestris
344 4419 433 4466 ordinis
451 4419 527 4480 megis
548 4419 729 4466 inflemmsvere.
793 4419 826 4466 88
840 4420 903 4466 Hisc
923 4421 1060 4466 costnts’m
1077 4411 1139 4476 orte]
1158 4417 1271 4466 Ideudoee
1291 4421 1317 4469 in
1334 4435 1373 4470 re·

112 4483 234 4534 Videlicet
245 4483 364 4543 publicsni
375 4497 405 4530 ex
415 4483 518 4545 equesni
529 4483 611 4530 ordine
622 4491 697 4530 erent.
761 4482 902 4530 centioribus
912 4483 982 4530 editis
993 4482 1079 4542 iegitur
1089 4482 1132 4528 hie.

158 4565 243 4610 vor..
260 4564 314 4608 111.
1140 4543 1197 4606 nd
