3094 4954
238 321 300 384 no
458 251 464 258 ’
800 299 1039 372 r1r1n1v11

238 487 268 534 υ.
277 481 370 532 cota
400 468 557 526 extremos
566 453 687 522 molles
696 461 729 520 et
737 453 906 518 Cretenses
916 450 1176 536 (quingentorum
1186 450 1314 535 utrique
1323 471 1488 518 numerum

238 552 266 597 Α·
278 551 304 596 ⁰·
318 547 371 595 ¹9⁰·
401 543 581 629 explebant)
598 539 719 604 statuit.
751 539 885 604 Laevum
898 558 998 600 corna
1013 557 1078 600 non
1092 534 1259 601 videbatur
1272 557 1363 622 egere
1376 537 1489 601 talibus

402 627 537 705 auxiliis,
553 624 628 709 quia
641 625 760 688 ilumcn
773 623 813 686 ab
827 643 865 686 ea
878 629 968 706 parte
982 621 1123 706 ripaque
1138 619 1283 706 deruptas
1294 621 1489 687 claudebant.

403 721 540 798 quatuor
558 719 664 774 tamen
683 707 757 772 inde
776 715 891 772 turmae
906 705 1050 789 equitum
1063 705 1229 788 obposita.
1274 707 1354 770 Haec
1369 728 1491 770 summo

403 797 566 883 copiarum
580 801 647 858 erat
662 791 824 869 Romanis,
838 799 871 856 et
886 791 950 854 duo
965 789 1063 854 millia
1081 789 1254 856 mixtorum
1279 791 1490 855 Macedonum

403 883 636 962 Thracumque,
651 877 707 962 qui
718 877 881 942 voluntate
896 875 997 938 secuti
1010 882 1110 938 erant.
1155 874 1201 938 Hi
1215 875 1363 959 praesidio
1378 875 1492 938 relicti¹

405 973 481 1034 sunt
502 963 644 1028 castrisss.
688 961 853 1026 Sexdecim
870 959 1056 1044 elephantos
1074 967 1149 1044 post
1168 959 1292 1023 triarios
1306 959 1340 1024 in
1354 961 1492 1024 subsidio

404 1051 596 1114 locaverunt.
631 1067 716 1124 nant,
738 1054 950 1131 praeterquam
971 1044 1058 1127 quod
1079 1043 1316 1108 multitudinem
1337 1045 1492 1129 regiorum

405 1135 645 1220 elephantorum
663 1132 763 1212 (erant
777 1137 883 1193 autem
898 1137 1034 1212 quatuor
1044 1135 1076 1191 et
1086 1127 1327 1212 quinquaginta)
1341 1130 1492 1192 sustinere

405 1242 471 1284 non
485 1217 675 1282 videbantur
688 1235 792 1300 posse,
807 1236 847 1278 ne
860 1213 929 1300 pari
952 1213 1080 1296 quidam
1098 1235 1230 1276 numero
1255 1213 1374 1278 Iudicis
1396 1214 1492 1276 Africi

305 1301 315 1326 ‘
405 1304 578 1380 resistunt3
600 1300 665 1364 siva
686 1299 761 1384 quia
785 1298 1014 1383 magnitudine,
1040 1297 1145 1382 (longe
1166 1297 1252 1361 enim
1269 1297 1315 1362 illi
1328 1303 1491 1384 praestant)

407 1389 472 1454 sive
486 1387 597 1452 robore
611 1385 789 1448 animorum
801 1383 982 1447 vincuntur.

450 1473 523 1538 xl..
546 1470 646 1554 Regia
669 1469 750 1534 acies
765 1468 850 1533 vario
871 1469 972 1552 magis
993 1467 1103 1530 multis
1120 1467 1280 1552 gentibus,
1302 1466 1492 1530 dissimilitu-

408 1557 481 1622 dine
496 1575 655 1620 armorum
670 1553 920 1636 auxiliorumque
940 1559 1016 1616 arat.
1052 1552 1161 1616 decem
1174 1561 1207 1616 et
1221 1573 1277 1616 sex
1295 1551 1393 1616 millia
1409 1553 1492 1636 pedi·

408 1651 478 1708 tum
491 1661 577 1704 mone
594 1638 808 1702 Macedonum
822 1637 934 1701 armati
951 1638 1048 1716 fuere,
1070 1637 1126 1722 qui
1146 1637 1339 1785 phalangitae
1360 1637 1492 1724 adpella-

407 1726 534 1791 bantur.
571 1725 640 1786 haec
655 1722 758 1786 media
778 1721 860 1784 acies
878 1722 939 1784 fuit
963 1722 983 1754 ¹³
992 1722 1025 1784 in
1048 1722 1161 1800 fronte,
1183 1722 1241 1786 inl
1285 1743 1371 1786 eoam
1391 1731 1492 1806 partes

409 1810 518 1873 divisa.
544 1809 653 1870 Partes
667 1827 720 1870 eas
736 1807 757 1838 ¹⁴
768 1806 963 1891 interpositis
977 1806 1061 1870 binis
1076 1807 1251 1905 elephantis
1266 1806 1492 1890 distmguebat:

409 1915 428 1957 a
442 1894 545 1956 frona
558 1892 714 1956 introrsus
729 1890 763 1954 in
777 1891 857 1956 duos
871 1899 903 1954 ct
916 1891 1047 1976 triginta
1061 1892 1189 1956 ordines
1202 1900 1394 1956 armatorum
1415 1892 1492 1954 acies

409 1978 548 2064 patebat.
585 1978 646 2040 hoo
669 1983 701 2039 et
725 1975 848 2040 roboris
872 1975 906 2038 in
928 1975 1022 2060 regiis
1045 1977 1144 2061 copiis
1170 1987 1247 2056 erat,
1276 1985 1318 2056 ct,
1340 1976 1360 2008 ¹¹
1368 1977 1492 2061 perinde

410 2084 510 2210 quum
537 2061 597 2126 alia
622 2061 736 2146 specie,
764 2070 836 2125 tum
864 2060 1078 2126 eminentibus
1107 2069 1233 2124 tantum
1259 2061 1342 2159 inter
1362 2070 1492 2159 armatos

410 2147 1487 2316 utlttttttttttttt‘tlitl..littttlttlttl

410 2317 615 2401 turribusque
640 2323 866 2401 superstantes,
889 2324 1006 2400 prator
1026 2324 1190 2394 rectorem,
1213 2318 1358 2415 quaterni
1378 2317 1492 2378 manati

411 2403 464 2466 Ad
473 2403 557 2466 latus
567 2402 732 2464 dexterum
741 2400 995 2486 phalangitarum
1012 2401 1169 2464 ¹⁶milleet
1179 2401 1492 2486 qmngentosequitce

413 2484 698 2570 Gallograecorum¹
712 2485 871 2582 obposuit.
906 2485 1028 2548 histria
1047 2485 1145 2583 millia
1163 2485 1336 2584 “lequitupt
1357 2485 1491 2584 loricato·

411 2569 1205 2738 unumquemqueiuste
1221 2570 1491 2718 nitentat:

411 2737 480 2816 viri,
492 2745 525 2800 et
535 2736 676 2820 ejusdem
685 2735 822 2884 regionis
831 2737 922 2800 mixti
936 2739 1108 2803 multarum
1118 2740 1261 2824 gentium
1272 2740 1403 2824 equites.
1425 2762 1491 2803 oon-

411 2821 517 2886 tinens
531 2821 582 2884 his
596 2841 672 2906 mex
689 2841 722 2884 so
744 2821 824 2884 soim
837 2843 884 2886 ee
908 2823 1078 2888 hantorum
1093 2834 1142 2888 est
1159 2825 1324 2910 obpositus
1345 2825 1379 2889 in
1399 2825 1491 2888 subsi

413 2906 495 2972 diis:
517 2906 558 2971 ab
572 2906 681 2970 cadem
694 2913 794 2991 parte,
808 2927 851 2991 pa
897 2907 987 2972 talum
1001 2910 1156 2992 producto
1172 2931 1280 2988 cornu,
1289 2909 1375 2994 regin
1389 2912 1490 2973 cobon

412 2999 499 3057 erat:
516 2991 774 3090 ¹⁸Argqraspidea
790 3012 935 3090 agenore
950 3013 1110 3058 maronam
1122 2994 1370 3078 adpellabmtur.
1401 2995 1490 3057 Dahn

412 3077 536 3156 deinde,
551 3085 673 3160 equitas
689 3077 851 3161 sagittari,
865 3077 951 3140 mille
965 3086 997 3141 et
1010 3078 1149 3142 ducenti.
1169 3087 1241 3142 tum
1255 3078 1332 3142 levis
1344 3090 1490 3142 armatur:

439 3223 451 3259 ¹
464 3232 538 3280 nant,
549 3226 656 3284 prasidio
666 3225 742 3272 relicti
753 3227 825 3272 Gron.
838 3227 906 3272 Cres.
977 3229 1084 3276 tcastris
1095 3229 1171 3274 relicti
1179 3233 1232 3274 sant
1244 3225 1321 3274 neta
1386 3223 1401 3260 Β
1407 3225 1468 3288 ficit,
1481 3231 1490 3273 i

401 3288 481 3352 fronte
493 3291 517 3336 iss
530 3289 626 3348 llreyaa.
640 3289 715 3335 Bekis.
722 3285 773 3350 satit
783 3285 889 3349 infracto
900 3291 924 3336 ia
936 3289 1009 3338 Gran.
1074 3283 1081 3322 ¹
1095 3291 1284 3352 Gallograecorum
1295 3293 1380 3352 equites
1394 3291 1471 3338 aest.

284 3407 485 3474 1³·1sfmso]
505 3411 578 3458 lnane
596 3411 796 3458 additamentumc
814 3413 860 3460 nisi
927 3413 957 3462 16
973 3414 1040 3462 soto
1063 3423 1086 3462 et
1114 3418 1248 3477 quingentos
1269 3418 1354 3476 eqaitss
1376 3415 1489 3476 Gallogro

250 3477 309 3526 iorte
327 3477 414 3522 excidit
425 3489 536 3521 numerus
547 3475 736 3535 phalangitarum
748 3475 771 3520 in
784 3475 860 3522 ironte
892 3473 979 3538 mom]
997 3479 1060 3524 Olim
1078 3478 1125 3534 blc,
1144 3487 1168 3526 et
1184 3479 1245 3525 inira
1264 3480 1303 3524 ubi
1323 3494 1385 3524 nunc
1405 3480 1489 3538 legimu

250 3548 398 3596 structorum,
411 3539 450 3598 qui
462 3541 548 3585 debent
566 3539 637 3585 luisse
655 3539 785 3600 quingenti.
817 3541 861 3586 lit-
893 3543 1075 3590 Ablaeoocorrsu
1092 3543 1233 3604 phalangitis
1252 3541 1437 3604 adjunctisrant
1450 3545 1489 3588 Ga.

250 3605 313 3652 enim
325 3617 354 3650 ea
366 3603 500 3663 quingentis
509 3603 533 3649 ln
546 3603 639 3658 lineam,
651 3611 674 3649 et
685 3605 775 3650 duobus
784 3605 861 3650 actrl-
894 3607 986 3666 lograoi
1002 3608 1088 3668 equites
1106 3607 1167 3653 osille
1184 3614 1207 3654 et
1222 3609 1347 3668 quingenti,
1364 3615 1420 3652 ante
1440 3608 1489 3666 Sigt

250 3669 317 3729 ginta
328 3667 351 3713 in
368 3667 524 3722 altitudinem,
533 3668 632 3713 efficitur
649 3681 759 3714 numerus
777 3669 861 3714 serde-
894 3671 960 3715 nium
979 3667 1038 3715 editi
1058 3670 1175 3716 habebant
1190 3673 1279 3731 pedites
1297 3685 1343 3716 non
1362 3673 1466 3731 equites:
1485 3687 1489 3716 t

251 3733 296 3778 cira
307 3731 414 3776 millium.
449 3731 678 3790 Siconjecturabac
693 3739 861 3792 nostra,quarn
894 3733 923 3779 iis
942 3733 1057 3780 consentit
1071 3734 1131 3780 Vict.
1150 3735 1232 3780 codex.
1267 3734 1369 3780 Mutavit
1385 3734 1488 3792 Sigon'm

251 3797 329 3841 {nnat
341 3794 469 3854 Appianas,
480 3795 625 3850 admittatur,
637 3803 693 3841 tunc
711 3809 758 3841 non
773 3795 862 3841 redon·
894 3797 958 3842 nulla
976 3810 1005 3842 ex
1025 3797 1103 3856 scripti
1126 3798 1211 3844 codicb
1228 3799 1374 3848 auctoritate,
1393 3799 1436 3842 sed
1461 3813 1488 3843 no

251 3861 310 3906 dana
330 3859 374 3904 boc
392 3857 450 3913 loco,
467 3858 509 3904 sed
528 3858 604 3904 inania
623 3859 668 3904 erit
685 3859 766 3913 oratio,
786 3866 810 3904 et
828 3859 862 3904 ita
893 3860 944 3906 sine
963 3861 1121 3919 probabilibus
1138 3863 1255 3907 rationum
1275 3862 1414 3907 momentis:
1445 3877 1488 3920 qne

251 3923 368 3983 explenda
378 3921 431 3976 erit,
440 3929 467 3966 ut
477 3921 541 3968 irone
552 3921 622 3982 hujus
633 3922 716 3967 medios
724 3923 782 3968 aciei
791 3923 861 3969 luisse
894 3937 978 3983 nempe
994 3933 1018 3970 et
1036 3925 1069 3970 ita
1087 3925 1172 3970 scribat
1189 3925 1318 3984 Appianas,
1338 3933 1361 3970 et
1381 3933 1432 3970 tota
1451 3929 1485 3971 ari

252 3987 435 4048 quingentorum
446 3993 588 4030 armatorum
600 3985 752 4044 intelligatur.
892 3987 1017 4046 descriptio
1027 4002 1070 4046 per
1080 3987 1141 4034 banc
1158 3989 1346 4036 emendationem
1364 3990 1460 4050 planior
1472 3991 1488 4034 si

286 4051 315 4098 li
332 4051 474 4110 Interpositis
486 4049 544 4094 bissis
558 4050 681 4108 elephantis
691 4046 857 4110 elistiagoebot]
892 4059 917 4097 et
928 4051 1012 4096 melina
1023 4052 1068 4097 sibi
1080 4059 1177 4098 constet.

252 4115 306 4161 lion
325 4114 381 4162 satis
399 4119 503 4173 apparet,
514 4126 561 4171 quo
577 4113 657 4158 referri
669 4113 753 4158 debeat
764 4115 861 4160 verbum
928 4113 957 4168 17
974 4113 1095 4176 Equitum]
1114 4115 1145 4161 Et
1158 4117 1196 4163 hic
1205 4129 1297 4176 quoque
1308 4115 1434 4174 legebatur
1445 4117 1488 4176 ped

252 4177 413 4239 distiegasbu.
448 4175 533 4223 ileliua
549 4175 622 4222 oratio
639 4176 781 4234 procederet,
796 4177 815 4222 si
828 4179 862 4222 le·
894 4185 949 4224 tm.
974 4179 1020 4224 Sed
1032 4193 1104 4238 quum
1114 4181 1178 4226 nulla
1188 4181 1251 4240 apud
1264 4187 1353 4226 veteres
1365 4183 1486 4226 mentiofi

251 4255 374 4302 geremus:
401 4241 530 4301 interpositi
549 4241 596 4286 bissi
612 4240 862 4300 elspioatidistingae·
894 4241 999 4301 peditum
1020 4242 1236 4303 cataphractorum,
1257 4244 1367 4302 Sigonius
1386 4247 1487 4291 substitn

253 4307 314 4352 boat.
894 4308 1002 4352 cattuso.

286 4368 316 4415 lb
333 4363 469 4428 'PerisdsJ
497 4363 703 4418 Quemadmodum
725 4366 805 4424 magni
824 4380 863 4412 ro·
908 4321 960 4415 ⁹18
975 4370 1171 4430 Argyraspidas
1184 4367 1405 4433 gssmoemse]
1428 4371 1483 4418 act

252 4433 314 4479 botis
325 4441 375 4478 erat
384 4431 424 4478 illa
435 4431 544 4492 phalanx,
552 4431 586 4477 ita
594 4437 617 4476 et
629 4443 739 4490 magnum
751 4437 863 4476 terrorem
895 4431 945 4492 peis
957 4433 1080 4492 argenteis.

253 4498 381 4552 prebebat.
