3108 4982
186 348 250 415 276
755 341 846 414 'l'l'l'l
870 341 985 406 LIVII

189 511 255 558 uo.
267 509 322 564 ata
351 499 432 561 mam
446 497 549 562 esset‘.
592 497 643 559 lto
664 495 743 559 enim
757 494 924 558 obstinatos
937 511 1001 556 esse
1015 492 1135 571 milites,
1149 497 1185 556 nt
1197 513 1258 556 non
1271 493 1356 557 altro
1369 495 1445 557 reti-
1550 483 1551 506 ³

189 573 220 622 Α·
232 575 258 621 ⁰·
269 574 322 622 ¹⁰⁰·
351 584 418 646 neri
424 603 516 663 posse
527 584 560 645 in
569 581 730 662 montorio
743 579 927 656 videreretur,
940 577 1113 658 immemor
1126 579 1240 640 obitam
1254 579 1326 641 inde
1336 585 1445 656 essem,

351 669 380 730 si
394 688 454 730 non
467 667 710 728 dimitterentur:
733 669 787 726 ant
808 665 841 726 in
852 663 1067 744 perniciosam
1088 663 1116 724 si
1141 665 1209 743 qais
1229 664 1353 743 inpense
1369 663 1446 724 reti-

189 758 324 807 emonem
352 757 447 830 neret,
469 751 647 814 seditionem
668 749 820 811 eaormri.
864 745 1059 810 Consulibus
1077 746 1232 809 ambobus
1247 746 1445 830 provinciam

353 835 488 920 Ligures
502 855 570 897 csse
584 839 713 896 senatus
730 831 831 894 'ussit
875 832 1030 894 Praetores
1053 829 1127 892 inde
1147 831 1250 894 sortiti
1271 837 1359 893 sunt.
1401 831 1444 894 A.

354 919 494 982 Hostilio
512 917 643 996 urbana,
664 854 873 980 'lillinucio
933 914 1058 998 regrina
1079 914 1219 993 obvenit,
1241 915 1277 978 P.
1293 914 1444 978 Cornelio

354 1003 470 1081 Sicilia,
485 1002 522 1066 C.
539 1001 660 1065 Maenio
676 999 830 1064 Sardinia.
911 998 1047 1097 ispanias
1067 998 1180 1076 sortiti,
1203 999 1242 1062 L.
1258 999 1445 1062 Postumius

353 1087 544 1164 ulteriorem,
565 1086 614 1150 Ti.
631 1083 839 1169 Sempronius
860 1083 1046 1147 citenorem.
1091 1083 1125 1146 Is
1143 1083 1219 1181 quin
1239 1103 1445 1146 successurus

355 1171 396 1236 Q.
410 1172 522 1236 Fulvio
537 1171 650 1234 Flacco
665 1177 741 1248 erat,
757 1191 797 1231 ne
806 1175 909 1232 vetere
924 1167 1064 1230 exercitu
1074 1167 1236 1251 provmcia
1246 1167 1446 1252 spoliaretur,

357 1258 475 1334 Qnoero,
496 1255 611 1338 inquit,
633 1255 671 1317 de
690 1260 729 1332 te,
750 1254 787 1316 L.
803 1254 932 1331 Minuci,
954 1273 1045 1334 qnam
1068 1251 1235 1332 consectam
1252 1254 1446 1333 promaciano

354 1343 487 1418 nuncies,
501 1342 701 1416 eristimesne,
719 1338 882 1400 Celtiberos
887 1343 1034 1418 perpetno
1048 1338 1081 1399 in
1087 1335 1154 1419 fide
1170 1357 1339 1414 mammas,
1353 1338 1400 1398 ita
1410 1343 1445 1399 at

353 1427 419 1488 sine
444 1427 580 1488 eaermtn
603 1445 639 1487 ea
655 1424 816 1504 provincio
839 1423 968 1484 obtineri
986 1423 1114 1502 possit?
1156 1421 1193 1482 Si
1215 1441 1308 1502 nemos
1328 1421 1365 1482 de
1378 1420 1447 1501 fide

355 1510 554 1572 barbararum
575 1508 737 1590 quidpiam
760 1507 894 1586 recipere
919 1511 973 1568 ont
1001 1505 1165 1586 odfinnore
1191 1506 1277 1568 nobis
1294 1511 1394 1586 potes,
1415 1513 1446 1568 et

354 1595 521 1656 habendam
536 1593 601 1654 illia
613 1594 715 1672 ntipne
735 1591 900 1652 coercitam
923 1609 1044 1664 oersses‚·
1066 1595 1167 1651 atram
1191 1590 1312 1652 landon
1336 1595 1446 1652 auctor

353 1679 538 1740 senatricis
562 1677 797 1756 supptementum
817 1675 851 1736 in
873 1675 1057 1755 ffipoas‘om
1077 1673 1225 1751 mittendi,
1246 1679 1281 1736 nt
1299 1675 1323 1735 ii
1346 1675 1446 1752 niodo,
1546 1708 1549 1716 v

353 1761 460 1840 mribus
472 1761 600 1822 emerita
612 1758 764 1838 stipendia
778 1759 850 1834 sint,
865 1759 976 1821 milites
991 1759 1194 1836 dimittantur,
1207 1758 1356 1820 veteribus
1364 1761 1446 1821 miti-

353 1845 434 1906 tibns
448 1846 561 1906 tirones
573 1844 816 1906 mmisoeontnr?
837 1863 888 1919 on,
904 1843 1040 1906 dedoctis
1061 1843 1098 1905 de
1109 1843 1270 1923 provincia
1293 1844 1447 1906 veteribus

350 1929 527 2010 lapionibns,
548 1947 642 1990 nonas
665 1927 872 1990 comeribendi
891 1933 921 1990 et
938 1927 1098 2000 mittendi3
1120 1947 1211 2009 mmm
1229 1925 1445 1990 '‘conteratnm
1543 1936 1551 1988 t

352 2013 526 2075 tirocinium
551 2013 644 2075 etiam
671 2013 806 2074 mitiores
833 2011 979 2075 barbaros
1006 2013 1141 2074 eaeitore
1170 2011 1214 2074 ad
1238 2012 1445 2074 rebellandam

345 2099 476 2180 possit?
496 2098 601 2174 Dicto,
614 2117 704 2178 qnam
718 2116 762 2174 re,
770 2095 900 2176 facilins
910 2098 963 2175 sit,
970 2097 1162 2178 provinciam
1171 2095 1445 2178 inperioserocem,

349 2183 581 2256 rebellatricem,
593 2180 780 2262 omiserisse?
822 2183 934 2245 Panae
949 2183 1095 2258 civitates,
1105 2187 1139 2243 nt
1150 2181 1268 2261 moialem
1277 2201 1330 2262 epo
1343 2181 1445 2260 audio,

351 2287 428 2349 qaas
456 2269 557 2331 oicina
585 2268 716 2330 manime
744 2267 869 2330 moena
891 2266 1081 2348 premebant,
1109 2265 1142 2326 in
1159 2265 1216 2345 jos
1241 2265 1445 2346 ditionewoe

351 2359 516 2424 renormat·
537 2353 697 2416 ulteriores
711 2353 744 2414 in
759 2353 854 2414 aronis
867 2356 946 2414 sont.
983 2369 1047 2432 mse
1061 2369 1151 2430 qaam
1165 2351 1211 2412 ita
1225 2352 1297 2427 sint,
1311 2351 1445 2430 epojom

351 2437 423 2499 binc
437 2437 584 2518 predico,
606 2438 719 2498 Patres
741 2437 914 2516 omnmpti,
932 2454 979 2498 me
999 2435 1135 2498 eaereitn
1155 2453 1200 2512 eo,
1222 2435 1273 2516 qni
1294 2453 1375 2496 nnnc
1389 2441 1445 2512 est,
1542 2443 1547 2452 “

351 2521 566 2600 rempublicam
580 2520 883 2582 administraturam:
905 2521 934 2583 si
958 2519 1087 2582 mancat
1101 2537 1207 2590 ,secam
1222 2519 1351 2582 memte
1370 2520 1445 2601 tepi-

351 2623 432 2678 ones,
454 2604 520 2664 loca
536 2608 653 2682 pacata
675 2622 722 2664 me
745 2603 789 2664 ael
808 2605 1004 2667 biberrmcnla
1025 2605 1206 2682 rectamne,
1227 2623 1321 2684 nepae
1336 2624 1445 2666 novam

350 2687 476 2748 militem
484 2685 676 2764 ferocissimo
692 2687 771 2748 lasti
786 2687 981 2768 oln'ectnrnm.
1540 2748 1542 2763 ,

394 2767 557 2832 XXXVI.
580 2769 721 2852 Legatus
737 2769 778 2832 ad
792 2791 839 2849 ea,
854 2793 926 2855 quae
941 2772 1153 2859 interrogatus
1168 2779 1245 2850 erat,
1259 2771 1444 2857 respondit:

350 2854 457 2935 Nepae
468 2873 511 2932 se,
525 2873 619 2934 nepae
634 2873 810 2936 quemqnam
823 2857 916 2920 aliam
931 2857 1068 2921 divinare
1076 2878 1176 2940 posse,
1195 2858 1269 2940 qaid
1288 2859 1322 2920 in
1343 2860 1444 2921 omnm

353 2939 496 3002 Celtiberi
520 2939 674 3017 baberent,
698 2946 751 3002 ant
769 2961 866 3022 porro
890 2942 1025 3005 mbitnri
1048 2949 1155 3006 esserm
1197 2944 1306 3023 Itaque
1332 2963 1444 3023 nepam

350 3046 411 3088 non
419 3044 520 3106 posse,
542 3024 614 3106 qnia
626 3025 739 3087 rectius
751 3027 803 3103 sit,
825 3028 917 3088 etiam
934 3027 1115 3108 adparatos
1134 3025 1291 3106 barbaros,
1311 3028 1446 3090 moin
1548 3048 1551 3056 ‘¹

350 3112 428 3172 sotis
443 3108 583 3172 adsuetos
597 3110 734 3190 imperio,
749 3112 916 3173 coercitam
930 3113 1022 3174 mitti.
1057 3131 1132 3174 nono
1153 3117 1264 3188 anteon,
1286 3132 1327 3174 an
1344 3119 1445 3174 vetere

351 3196 487 3256 coercita
501 3213 576 3274 opas
589 3195 640 3271 eit,
654 3193 718 3273 ejas
733 3215 797 3256 esse
812 3195 925 3273 dicere,
941 3197 992 3276 qni
1006 3197 1085 3259 scire
1102 3197 1212 3276 possit,
1227 3216 1286 3277 poa
1293 3195 1360 3276 fide
1377 3197 1445 3258 Cet-

351 3277 441 3338 tiberi
455 3279 488 3339 in
497 3297 576 3357 poce
589 3279 726 3340 mansuri
737 3280 800 3341 sint
804 3305 814 3352 ‚·
829 3281 921 3342 amnt
930 3286 960 3342 et
971 3282 1023 3361 qni
1032 3281 1111 3343 illast
1120 3281 1311 3360 captoratnm
1322 3280 1443 3357 babeat,
1546 3333 1549 3341 ,

350 3362 505 3440 quieturas
519 3363 639 3440 milites,
657 3363 686 3424 si
701 3363 815 3426 diutins
829 3365 862 3425 in
870 3366 1034 3444 provincia
1048 3366 1248 3428 retineantur.
1292 3365 1330 3426 Si
1344 3385 1385 3426 ea
1399 3385 1444 3442 eo,

350 3445 432 3524 qnod
444 3449 497 3506 ont
511 3446 591 3508 inter
604 3465 637 3508 se
652 3447 822 3528 toqaantnr,
841 3453 894 3510 aot
915 3449 1201 3512 subclamotionibns
1221 3449 1305 3530 apati
1325 3451 1444 3511 macio-

350 3533 472 3590 nantem
486 3529 698 3611 imperatorem
710 3529 889 3613 sipnificent,
905 3533 979 3617 qaid
989 3535 1132 3611 serstiant,
1149 3533 1378 3614 conjectandam
1386 3536 1442 3606 sit,-

343 3613 452 3693 palom
466 3613 645 3694 vociferatos
660 3635 733 3690 esse,
747 3622 801 3678 ont
815 3619 1027 3698 imperatorem
1041 3620 1074 3680 in
1081 3619 1242 3699 promocio
1261 3623 1443 3695 retenturos,
1543 3667 1551 3676 ,

350 3703 403 3758 ont
427 3717 494 3760 enm
518 3718 552 3761 eo
575 3700 608 3760 in
630 3700 756 3762 Italiam
777 3707 919 3765 venturos
943 3723 1015 3766 esse.
1059 3700 1332 3786 Disceptationem
1360 3701 1444 3764 inter

349 3787 517 3878 praetorem
531 3781 734 3867 legatumque
747 3785 915 3848 consulum
929 3785 1039 3849 relatio
1053 3785 1241 3870 interrupit3
1262 3785 1318 3869 qui
1335 3785 1356 3816 '¹
1369 3807 1444 3849 suas

349 3885 453 3926 oman
475 3866 664 3949 provincias,
686 3867 872 3953 priusquam
895 3869 934 3934 de
956 3870 1101 3954 praetoris
1122 3869 1263 3934 exercitu
1286 3879 1444 3952 ageretur,
1543 3902 1551 3942 n

348 3950 1445 4122 tottotollit&0,lllltl‘ltt‘ttltltttullttl
1537 4058 1540 4067 -

481 4199 546 4251 ‘asse
558 4203 653 4264 Kreyss.
667 4205 743 4253 Bekk.
999 4211 1015 4240 ¹²
1025 4209 1146 4256 charsena
1158 4209 1231 4255 Gran.
1243 4208 1314 4256 Cres.

213 4351 245 4398 2⁰
275 4352 429 4412 Gmtaaptsn
460 4347 600 4411 tirocinium]
640 4351 794 4414 Contemptus
826 4356 874 4401 suis
899 4356 1024 4414 provinciis
1046 4371 1104 4417 opus
1123 4364 1208 4405 essem.
1242 4356 1349 4404 Verbum
1369 4361 1448 4406 mari
1532 4392 1535 4411 1

181 4415 264 4460 tironis
275 4417 400 4462 exercitus.
826 4419 947 4478 proprium
961 4428 996 4468 est
1008 4421 1052 4468 hac
1063 4422 1088 4468 in
1101 4436 1133 4468 re.

212 4477 242 4522 sl
261 4479 320 4526 Saos
331 4481 409 4526 ornari
416 4473 557 4540 prmtueias]
576 4479 675 4526 Decerni
693 4493 791 4540 eaquae
