3094 4954
419 327 702 394 nlnxxxvss.
731 327 827 392 CAP.
853 327 934 392 ΧΠ.
1333 339 1369 399 91

118 485 237 624 mere,
250 485 344 560 utque
359 476 433 540 inde
448 483 596 554 armatos,
611 493 675 574 qun
687 475 869 574 prorimmn
877 495 936 560 per
945 495 1039 576 sgros
1048 477 1109 542 iter
1118 487 1209 559 esset,
1224 500 1252 547 υ.
1262 499 1288 546 c.
1301 499 1356 548 eoo.

189 581 314 624 ormum
335 562 376 624 sd
400 569 526 644 tergum
547 561 688 623 hostium
714 559 926 644 duoere,1pse
947 569 1085 640 mtenm,
1111 564 1209 627 classe
1223 565 1250 610 A·
1262 563 1289 610 0·
1303 564 1355 613 1⁹⁰·

117 645 231 724 divion,
250 653 289 708 nt
303 665 342 708 ex
356 653 491 728 utreque
503 653 594 728 perte
608 645 714 706 fnuoes
728 652 841 729 portus
859 653 990 724 teneret,
1016 646 1209 711 Penormum

116 729 209 812 petit.
261 729 476 792 Pensisnntus
504 729 618 812 primo,
646 737 684 791 ut
711 729 745 790 in
773 749 808 792 re
836 729 1032 813 necopinata,
1059 731 1208 796 turbatus

115 811 1208 976 nuttelfflltl‘tlrlrtttitttlltmtetttttt

115 981 300 1065 agminibus
325 917 613 1066 adqpromontoiia,
636 917 881 1062 quaepooornibus
910 981 1041 1066 objectis
1070 983 1110 1046 eb
1139 984 1204 1048 elto

115 1063 608 1212 t'lfflulllfflbdllltll‘
631 1064 1204 1216 tutelensium

114 1253 218 1315 quum
233 1233 403 1310 ttubneset,
419 1169 548 1316 reperite
569 1167 693 1295 muethto
715 1233 857 1310 oonsilio,
873 1251 969 1296 naves
993 1237 1203 1300 oonsoendere

114 1337 227 1380 omnes
236 1317 341 1401 jubet
382 1318 468 1379 'I'um
478 1337 551 1379 vero
564 1315 677 1462 Ἕω
691 1313 809 1413 per-iter
822 1317 958 1380 militum
974 1327 1203 1402 nautarumque

114 1399 285 1485 trepidatio
307 1409 385 1478 orte,
407 1407 440 1464 et
459 1400 569 1464 velut⁰
628 1421 670 1484 gn
688 1421 723 1462 m
743 1419 839 1463 neves
858 1399 935 1478 fieri,
958 1419 1058 1484 quum
1077 1423 1110 1464 se
1124 1404 1203 1468 muri

113 1485 562 1634 multam
575 1483 818 1632 libelli*
844 1485 1086 1633 fltltlt’
1107 1507 1203 1635 llll

115 1673 280 1738 erumpere
303 1651 338 1716 in
362 1673 448 1716 mere
469 1615 614 1737 np’ertum
638 1661 757 1738 posset,
773 1589 956 1737 plidstquam
964 1579 1203 1720 peonsc'endlise

115 1757 192 1802 suos
204 1738 295 1816 sidit,
316 1737 407 1822 sequi
426 1737 538 1800 ceteris
554 1737 664 1821 jussis,
687 1737 756 1822 ipse
777 1738 925 1823 princeps
946 1739 1102 1802 concitate
1124 1757 1203 1804 neve

114 1821 211 1886 remis
224 1823 515 1906 odostiumportus
525 1822 637 1885 tendit.
681 1821 1202 1908 Superentemjsmfnucesnavem

113 1906 184 1989 ejus
198 1905 408 1991 Polyxenidas
421 1905 525 1970 tribus
545 1903 824 1990 quinqueremibus
846 1903 1058 1972 circumsistit
1102 1907 1202 1973 Navis

114 1991 226 2054 rostris
239 1991 303 2054 iotn
317 1989 543 2076 subprimitur:
559 1991 629 2054 telis
644 1991 824 2054 obmuntur
835 2001 1105 2090 propugnatorem
1120 1992 1203 2058 inter

112 2095 197 2158 quos
219 2084 252 2138 et
273 2076 486 2139 Pausistmtus
507 2073 629 2160 inpigre
653 2095 801 2160 pugnans
823 2075 1019 2140 interficrtur.
1062 2077 1203 2140 Novium

12 2213 13 2218 ,
113 2158 309 2241 reliquorum
336 2167 408 2223 ante
434 2167 563 2244 portum
594 2159 673 2237 obre,
702 2159 771 2223 uliee
799 2160 834 2223 in
863 2167 960 2244 portu
989 2161 1202 2244 deprehensae,

112 2243 267 2326 quaednm
281 2263 301 2305 s
313 2243 481 2322 Nimndro,
503 2244 612 2307 ”dum
631 2243 808 2306 moliuntur
820 2265 839 2306 n
853 2253 945 2321 terra,
962 2253 1074 2328 oeptoe.
1110 2244 1203 2326 quin·

113 2347 179 2410 que
217 2333 344 2390 tuntum
370 2325 501 2392 Rhodioe
528 2347 625 2391 neves
653 2347 728 2389 cum
755 2327 880 2390 duabus
910 2327 986 2390 Cois
1014 2327 1202 2410 effugerunt,

112 2419 235 2474 terrore
250 2411 385 2474 flnmmae
403 2411 547 2476 micantis
560 2412 613 2476 vie
634 2411 695 2474 sibi
712 2410 796 2474 inter
814 2411 970 2474 consertes
993 2431 1090 2474 naves
1111 2411 1202 2476 seete.

112 2495 135 2526 ”
144 2495 251 2558 euntis
264 2495 348 2560 enim
363 2495 445 2560 binis
458 2515 478 2560 s
489 2517 585 2581 prore
598 2495 852 2580 prominentibus
870 2495 974 2559 trullis
991 2491 1099 2558 ferreis
1120 2496 1203 2559 mul-

113 2587 188 2642 tum
201 2588 388 2665 oonoeptum
400 2580 508 2664 ignem
521 2601 588 2665 prae
602 2602 635 2644 se
650 2579 829 2664 portabant.
858 2581 1035 2666 Erythraeae
1049 2579 1201 2659 triremes,

112 2685 216 2747 quum
242 2665 327 2728 hnud
340 2664 453 2750 procul
465 2686 484 2728 e
498 2665 593 2729 Sumo
609 2663 741 2728 Rhodiis
756 2665 901 2744 novibus,
913 2665 1030 2748 quibus
1044 2673 1082 2728 ut
1096 2671 1203 2728 essent

112 2747 273 2832 praesidio,
296 2749 477 2828 veniebant,
499 2749 601 2813 obvim
625 2748 820 2832 fugientibus
847 2749 991 2828 fuissent,
1015 2747 1049 2812 in
1078 2747 1202 2812 Helles·

111 2841 251 2980 &utum
270 2833 311 2896 ed
332 2835 494 2896 Romanos
512 2854 642 2897 cursum
660 2841 850 2897 evertenmt·
894 2833 962 2897 Sub
977 2834 1062 2896 idem
1073 2840 1202 2918 tempus

209 2937 267 2980 eus
287 2918 447 3002 proditum
470 2917 647 2995 Phoooeam,
668 2925 762 3002 porta
773 2937 839 2980 une
852 2936 910 3000 per
922 2918 1070 2980 custodes
1083 2926 1202 3001 aperte,

110 3001 251 3148 rd'eeqepin
273 3011 308 3149 stt
328 3001 431 3086 Cyme
453 3001 584 3086 olimque
603 3001 745 3086 ejusdem
767 3021 831 3064 01·ae
851 3000 948 3063 urbes
967 3000 1009 3063 sd
1025 3021 1100 3062 eum
1113 3008 1203 3064 metu

165 3107 283 3148 eoenm

154 3169 238 3232 ΧΠ.
261 3171 350 3232 Dum
373 3169 443 3232 haec
463 3169 497 3232 in
520 3169 646 3232 AEolide
670 3176 834 3254 gemntun
855 3167 992 3252 Abydus
1020 3187 1119 3251 quum
1145 3185 1202 3253 per

110 3253 235 3337 aliquot
264 3253 331 3316 dies
359 3251 555 3318 obsidionem
583 3253 757 3333 tolerasset,
785 3249 932 3338 praesidio
961 3251 1047 3338 regio
1076 3259 1201 3316 tutante

110 3337 241 3414 moenin,
251 3337 320 3421 jem
333 3338 482 3402 omnibus
495 3337 596 3418 fessis,
612 3337 738 3401 Philota
751 3357 877 3422 quoque
890 3337 1040 3422 praeleoto
1062 3333 1202 3422 proesidii

111 3422 329 3506 permittente,
349 3421 553 3506 magistratus
572 3441 682 3485 eorum
701 3443 775 3486 cum
795 3422 886 3486 Livio
906 3421 945 3485 de
967 3421 1201 3485 conditionibus

110 3505 278 3569 trudendre
294 3505 380 3569 urbis
394 3506 538 3590 egebunt
567 3527 635 3570 rem
649 3506 829 3584 distinebet,
844 3507 940 3590 quod,
953 3514 1062 3568 utrum
1077 3503 1201 3582 ermeli,

111 3611 150 3652 nn
177 3589 329 3668 inermes,
353 3591 574 3654 emitterentur
601 3591 689 3674 regii,
717 3609 832 3675 perum
860 3589 1076 3654 conveniebat.
1121 3589 1202 3652 Haec

111 3673 284 3758 egentibus
314 3695 415 3758 quum
442 3675 663 3740 intervenisset
690 3675 827 3738 nuncius
862 3673 1060 3738 Rhodiorum
1094 3671 1202 3752 cledis,

340 3827 445 3880 *niseus
457 3833 529 3880 Gron.
697 3833 787 3880 eueluti
799 3832 871 3879 (lton.
884 3832 951 3879 Crer.

141 3982 174 4029 w
192 3981 281 4028 ‘Telis
307 3979 456 4043 Mollibo]
485 3983 548 4030 'l'elis
569 3985 599 4030 nb
626 3990 725 4042 utroque
757 3998 807 4030 sere
818 3983 843 4030 in
852 3983 926 4030 ultum
936 3995 1071 4043 promovere
1082 3982 1197 4029 nituntur.
1222 3981 1251 4029 ln
1259 3995 1285 4028 re
1296 3980 1366 4028 simili

112 4046 282 4104 promontorio,
295 4059 310 4091 ι
322 4045 404 4090 dextra
422 4045 491 4092 simul
503 4055 526 4092 et
537 4047 639 4101 sinistre,
650 4047 725 4107 impe·
758 4047 805 4092 Cic.
813 4047 837 4092 in
847 4047 913 4094 Verr.
924 4047 941 4092 l.
952 4047 979 4093 V.
989 4046 1058 4102 nna,
1070 4052 1149 4094 uetere
1160 4061 1227 4094 earu
1236 4060 1277 4092 sno
1287 4046 1310 4091 in
1321 4045 1367 4090 loeo

113 4111 188 4155 titurio
201 4109 295 4154 bostem
307 4109 456 4156 secedentem
467 4111 497 4155 nd
508 4117 608 4169 portum.
758 4111 913 4156 moliebantur.

142 4173 175 4227 ³7
191 4173 315 4219 Nic-ander
326 4179 416 4218 eterra
426 4169 499 4232 virus]
518 4172 565 4220 Pro
575 4173 619 4220 bec
627 4173 726 4219 lectione
791 4173 822 4220 39
840 4173 939 4219 'Gontlr
947 4167 1017 4234 enlm]
1030 4169 1158 4219 Portubunt
1166 4169 1229 4217 enirn
1238 4169 1284 4215 tlt·
1296 4181 1367 4216 neres

113 4243 173 4281 nint
193 4237 242 4282 dno
258 4249 272 4280 e
291 4235 358 4281 MSS.
378 4235 485 4290 llnmii,
505 4245 584 4282 noster
596 4237 683 4282 Victor.
703 4245 728 4282 et
758 4237 858 4282 multum
876 4237 954 4296 ignem
972 4249 1094 4282 accensum
1112 4236 1137 4280 ln
1155 4232 1230 4279 trullls
1248 4231 1296 4278 rlve
1308 4231 1368 4279 ruis

114 4300 257 4360 mdquim
269 4299 335 4345 editi.
370 4297 539 4346 lisleornnlno
555 4301 694 4346 recentiores
711 4315 727 4346 a
758 4299 846 4356 ferreis,
875 4316 927 4360 que
954 4300 1049 4358 quidem
1076 4297 1152 4344 trulla
1179 4296 1369 4341 sustentabuntur

114 4369 173 4409 tm
185 4365 275 4410 dnm.
758 4364 832 4410 contis
849 4361 899 4412 slve
919 4364 1012 4424 penten
1030 4361 1101 4418 blnlr,
1121 4371 1135 4404 ι
1150 4371 1219 4418 prore
1234 4357 1368 4419 prominen-

143 4427 175 4473 ³8
192 4425 280 4474 'Dua
298 4427 422 4474 ordiuntur
439 4441 454 4474 o
473 4423 546 4489 terro]
565 4427 628 4474 Dum
639 4440 654 4474 ι
664 4433 727 4474 term
758 4427 828 4474 tibur.
