3108 4982
409 292 499 356 LIB.
522 291 595 360 XL.
632 292 729 362 CAP.
753 291 920 360 XXXIX.
1304 303 1371 370 279

107 445 229 523 sedem,
252 443 288 508 in
313 461 378 526 qua
399 441 500 527 geniti
523 449 639 522 essem,
663 444 808 530 seprdcra
829 445 998 530 majorum,
1020 453 1208 532 cogerentur
1221 467 1287 516 uc.
1299 469 1354 525 ars.

106 530 297 612 relinquere,
312 547 410 606 arma,
423 527 551 592 obsides
607 528 806 594 llicebantur.
831 539 1000 615 postquam
1016 530 1097 594 nihil
1117 531 1207 616 inpe-
1220 532 1249 582 ‘i
1262 533 1288 580 ⁰·
1302 533 1355 582 ¹⁰⁰·

108 614 248 690 trabant,
274 633 378 694 neque
400 611 483 676 vires
507 612 548 676 ad
564 550 754 678 billundum
778 623 877 692 erant,
891 615 995 678 edicto
1021 624 1205 700 paruerunt.

109 697 265 762 Traducti
280 705 357 760 sunt
371 695 501 782 publico
515 705 625 760 sumtu
640 697 681 760 ad
694 699 903 782 quadraginta
922 699 1021 764 millia
1033 699 1205 766 liberorum

111 783 255 879 capitum
280 803 353 846 cum
379 780 505 844 leminis
527 781 708 866 puerisque.
742 784 764 816 ’⁸
775 783 897 867 argenti
922 784 996 848 data
1020 793 1149 848 centum
1173 793 1206 850 et

112 865 345 950 quinquaginta
367 864 498 942 milliar,
522 865 648 943 ”unda
672 867 706 930 in
731 889 829 931 novas
856 868 950 946 aedes,
976 877 1205 953 compararent,

138 972 189 1014 uae
212 971 293 1034 opus
313 957 429 1012 essent.
466 969 541 1033 agro
567 949 737 1014 dividendo
759 952 927 1036 dandoque
951 952 1056 1030 iidem,
1071 953 1127 1037 qui
1142 963 1205 1016 tra·

114 974 280 1111 duxerant,
292 1033 460 1098 Cornelius
472 1043 504 1096 et
516 1033 645 1098 Baebius
655 1036 826 1119 praepositi.
848 1037 1085 1121 postulantibus
1098 1047 1205 1102 tamen

114 1120 124 1182 i
149 1119 202 1196 sis,
217 1117 419 1202 quinqueviri
433 1117 473 1182 ab
489 1127 601 1182 senatu
616 1119 691 1197 dati,
713 1141 849 1217 quorum
865 1143 903 1184 ex
919 1121 1050 1185 consilio
1065 1130 1203 1220 agerem.

200 1213 286 1266 sacta
300 1223 344 1280 nc,
367 1223 465 1286 quum
481 1211 618 1266 veterem
638 1215 810 1268 exercrtum
835 1205 968 1268 Romam
988 1206 1204 1286 dedumsscnt,

113 1289 297 1372 triumphus
321 1287 362 1350 ab
382 1295 494 1350 senatu
519 1295 568 1350 est
589 1287 743 1352 decretus.
789 1289 834 1352 Hi
849 1289 992 1352 omnium
1007 1289 1101 1374 primi
1116 1291 1204 1356 nullo
1218 1298 1361 1359 resumptus

113 1372 197 1438 ΜΗΘ
212 1381 303 1456 ἔθθῐθ
315 1371 410 1436 trium
436 1371 562 1436 hamul.
583 1371 605 1402 “
613 1381 739 1436 tautum
753 1373 862 1436 hostes
877 1373 965 1438 ducti
976 1382 1049 1436 ante
1060 1395 1203 1440 cunum,
1217 1363 1354 1410 rutissano

114 1457 200 1540 quia,
215 1477 274 1518 nec
310 1456 385 1520 uidd
414 1464 544 1532 erretur,
558 1477 661 1539 neque
676 1457 754 1540 quid
769 1457 937 1521 duceretur
950 1466 1090 1542 captum,
1101 1479 1204 1541 neque
1216 1434 1289 1484 muta

113 1540 195 1624 quid
209 1539 302 1602 militi
324 1561 361 1602 us
376 1540 514 1618 daretur,
527 1540 701 1624 quidquam
716 1541 749 1604 in
764 1541 935 1626 triumphis
950 1563 1060 1606 eorum
1074 1542 1186 1608 suerat.

158 1623 324 1690 XXXIX.
346 1625 469 1688 Eodem
492 1645 576 1688 anno
599 1625 632 1688 in
657 1625 815 1710 Hispania
837 1626 969 1690 Fulvius
985 1626 1118 1692 Flaccus
1130 1647 1203 1711 pro-
1216 1643 1263 1690 aa
1280 1643 1366 1703 tttsps·

112 1708 225 1774 consul
235 1719 257 1786 ·,
272 1708 346 1792 quia
355 1729 518 1774 successor
531 1708 564 1772 in
579 1710 772 1794 provinciam
787 1711 909 1776 tardius
920 1710 1076 1790 veniebat,
1088 1711 1203 1776 educto
1215 1707 1268 1754 ¹¹¹²

111 1794 251 1858 exercitu
275 1813 315 1856 cx
338 1793 488 1871 hibernis,
512 1793 692 1857 ulteriorem
717 1794 896 1860 Celtiberioe
912 1817 1034 1880 agrum,
1057 1797 1142 1860 unde
1163 1795 1204 1860 sd

110 1878 305 1942 deditionem
330 1899 396 1942 non
420 1886 581 1957 venerant,
609 1877 726 1943 institit
751 1890 883 1944 vastare.
919 1901 983 1965 qua
1011 1901 1046 1944 re
1070 1879 1204 1945 irritavit

110 1962 222 2048 magis,
245 1983 343 2046 quam
366 1961 550 2042 conterruit,
573 1962 695 2027 animos
716 1963 942 2030 barbarorums
965 1973 1007 2045 et,
1022 1965 1103 2028 clam
1117 1986 1204 2029 com-

110 2047 229 2131 paratis
258 2046 369 2130 copiis,
396 2046 514 2110 saltum
542 2047 754 2127 Manlianum,
780 2071 839 2133 per
867 2071 963 2132 quem
992 2049 1203 2114 transitumn

109 2131 285 2196 exercitum
311 2132 492 2196 Romanurn
513 2131 589 2196 satis
608 2131 760 2211 sciebant,
781 2133 984 2197 obsederunt.
1028 2133 1068 2196 ln
1085 2132 1203 2216 Hispa-

108 2215 198 2281 niam
217 2215 396 2278 ulteriorem
417 2215 508 2286 eunti
527 2215 565 2280 L.
582 2215 747 2280 Postumio
760 2217 880 2280 Albino
893 2216 1021 2300 collegae
1038 2215 1203 2280 Gracchus

108 2299 326 2377 mandaverat,
348 2300 369 2334 ³¹
381 2307 418 2362 ut
434 2299 476 2366 Q.
492 2299 642 2366 Fulvium
658 2300 822 2364 certiorem
846 2301 972 2378 iaceret,
994 2299 1203 2364 Tarraconem

108 2383 284 2452 creceium
304 2383 483 2448 adduceret.
519 2385 563 2449 ibi
588 2385 612 2420 ⁸¹
623 2385 738 2448 dimitti
755 2390 923 2462 colmanus,
942 2385 1205 2466 supplementoque

108 2469 301 2546 distribuere,
316 2475 346 2532 et
358 2469 503 2532 ordinare
516 2489 631 2534 mrtem
645 2471 810 2532 merebam
823 2487 888 2534 sese
900 2469 985 2532 uelle.
1028 2467 1107 2532 Dies
1123 2488 1201 2550 quo-

108 2573 184 2636 que,
209 2560 242 2615 et
263 2574 300 2616 es
319 2553 512 2702 pimpiuqua,
537 2553 622 2618 edita
644 2553 758 2618 Flacco
781 2561 847 2653 est,
861 2575 925 2638 qua
944 2573 1107 2616 successor
1120 2558 1204 2650 essqt

108 2645 274 2702 venturus.
353 2659 399 2702 arc
424 2659 506 2702 nova
530 2637 635 2701 adlata
657 2638 971 2723 res,omiss1s,quse
996 2659 1088 2723 agere
1111 2636 1203 2700 instt·
1217 2615 1316 2726 ml

109 2729 224 2801 tuerat,
253 2721 403 2786 Flaccum
435 2721 551 2806 raptim
579 2721 733 2788 deducere
761 2723 934 2788 exercitum
963 2743 1003 2786 ex
1033 2721 1366 2790 Celtiberiannannnr.

140 2871 217 2918 ‘add-
228 2873 356 2920 ustertidss
368 2873 441 2918 (ison.
455 2872 522 2920 Cres.
652 2867 737 2934 tlqnod
745 2873 783 2918 bic
795 2879 818 2918 et
830 2871 865 2920 bis
877 2872 986 2933 deinceps
999 2871 1096 2932 Kreyss.
1109 2871 1186 2920 sets.

492 2941 639 2996 'propretor
650 2935 723 2982 oron.
736 2937 806 2982 Cres.

140 3075 174 3124 Ἃ
199 3077 299 3135 Armati
324 3076 381 3122 dats
402 3081 489 3122 mssa
510 3081 534 3123 et
555 3077 722 3137 quinquaginta
754 3073 790 3120 sel
803 3074 953 3133 qmdngnos
971 3071 1087 3120 denarios.
1120 3071 1167 3118 Sed
1183 3085 1256 3132 qaum
1275 3071 1366 3119 denarii

106 3137 194 3200 duta]
234 3139 365 3186 Glareanus
393 3139 541 3186 dubitanter:
569 3138 722 3200 adjicieadsss
756 3137 859 3194 ttonuo
881 3137 983 3184 edisisat
1005 3135 1169 3182 tantummodo
1190 3135 1282 3196 pondus
1303 3149 1365 3184 mar·

103 3211 169 3264 pato,
187 3205 321 3250 sestertiass
357 3203 408 3248 Hoc
424 3201 488 3250 vetut
508 3217 537 3250 ea
554 3203 648 3249 oraculo
667 3217 721 3264 pro·
754 3215 833 3248 carum
856 3201 946 3261 argenti
970 3199 1135 3246 Parisiensium
1154 3199 1202 3246 sere
1219 3197 1366 3254 maledie

107 3267 195 3314 tectum
213 3267 363 3328 arripuerunt
380 3267 481 3312 editores
498 3279 579 3312 ornnes
595 3267 655 3312 etin
667 3280 723 3312 con·
754 3265 922 3312 crediderimus
942 3277 1066 3310 numerum
1083 3263 1128 3310 boc
1144 3263 1194 3310 loco
1211 3275 1262 3309 esse
1281 3263 1366 3322 depra-

108 3339 201 3376 tastum
230 3330 387 3385 inseruerunt,
410 3344 483 3389 quum
510 3337 589 3376 tameo
612 3330 672 3376 nibli
692 3330 723 3376 ait
754 3329 1124 3387 satum,etmincremeoquem
1137 3325 1333 3374 biviusdedsrst.

107 3393 188 3440 minus
199 3393 327 3454 probabile.
360 3391 440 3440 Primo
458 3393 521 3439 enim
538 3407 585 3439 non
602 3393 722 3440 existima·
786 3394 818 3442 29
839 3393 903 3440 Uada
925 3395 949 3440 is
969 3407 1037 3440 sosas
1057 3387 1129 3452 ades]
1148 3391 1199 3438 lmo
1216 3391 1296 3438 sedus
1319 3403 1367 3450 qua

108 3471 162 3502 snus
180 3471 209 3502 ex
230 3471 274 3502 usu
293 3455 364 3502 fuisse
387 3457 522 3502 Latinorum
543 3465 569 3502 ut
588 3471 660 3516 quum
681 3471 723 3516 per
754 3471 810 3504 soce
821 3455 1003 3503 continebuntur
1014 3463 1038 3502 et
1049 3456 1132 3502 domus
1143 3462 1167 3500 et
1178 3453 1236 3514 agri.

107 3520 228 3567 sestertios
248 3527 407 3574 nrrmerarent,
425 3527 569 3580 apponerent
588 3535 667 3566 rocem
684 3535 723 3566 or·
787 3520 820 3566 8⁰
840 3521 935 3566 aaran
947 3520 1159 3566 bestesdscttasts
1169 3513 1273 3573 cam]
1298 3515 1364 3563 Anu

106 3586 182 3646 gast,
193 3597 246 3642 que
258 3584 353 3642 quidem
366 3583 462 3630 omnino
477 3597 650 3643 supervacanea
666 3591 723 3638 erat,
756 3584 796 3644 qui
808 3597 832 3629 se
844 3583 992 3638 dediderant,
1003 3582 1127 3628 duodecim
1138 3581 1260 3628 bominum
1272 3579 1365 3627 miliisi

126 3662 183 3694 uum
196 3647 254 3693 nulli
265 3655 343 3692 essem
354 3646 454 3694 sestertii
471 3647 511 3693 alii
523 3661 593 3708 quam
610 3647 723 3706 argentei.
757 3647 794 3693 An
813 3647 940 3707 legendum
957 3647 1063 3694 obsides!
1080 3654 1106 3690 ut
1121 3645 1253 3706 suspicatur
1272 3643 1365 3690 Grono-

108 3663 219 3757 &modo
230 3719 324 3756 centum
337 3717 360 3756 et
372 3711 542 3770 quinquaginta
553 3710 626 3755 millia
638 3719 722 3770 sester·
755 3709 814 3756 sius.
849 3710 934 3756 Parum
951 3709 1037 3768 liquetr
1055 3723 1099 3754 nec
1111 3707 1191 3768 magni
1203 3707 1315 3754 momenti
1327 3720 1365 3755 res

109 3774 170 3820 tittrn
178 3774 469 3833 aquantmarcassrgenti
481 3773 722 3820 nostratesiiildtere:
754 3781 797 3820 est.
831 3772 886 3818 Mox
897 3787 939 3832 pro
950 3779 985 3818 ter
996 3771 1095 3832 repetito
1104 3773 1166 3832 qaid,
1174 3771 1293 3817 valtidem
1303 3771 1364 3817 Gro-

108 3851 202 3884 summa
214 3837 354 3896 perridicule
363 3837 456 3895 exigua,
468 3851 520 3897 qua
532 3837 556 3882 in
568 3837 723 3895 quadraginta
754 3837 844 3891 novius,
856 3850 903 3882 non
915 3835 1039 3890 immerito,
1052 3843 1088 3880 ter
1099 3835 1180 3894 reponi
1191 3835 1257 3895 qaod.

108 3902 233 3948 minum
245 3900 456 3947 miltiadiridatur.
492 3901 722 3959 Reserandumerqo
785 3899 814 3946 ili
839 3901 869 3946 Us
883 3899 910 3949 Q·
924 3899 1027 3946 Fstoisss
1038 3901 1155 3946 certiorem
1164 3895 1262 3958 jaceret,
1277 3895 1364 3943 rma·

108 3965 222 4011 duximus
232 3963 399 4010 inconcinnum
411 3964 605 4010 additamentum·
631 3963 722 4010 Rursus
752 3979 827 4010 cossas
848 3965 968 4010 eaercs'tsss
991 3957 1126 4021 sddscnet]
1170 3961 1256 4007 Sensus
1274 3965 1316 4014 est,
1338 3965 1365 4004 st

108 4027 722 4087 stvetiareuinmusvetsejtciemuspueo,inmens
750 4029 845 4087 juberet
867 4027 895 4076 0,
917 4025 1026 4072 Fulvium
1050 4025 1167 4072 adducere
1188 4021 1316 4072 exercitum
1339 4020 1364 4067 in

109 4091 202 4150 pondua
224 4091 315 4148 argenti
343 4099 463 4150 exsurget,
496 4105 581 4138 muca
608 4099 722 4137 nostrates
754 4093 836 4136 urbem
849 4090 1011 4136 Tarraconem.
1045 4089 1090 4136 ded
1107 4088 1240 4134 dubitamus
1256 4097 1286 4130 an
1299 4083 1364 4130 locu·

109 4153 223 4210 ssdfflb,
236 4163 392 4213 praeterquam
411 4155 473 4214 quod
486 4153 611 4200 verisimile
623 4167 670 4202 non
687 4161 723 4202 est
755 4155 788 4199 tio
806 4153 862 4200 satis
881 4167 984 4212 congrua
1004 4159 1028 4198 et
1043 4165 1072 4198 ea
1092 4165 1135 4196 usu
1151 4151 1218 4194 boon
1232 4146 1364 4194 Latinitatis

108 4227 235 4276 agentum
248 4230 295 4262 aaa
305 4217 424 4276 signatum
437 4217 561 4277 Liguribus
570 4219 651 4264 datum
663 4232 722 4264 esse.
754 4217 911 4264 habendasit.
946 4215 1043 4264 Nullum
1061 4221 1124 4262 certe
1140 4211 1205 4258 aliud
1220 4211 1363 4269 sJuseaem·

109 4281 262 4341 Suspicamur
280 4281 357 4340 potius
376 4295 418 4340 per
431 4279 459 4328 rb
470 4283 559 4342 argenti
570 4280 608 4327 bie
624 4279 722 4328 indicari
754 4281 820 4340 pium
833 4281 947 4326 novimus.

108 4343 226 4400 denarios,
238 4345 437 4404 quemadmodum
456 4345 480 4392 in
498 4343 656 4403 compluribus
671 4344 723 4390 aliis
786 4343 819 4392 82
837 4345 930 4390 Dissilit
939 4349 1063 4395 veteranos,
1078 4339 1272 4399 supplementaque
1283 4335 1363 4384 distri·

107 4407 165 4456 iocis
183 4407 223 4454 b·
243 4411 421 4468 rocacarpests'
437 4409 509 4470 bigati
528 4407 564 4453 rel
583 4409 723 4470 quadripsts',
756 4404 835 4470 isere]
854 4407 960 4454 fortasse
971 4405 1091 4452 dimittere.
1123 4401 1284 4448 Gronovius.

104 4474 196 4532 juna·
212 4483 267 4518 suas
284 4484 383 4518 numero
393 4471 473 4528 seium,
484 4470 619 4530 exprimunt
633 4471 723 4531 biqstos
