3118 5002
522 315 609 380 LIB.
633 316 706 381 XL.
742 317 838 382 CAP.
865 319 954 385 LVI.
1354 327 1417 390 293

157 467 329 615 pterosque
358 464 498 530 exitiales
526 465 689 530 Demetrio
719 465 779 531 sub
805 467 934 532 nomine
962 467 1133 534 Flaminini
1161 469 1253 535 adtu·
1266 490 1332 602 {L'g
1345 490 1401 610 ng.

170 561 270 616 erant.
1287 587 1294 602 .

201 637 272 700 LV.
295 636 405 700 Falsas
429 657 508 714 esse,
531 643 563 698 et
586 657 605 698 a
627 635 730 702 scriba
756 637 892 716 vitiatas,
914 636 1105 722 signumque
1130 639 1252 703 adulte-

158 721 276 800 rinum,
290 721 387 806 vulgo
410 721 444 784 in
466 743 500 784 re
524 721 553 784 'a
574 720 760 786 fremebant.
804 721 965 837 Ceterpm,
1003 745 1082 786 uum
1105 732 1253 808 suspecta

235 806 242 819 .
490 806 496 819 .
890 810 898 841 ¹
1144 808 1150 821 .

158 813 772 976 Xnniighrildiadldmlplidlieerisid’sqeirseeibmesd
784 807 1057 976 fiiiteregisiirlcedi⁸
1066 807 1252 977 phidlildtufii

159 975 268 1038 relicto
299 998 336 1039 eo
370 975 568 1054 custodibus,
591 975 774 1060 Antigonus
804 977 845 1040 ad
872 976 1057 1062 Philippum
1086 977 1250 1063 processit.

158 1061 280 1140 Multis,
295 1061 410 1144 inquit,
425 1061 611 1124 sermonibus
625 1062 808 1125 intellexisse
822 1063 937 1139 videor,
951 1083 1060 1144 mopso
1074 1069 1104 1126 te
1118 1065 1250 1126 estima-
1264 1063 1402 1142 innosque

158 1151 269 1223 turum,
283 1147 311 1208 si
325 1148 405 1210 scire
418 1167 491 1208 vera
505 1148 606 1209 omnia
614 1148 718 1226 possis
731 1147 768 1210 de
775 1147 855 1228 filiis
870 1149 942 1224 tuis,
952 1153 1021 1209 oter
1036 1147 1074 1210 ab
1088 1154 1158 1212 atro
1168 1151 1250 1229 peti-
1264 1129 1376 1239 fflffiml

157 1230 331 1311 tussroude
352 1237 382 1294 et
399 1231 520 1294 insidiis
541 1237 627 1294 esset.
671 1231 770 1294 Home
795 1251 873 1294 ιιιιιιι
897 1233 1039 1310 omnium,
1063 1235 1115 1313 qai
1139 1207 1307 1296 ιιιιάιιιιιιικιὶ
1344 1225 1351 1239 ’

157 1315 1249 1481 ᾟιθιξίεἵζὲἷιῖιειηιθῖᾝίειῖιθίιῗωῶἰηίηνερᾳτξιξτιῖξίαέἶὶιὲῗνέμῖἴ.

159 1485 294 1548 ductust
308 1485 411 1570 primo
425 1423 473 1548 iti
479 1506 593 1570 negare
600 1421 841 1564 metandi?
839 1493 886 1563 ut,
897 1506 996 1570 parvo
1005 1494 1095 1550 metu
1109 1448 1249 1566 admoto,

159 1577 306 1654 paratum
319 1569 455 1634 indicem
468 1591 537 1634 esse
558 1570 732 1655 adpareret.
761 1579 969 1656 conspectum
989 1571 1118 1635 tortoris
1139 1572 1248 1636 verbe-

158 1675 295 1738 rumque
320 1677 384 1718 non
408 1653 579 1718 sustinuit:
615 1655 822 1740 ordinemque
845 1677 973 1720 omnem
995 1655 1143 1720 facinoris
1163 1656 1249 1742 lega-

157 1747 264 1802 torum
280 1739 507 1825 ministeriique
521 1739 572 1804 sui
582 1739 739 1826 exposuit.
764 1741 936 1826 Extemplo
947 1739 1045 1819 missi,
1057 1740 1113 1825 qui
1127 1741 1248 1827 legatos

156 1846 227 1888 com
252 1825 470 1903 rehenderent,
482 1825 665 1905 Philoclem,
677 1825 732 1910 qui
747 1847 889 1911 praesens
903 1833 981 1905 erat,
1000 1825 1042 1890 ob
1065 1835 1246 1892 resseruntr

157 1847 296 1996 Apelles,
310 1910 426 1974 missus
441 1910 482 1974 ad
497 1909 662 1974 Chaeresm
672 1911 841 1995 quemdem
854 1932 1031 2010 persequen
1054 1933 1120 1990 um,
1131 1911 1248 1976 indicio

158 1994 266 2078 Xychi
294 1995 414 2075 audito,
440 1994 474 2058 in
501 1994 626 2058 ltaliam
649 1995 780 2080 trajecit.
832 1996 883 2060 De
907 1995 1046 2060 Philocle
1067 1996 1147 2060 nihil
1171 1996 1249 2060 certi

156 2080 324 2164 vulgatum
346 2089 404 2144 est.
433 2079 485 2143 alii
508 2081 611 2166 primo
634 2081 795 2144 audaciter
820 2088 999 2166 negantem,
1022 2089 1192 2166 postquam
1214 2081 1248 2144 in

159 2173 365 2248 conspectum
389 2165 546 2229 adductus
570 2165 612 2229 sit
635 2165 782 2250 Xychus,
796 2187 862 2229 non
884 2165 968 2228 ultra
981 2167 1173 2242 tetendisse3
1195 2165 1248 2230 alii

159 2257 319 2312 tormenta
332 2249 425 2313 etiam
449 2249 642 2314 inficiantem
664 2271 852 2348 perpessum
876 2250 1054 2313 adfirmant.
1099 2249 1248 2334 Philippo

158 2333 392 2432 redintegratus
406 2343 454 2398 est
468 2335 575 2399 luctus
588 2343 831 2421 geminatusque
843 2358 851 2397 ι
874 2343 906 2398 et
920 2333 1136 2398 infelicitatem
1158 2355 1249 2398 susm

158 2419 191 2482 in
206 2418 313 2483 libens
327 2419 512 2506 graviorem,
527 2419 547 2452 ¹¹
558 2419 644 2504 quod
655 2419 734 2483 alter
746 2419 880 2505 perisset
888 2429 913 2498 ¹¹,
927 2418 1085 2483 censebat.

202 2503 291 2568 LVI.
314 2505 458 2584 Perseus,
473 2504 587 2570 certior
606 2505 708 2568 fectus
731 2505 838 2568 omnia
858 2504 982 2568 detecta
995 2525 1074 2582 esse,
1088 2503 1250 2589 potentior

160 2588 288 2672 quidem
305 2597 381 2669 erat,
396 2611 493 2674 quam
507 2598 545 2653 ut
555 2589 665 2689 fugam
674 2589 882 2654 necessariam
897 2590 1037 2654 duceret.
1061 2597 1198 2668 tantum,
1212 2597 1249 2653 ut

159 2673 271 2772 procul
293 2673 426 2754 obesset,
441 2675 582 2754 curabat,
597 2674 722 2739 interim
742 2675 830 2740 velut
853 2675 893 2740 ab
918 2673 1064 2739 incendio
1085 2674 1249 2760 flagrantis

158 2779 224 2837 rrae,
240 2759 317 2822 dum
334 2759 502 2845 Philippus
517 2759 645 2839 viveret,
661 2781 695 2822 se
709 2760 907 2824 defensurus.
937 2759 1003 2844 qui,
1019 2781 1076 2845 spe
1098 2757 1249 2845 potiundi

158 2843 199 2906 ad
214 2864 342 2928 poensm
356 2843 496 2930 corporis
511 2844 580 2930 ejus
601 2844 725 2924 omissa,
741 2845 828 2929 quod
851 2845 1008 2929 reliquum
1032 2852 1108 2922 erat,
1123 2844 1157 2908 id
1180 2851 1248 2908 stu·

157 2929 242 3007 dere,
257 2950 298 2992 ne
323 2950 418 3014 super
439 2929 652 3015 inpunitatem
671 2929 765 2994 etiam
786 2930 918 3013 praemio
941 2929 1065 2992 sceleris
1081 2929 1248 2992 frueretur.

158 3013 358 3098 Antigonum
372 3014 470 3099 igitur
484 3014 640 3099 adpellst3
655 3013 707 3077 cui
721 3023 754 3076 et
768 3013 873 3098 palam
887 3013 962 3076 facti
975 3011 1132 3097 parricidii
1147 3011 1248 3096 gratia
1260 3027 1382 3088 Antigoni

158 3097 316 3162 obnoxius
331 3107 521 3182 eretusque
537 3099 723 3184 pudendum
736 3107 792 3161 aut
805 3097 1026 3183 poenitendum
1046 3117 1120 3160 sum
1141 3117 1247 3180 regem
1261 3107 1359 3168 regnum

159 3183 402 3262 Macedonibus,
414 3191 544 3270 propter
559 3191 716 3248 recentem
730 3183 836 3268 patrui
851 3181 1004 3266 Antigoni
1023 3180 1166 3267 gloriam,
1181 3181 1246 3244 fore
1260 3158 1393 3268 grippum

158 3267 317 3332 censebat.
363 3268 490 3341 Quum
512 3269 546 3332 in
560 3290 627 3332 eom
640 3267 800 3350 fortunam
818 3269 896 3346 oeni,
910 3266 1025 3351 inquit,
1037 3267 1200 3347 Antigone,
1212 3273 1247 3329 at
1261 3237 1389 3347 Philippus

158 3353 276 3415 orbitas
302 3353 387 3430 miti,
415 3373 505 3434 qoam
533 3355 589 3416 olii
616 3353 806 3416 detestantur
828 3358 986 3434 parentes,
1013 3351 1156 3433 optabilis
1183 3371 1247 3416 esse

158 3437 266 3500 debeat
273 3463 284 3510 ;
307 3457 440 3518 regenam,
456 3437 538 3518 quod
550 3459 570 3500 a
577 3443 693 3520 patruo
708 3443 759 3500 tuo
765 3436 857 3518 sorti,
867 3458 926 3500 aon
939 3438 1035 3500 solam
1042 3436 1141 3516 fideli,
1152 3437 1247 3500 tutele

157 3521 223 3601 ejus
236 3521 417 3584 nestoditom
431 3527 595 3586 etinctum
609 3523 701 3586 etiam
719 3523 832 3603 occepi,
846 3522 882 3584 id
894 3522 950 3584 tibi
963 3522 1085 3584 tradere
1098 3521 1133 3584 in
1146 3521 1247 3584 cremo

287 3683 405 3730 ⁸otloten
418 3681 513 3744 Xreyss.
527 3681 623 3778 lieth.u
748 3677 827 3743 tjcss
861 3682 893 3729 Et
904 3683 1016 3730 adductus
1028 3679 1123 3740 steyn.

193 3884 223 3932 1⁰
240 3881 346 3946 Xychus]
364 3885 423 3936 Quis
436 3885 475 3933 ille
486 3886 524 3942 sit,
536 3893 559 3934 et
575 3901 616 3933 eur
634 3885 769 3946 planissime
794 3881 890 3948 juberet
908 3884 955 3946 legi
974 3883 1025 3932 vult
1041 3883 1108 3947 jube.
1141 3885 1188 3933 Sed
1207 3885 1258 3934 hree
1276 3883 1410 3932 emendatio

158 3957 239 3996 nosset
253 3949 359 3994 ordinem
371 3949 509 3996 insidiarum
525 3951 549 3998 in
563 3951 716 4006 Demetrium,
728 3951 768 3997 de·
802 3951 932 3996 necessaria
944 3963 991 3996 non
1003 3950 1103 3996 ridetur.
1138 3950 1238 3996 llutatio
1249 3950 1312 3996 enim
1324 3947 1410 3993 oratio·

157 4015 242 4059 buerst
255 4013 335 4059 Livius
352 4027 478 4074 exponere.
518 4013 598 4060 *Non
618 4015 698 4075 inepte
717 4029 768 4060 ιιιι-
802 4013 838 4060 nie
851 4010 1409 4073 directninindireetem,quemrienonedmo·

157 4077 231 4136 picari
249 4091 373 4136 ρωιιιιιιιιι
389 4077 453 4124 hunc
464 4077 573 4138 Xychum
588 4079 658 4125 hrisee
670 4079 769 4126 scribam
802 4077 858 4124 dum
877 4077 986 4138 frequens
1004 4078 1041 4133 eit,
1053 4093 1100 4124 non
1112 4085 1175 4124 caret
1192 4085 1270 4122 temen
1288 4073 1410 4132 exemplis.

157 4141 234 4193 illum.
245 4141 285 4199 qul
295 4141 365 4187 inodo
374 4152 515 4188 memoretur
523 4151 559 4188 eet
567 4141 655 4188 litteras
664 4142 770 4188 exitiales
803 4142 856 4188 via
875 4143 1006 4190 orationem
1025 4142 1117 4194 Quintii
1137 4141 1167 4187 sd
1186 4139 1292 4193 seneen.
1310 4135 1409 4184 XXXV.

159 4203 282 4251 Demetrio
304 4206 334 4250 ab
354 4205 437 4264 Apelle
458 4213 482 4250 et
502 4205 605 4252 Philocle
624 4205 707 4264 legetis
725 4207 769 4250 sub
802 4205 841 4253 49.

158 4267 255 4314 nomine
269 4267 396 4315 rhmrnrnr
405 4268 487 4314 allatu
498 4267 602 4316 vitiasse.
633 4269 769 4315 Eodueunt
836 4267 866 4316 12
885 4270 951 4319 Quos
968 4271 1028 4317 ouer
1043 4263 1151 4330 perteret]
1170 4267 1232 4324 hege
1248 4279 1301 4310 enm
1316 4264 1409 4312 Morere

156 4330 210 4377 hee
221 4347 273 4392 quer
284 4345 339 4378 mox
354 4339 483 4390 sequentur
493 4333 577 4378 rerba:
595 4333 768 4380 ordinem...
801 4339 933 4392 superesset.
964 4334 1028 4380 Nihil
1040 4333 1133 4378 certius.
1167 4329 1233 4374 intre
1245 4326 1409 4386 Philippuud

156 4391 361 4454 cumsacr'eoris
373 4396 498 4456 legurm
509 4398 672 4456 ministeriique
682 4399 725 4444 esi.
802 4395 961 4456 Antigonum:
988 4399 1097 4447 θιιοιιὲιιι
1116 4397 1140 4440 ie
1157 4407 1206 4440 een
1218 4388 1341 4453 sertum
1359 4397 1410 4442 eset

193 4457 219 4506 ll
240 4459 310 4506 Forte
328 4455 442 4520 miser]
472 4459 534 4520 Lege
553 4475 607 4507 eum
630 4459 768 4520 Tanaquilis
800 4463 976 4508 ...stertitur
985 4461 1095 4506 miii...
1109 4457 1386 4517 apsetianensium.

158 4523 251 4570 reem:
261 4520 327 4584 seete
337 4523 443 4572 oblatam.
477 4524 610 4571 Gronovius
621 4537 715 4584 queque
726 4539 769 4584 pro
