3086 4952
349 317 438 384 LIB.
460 315 622 382 xxxvi.
646 317 741 384 CAP.
769 321 900 387 xxxi.
1286 329 1328 392 69

65 467 266 532 Antiochum
279 466 314 530 in
330 463 489 530 Grumum
509 465 725 530 adduxissent,
768 470 832 533 Sed
847 471 1085 550 materiarum,
1098 489 1163 552 que
1177 490 1206 537 u.
1216 491 1242 538 e.
1253 491 1309 539 aaa.

66 555 168 634 erupis
190 551 380 633 reprehendi,
394 571 484 632 quom
498 553 622 633 conici,
640 553 770 632 potuim,
785 553 910 616 oblitum
931 574 974 633 ae,
988 555 1162 636 masuetu-
1175 555 1204 602 A.
1216 555 1242 602 ⁰·
1256 553 1308 602 191.

64 659 146 714 reru,
161 645 195 700 ut
214 638 338 699 multet
362 635 499 698 anem
518 635 609 698 reno
630 655 742 700 eorum.
784 639 908 700 AEtoloa
935 659 1049 720 meoque
1067 639 1162 720 finire

65 723 187 784 lundon
212 721 360 784 meua
382 739 415 782 ae
436 719 507 782 odiu
530 719 657 794 debere‚·
679 725 710 784 et
731 721 923 784 Nacoadncm
934 725 1085 803 meatim
1097 723 1161 804 eiua

65 807 136 884 diei,
151 827 210 888 quo
222 811 363 869 matur
376 825 396 866 a
409 801 545 884 reseret,
555 805 733 868 meminisse.
777 805 828 869 Ita
839 804 931 884 datis,
941 805 997 890 qui
1010 805 1044 870 in
1052 814 1160 870 tutum

64 911 138 952 eum
184 896 440 973 rosaquerentur,
466 886 631 984 lippatam
652 887 814 952 Nicander
838 889 1093 956 consultantibus
1118 892 1158 956 de

63 995 305 1122 paneXXmahpp
317 979 604 1134 slibiihe'iivoe,ualitudine,
619 1063 675 1120 aut
689 1077 838 1122 concessa
849 1057 943 1122 militi
958 1057 1041 1122 cuca
1055 1059 1157 1124 Here-

62 1141 163 1204 cleam
177 1141 298 1226 pmda,
312 1149 483 1225 postquam
497 1160 555 1203 nec
578 1140 718 1226 Hypatae
762 1149 850 1206 acuta
872 1163 940 1206 esse
963 1143 1102 1222 consilia,
1124 1153 1157 1208 et

62 1226 273 1324 Naupactum
287 1223 483 1288 concurrisse
496 1224 634 1302 AEtoloa,
648 1232 685 1288 ut
697 1163 772 1289 intie
789 1234 895 1290 totum
917 1225 1062 1312 inpetum
1080 1227 1156 1292 belli

61 1318 269 1387 sustinerent,
284 1308 422 1384 audivit3
443 1307 607 1392 praemisso
621 1309 684 1394 Ap.
696 1307 831 1374 Claudio
846 1331 920 1374 curn
935 1320 1071 1394 quatuor
1084 1312 1156 1376 mil·

60 1394 146 1457 libus
161 1393 302 1456 militum
312 1393 353 1456 ad
366 1393 551 1476 occupanda
559 1392 574 1476 j
686 1414 729 1456 ua
739 1393 882 1458 difficiles
896 1395 1050 1458 causitus
1064 1417 1155 1460 mon-

60 1477 143 1542 tium
157 1485 260 1555 eram,
275 1477 343 1562 ipse
357 1475 469 1539 OEtam
481 1475 596 1540 adscen
621 1477 654 1556 't‚
706 1477 865 1562 erculique
881 1477 1068 1542 mmificium
1081 1479 1156 1543 fecit

59 1563 92 1624 in
109 1585 148 1626 eo
163 1561 246 1640 loeo,
260 1583 356 1645 quem
371 1561 497 1644 Pyram,
513 1561 658 1644 quodibi
675 1563 807 1626 mortale
821 1584 859 1626 oo
899 1584 938 1626 us
952 1562 1021 1648 ejus
1036 1563 1098 1628 Dei
1113 1563 1155 1628 sit

58 1655 248 1724 crematurus,
262 1645 433 1730 adpellant.
462 1644 537 1708 inde
559 1653 628 1710 toto
651 1645 791 1710 exercitu
812 1668 871 1731 pro
884 1655 974 1710 ectus
997 1647 1154 1732 reliquum

57 1731 120 1794 iter
133 1731 213 1794 satis
231 1729 379 1814 expedito
396 1728 521 1812 agmine
535 1729 618 1792 feeit.
663 1730 710 1794 Ut
724 1731 765 1793 ud
780 1730 932 1795 Coracem
947 1741 996 1796 aet
1010 1740 1152 1812 ventum,

59 1817 169 1894 (mons
193 1821 243 1878 eat
265 1813 438 1877 altissimus
458 1812 541 1876 inter
564 1813 734 1898 Callipolin
758 1823 791 1878 et
813 1815 1028 1900 Naupactum)
1053 1817 1099 1882 ibi
1120 1825 1152 1882 et

52 1899 205 1983 jumenta
233 1898 334 1962 multa
359 1919 399 1960 ex
428 1897 553 1982 agmine
577 1897 774 1983 praecipitata
800 1921 874 1963 oum
901 1899 979 1984 ipsis
1002 1901 1151 1966 oneribus

57 1995 147 2062 sunt,
170 1991 204 2047 et
225 1982 370 2046 homines
394 1981 508 2046 vexati.
550 1981 617 2044 Etr
639 1981 729 2046 facile
752 1983 793 2046 ad
815 1983 932 2063 arebat,
956 2006 1052 2068 quam
1076 2007 1151 2050 curn

58 2067 157 2130 inerti
169 2069 262 2131 hoste
276 2073 430 2144 recesset,
438 2065 494 2149 qui
503 2074 568 2129 tam
578 2065 756 2150 inpeditum
815 2079 885 2130 tum
895 2068 982 2132 nullo
992 2069 1150 2153 praesidio,

56 2161 97 2214 ut
120 2151 282 2216 clauderet
301 2150 482 2228 transitum,
496 2149 672 2214 insedisset.
703 2150 724 2183 '⁹
732 2151 817 2214 'l'um
830 2173 957 2235 quoque
970 2160 1083 2216 vexato
1097 2175 1151 2216 ex·
1163 2173 1216 2220 coe
1229 2173 1294 2220 uen-

55 2236 175 2314 ercitu,
200 2236 242 2298 ad
266 2235 468 2320 Naupactum
490 2233 672 2298 deseendit:
695 2243 738 2312 et,
761 2257 827 2298 uno
850 2235 977 2298 castello
1002 2236 1151 2300 adversus
1163 2243 1257 2295 piceum

54 2341 168 2384 arcem
184 2318 302 2403 posito,
317 2327 431 2382 ceterae
444 2326 549 2402 partes
564 2317 663 2395 urbis,
677 2317 787 2381 divine
802 2317 902 2401 copiis
914 2339 973 2401 pro
989 2317 1054 2382 situ
1074 2339 1153 2382 moe-
1163 2299 1261 2346 “m

55 2405 164 2482 nium,
178 2401 390 2466 circumsedit.
411 2423 468 2500 uec
482 2402 588 2466 minus
596 2401 700 2486 operis
712 2399 890 2484 laborisque
901 2421 938 2465 eu
945 2399 1152 2488 obpugnatio,

54 2487 406 2668 (111ὶῖξέῗῖωέΐᾶἒέ
405 2486 556 2668 1ἲεμιιξροτε
577 2579 610 2634 et
633 2571 781 2634 Messene
804 2569 838 2634 in
862 2570 1080 2656 Peloponneso
1110 2571 1151 2637 ab

53 2657 199 2732 Aehaers,
214 2655 300 2739 quod
314 2655 438 2719 coumln
452 2677 562 2718 eorum
583 2663 741 2718 recusaret
755 2676 833 2732 esse,
848 2653 1026 2741 obpugnari
1047 2665 1152 2742 coepta

54 2749 116 2804 est.
161 2739 291 2802 Etenim
307 2740 380 2804 duae
394 2740 551 2818 civitatee,
561 2739 710 2802 Messene
731 2747 763 2802 et
780 2739 860 2817 Elis,
875 2747 964 2802 extra
979 2741 1150 2806 concilium

54 2823 236 2888 Achaicum
260 2833 367 2887 mente
390 2845 464 2888 cum
477 2823 595 2886 AEtolis
619 2823 806 2888 sentiebant.
850 2823 920 2886 Elei
940 2832 1057 2903 tamem
1075 2833 1150 2910 post

54 2909 205 2993 fugatum
231 2929 271 2971 ex
295 2907 421 2972 Graeoia
453 2907 658 2986 Antiochum,
686 2907 798 2992 legatis
827 2907 1018 2972 Achaeorun
1046 2909 1149 2972 lenius

54 2993 309 3078 responderant3
330 2994 453 3056 dimitto
461 2993 608 3072 precidio
627 2994 721 3073 rapio,
736 2992 922 3073 capitolares
942 3010 984 3069 ae,
999 2992 1073 3072 qaid
1091 2993 1151 3056 eibi

47 3077 231 3158 sedendum
257 3083 344 3140 earet
398 3075 561 3154 Messenii,
590 3075 657 3139 sine
684 3095 837 3160 responso
867 3073 1005 3138 dimissis
1027 3074 1149 3158 legatis,

55 3169 223 3224 motmunt
245 3161 385 3239 bellum,
406 3159 583 3245 trepidique
596 3181 701 3224 rerum
715 3179 855 3237 sumum,
870 3179 971 3242 quum
986 3159 1054 3243 jam
1076 3179 1150 3244 ager

56 3247 158 3309 effuso
172 3245 314 3308 exercitu
336 3245 454 3330 passim
477 3253 630 3322 ureretur,
645 3252 809 3328 castraque
824 3263 924 3328 prope
939 3243 1049 3308 urbem
1114 3243 1148 3308 ni

56 3329 212 3407 viderent,
225 3329 347 3414 legatos
362 3329 545 3393 Chalcidem
559 3329 600 3392 ad
613 3329 651 3392 Τ.
669 3327 867 3406 Quaedam,
880 3335 1040 3392 auctorem
1054 3327 1077 3390 h
1117 3349 1148 3390 r-

56 3415 141 3492 tatis,
167 3414 336 3491 miserunt,
365 3413 421 3498 qui
448 3413 645 3491 nunciarent,
681 3411 860 3476 Messenios
885 3411 1047 3490 Romania,
1081 3433 1147 3476 non

58 3499 196 3576 munis,
211 3505 245 3561 et
259 3497 378 3582 aperire
391 3507 510 3582 portas,
519 3505 551 3560 et
565 3497 678 3560 dedere
692 3497 804 3560 urbem
819 3504 947 3582 paratos
958 3517 1035 3560 ease.
1079 3497 1148 3560 Au-

58 3583 132 3646 ditis
153 3582 280 3668 legatis,
295 3581 452 3666 extemplo
473 3582 634 3666 profectus
656 3579 871 3660 omnemne
892 3579 1086 3726 Mepalopoli
1107 3581 1148 3644 ad

58 3665 264 3752 Diophanem
278 3674 445 3750 praetorem
455 3667 645 3730 Achaeorum
659 3665 756 3745 misit,
789 3665 957 3750 uiextemp
969 3687 988 3729 o
999 3665 1147 3730 reducere

57 3771 128 3814 eum
153 3772 173 3814 a
195 3751 346 3814 Messene
369 3749 550 3828 exercitum,
571 3759 604 3814 et
627 3749 733 3814 venire
818 3771 851 3812 se
878 3748 1008 3812 ’uberet
1051 3749 1147 3816 Dicto

57 3835 163 3918 paruit
182 3834 389 3920 Diophanes:
411 3843 454 3912 et,
469 3833 573 3898 soluta
595 3833 769 3912 obsidione,
783 3772 949 3918 expetiitus
973 3833 1051 3920 ipse,
1088 3855 1147 3898 rae-

54 3939 185 4001 greseus
199 3940 326 4004 agmen,
339 3919 422 3982 cirou
434 3917 624 3996 Andaniam,
638 3939 771 4004 parvum
791 3918 956 4065 opffi’
970 3918 1053 3984 inter
1065 3855 1146 3984 bie-

55 4002 228 4088 galopolim
244 4003 478 4086 Messenenque
487 4002 639 4087 positum,
649 4001 834 4068 Quinetioo
931 4001 972 4081 't3
993 4009 1035 4080 et,
1046 4021 1147 4085 quum

55 4107 185 4152 caussae
218 4086 466 4172 obpugnationis
490 4093 670 4171 exponeret,
694 4085 883 4170 castigatum
914 4085 1035 4164 leniter,
1061 4085 1147 4170 quod

55 4179 177 4234 tantm
190 4193 259 4235 rem
275 4173 343 4234 sine
356 4169 541 4235 auctoritate
555 4191 613 4234 aua
627 4178 760 4234 conatus
781 4177 874 4248 esset,
889 4167 1044 4234 dimittere
1060 4192 1147 4234 exer-

56 4256 156 4319 eitum
164 4255 275 4341 jussit,
290 4277 350 4320 nec
362 4274 474 4340 pacem
489 4255 631 4318 omnium
645 4253 732 4318 bono
745 4262 867 4340 partam
881 4253 1017 4324 turbare.
1058 4253 1147 4318 Mes·

570 4383 584 4421 1²
596 4379 627 4425 nt
637 4378 711 4426 Gran.
723 4378 790 4426 Creu.

86 4489 121 4536 99
139 4491 193 4538 l'u
204 4487 302 4554 parque]
320 4492 358 4538 Sic
367 4503 469 4550 quaque,
477 4490 501 4537 id
512 4497 555 4546 eat,
564 4489 670 4552 quamvls
701 4489 761 4538 citur
779 4495 821 4536 eat.
857 4489 953 4538 Frustra
969 4485 1193 4548 ltaqueGruuoriua
1209 4504 1250 4552 pro
1264 4497 1312 4538 run

56 4554 115 4600 uuiti
134 4555 212 4602 boatu
228 4563 384 4610 occurrerent,
397 4561 493 4600 rexatus
511 4562 589 4602 tamen
600 4567 668 4600 euer-
702 4553 748 4612 legi
756 4554 824 4614 jubet
836 4559 888 4599 tana.
