3094 4954
244 295 285 356 88

246 461 279 508 u·

247 525 276 569 ι.

813 283 908 350 ΤῙΤΙ
938 281 1055 348 LIVII

289 457 380 505 cmm
410 440 519 517 factos,
542 433 620 516 vias,
648 435 705 500 ubi
732 434 908 498 transitus?
938 431 1080 496 difficiles
1111 437 1211 508 erant,
1238 431 1381 494 munitas
1411 433 1473 498 vid‘

286 524 315 597 ⁰,-
329 522 381 570 ¹⁹⁰·
413 523 494 586 Haec
506 523 642 585 reserens
656 521 774 598 eadem,
788 540 852 602 qua
873 518 961 595 ierat,
976 516 1133 580 celeritate
1147 515 1338 579 Thaumacis
1356 516 1473 580 obcurr

246 585 367 660 ¹¹¹¹¹ll¹l⁸
410 605 543 670 consuli.
587 605 667 670 Inde
692 604 822 667 certiore
852 611 885 666 et
906 601 1023 685 majore
1056 621 1112 684 spe
1145 599 1239 663 laetus
1272 601 1435 664 exercitus
1464 623 1473 666 a

246 657 359 757 “ahili
411 698 587 776 preparata
608 689 714 753 omnia
737 688 771 750 in
786 685 1006 750 Macedoniam
1021 683 1174 769 pervenit.
1217 685 1391 748 Venientes
1414 707 1473 769 reg

246 775 326 822 (Μ’
411 775 564 858 adparatu
578 782 632 837 et‘l
645 773 776 856 accepit,
791 780 823 834 et
845 777 1033 856 prosecutus
1048 776 1096 831 est
1114 789 1179 832 rex.
1223 769 1332 832 Multa
1351 770 1386 832 in
1409 791 1473 833 eo1

263 853 303 884 ²¹⁸
412 859 591 937 dexteritas,
605 866 637 922 et
650 856 829 922 humanitas
842 855 919 932 visa,
930 875 1002 937 quse
1012 851 1273 916 commendabilia
1283 855 1371 938 apud
1377 855 1473 917 Africa

411 965 490 1006 num
506 951 613 1021 erant3
634 941 737 1005 virum
756 941 840 1003 sicut
857 939 899 1002 od
921 945 1024 1001 cetera
1046 936 1217 1022 egregium,
1232 937 1277 999 ito
1296 959 1315 1001 a
1339 940 1473 1002 comitet

412 1049 484 1112 quae
499 1028 566 1090 siae
580 1026 705 1089 luxuria
727 1033 819 1103 esset,
834 1044 900 1086 non
922 1043 1076 1088 aversum.
1120 1021 1200 1084 Inde
1218 1043 1284 1084 non
1308 1043 1373 1106 per.
1390 1023 1473 1085 Mac

411 1112 539 1174 doniam
550 1111 655 1189 modo,
670 1111 727 1173 sed
740 1109 835 1172 etiam
847 1107 1024 1185 Thraciam,
1037 1113 1247 1190 prosequente
1255 1114 1287 1170 et
1300 1127 1473 1191 praeparan‘

412 1195 519 1259 omnia
534 1195 692 1293 Philippo,
705 1194 747 1256 ad
762 1193 1007 1277 Hellespontum
1025 1199 1213 1274 perventum
1227 1197 1286 1254 est.

314 1311 351 1342 em
453 1279 550 1343 VIII.
572 1279 750 1342 Antiochus
763 1285 837 1362 post
850 1276 992 1339 navalem
1005 1275 1047 1338 ad
1061 1275 1220 1359 Corycum
1234 1295 1387 1358 pugnam,
1399 1297 1473 1359 qum

262 1375 329 1436 ²⁸5²
413 1371 512 1426 totam
526 1364 663 1428 hiemem
676 1363 806 1426 liberam
826 1361 859 1424 in
881 1361 1050 1444 adparatus
1076 1367 1239 1424 terrestres
1262 1359 1473 1443 maritimosqr

274 1440 289 1470 '¹
309 1439 336 1470 ⁰⁰
354 1438 388 1470 ¹¹*
414 1448 588 1526 habuisset,
598 1447 690 1512 classi
704 1445 839 1510 maxime
853 1443 1046 1528 rmmandoe,
1061 1465 1101 1506 ne
1113 1451 1182 1508 tota
1191 1443 1286 1506 maris
1300 1445 1473 1527 possessior

414 1533 592 1618 pelleretur,
605 1533 747 1596 intentus
766 1531 877 1594 fuerat.
921 1527 1145 1606 Subcurrebat,
1159 1529 1342 1610 Serpentum
1353 1550 1397 1606 se,
1411 1551 1473 1610 quo

414 1619 521 1680 elmete
535 1617 678 1698 amabat
689 1615 886 1692 Rhodiorum,
901 1613 1022 1694 quodsi
1034 1633 1070 1676 ec
1084 1633 1198 1694 quoque
1214 1618 1281 1688 (nec
1292 1616 1473 1676 commissuri

413 1702 558 1778 Rhodios,
572 1708 607 1762 ut
629 1703 739 1764 dmm
759 1705 964 1774 morarentur)
987 1699 1146 1760 certamini
1169 1698 1296 1774 odoret,
1311 1719 1421 1779 moyrro
1442 1701 1473 1760 si.

304 1817 308 1822 ·
414 1787 536 1848 motum
549 1805 671 1848 morou
683 1783 845 1864 opussore,
857 1789 892 1844 ut
905 1783 1020 1844 nir-ibris
1034 1787 1064 1844 et
1076 1782 1282 1863 moyrrilodIne
1292 1783 1417 1846 closaem
1432 1785 1473 1846 ho

414 1871 490 1931 tium
504 1875 645 1949 aequaret.
690 1868 802 1950 ltaque
823 1875 856 1930 et
876 1865 1089 1930 Hannibalem
1107 1866 1141 1930 in
1163 1864 1286 1964 Syriam
1310 1866 1439 1930 miserat
1460 1889 1473 1930 a

416 1953 603 2016 Phoenicum
631 1952 831 2016 arcessendas
852 1971 958 2028 naves,
985 1959 1018 2013 et
1042 1950 1278 2034 Polyxenidam,
1300 1971 1364 2033 quo
1393 1952 1473 2014 mim

412 2057 473 2184 {5⁰
461 2059 563 2186 1¹1l¹1¹¹
574 2035 1473 2205 essesut1pttrssrst.tts

882 2167 890 2184 ·
1414 2167 1424 2198 r

415 2205 509 2289 dique
524 2144 639 2270 arixilia
651 2227 828 2270 arcessens:
850 2204 945 2268 etiam
960 2205 994 2267 io
1010 2203 1249 2288 Gallograeoiam
1263 2203 1400 2268 miserat.
1426 2206 1473 2268 Ee

413 2290 572 2356 licosiorcs
586 2313 622 2356 ea
636 2298 823 2390 tempestate
839 2297 938 2367 erant,
954 2287 1093 2352 Gallicos
1115 2288 1229 2366 adhuc,
1244 2289 1387 2352 nondum
1408 2311 1473 2354 ers<

413 2375 477 2439 leta
503 2377 601 2461 stirpe
625 2385 739 2460 gentis,
762 2383 922 2438 servantes
947 2373 1078 2436 animos.
1121 2371 1237 2436 Filium
1268 2373 1435 2437 Seleucum
1464 2376 1473 2436 i

412 2461 540 2524 AEolide
567 2461 735 2542 reliquerat
759 2480 833 2521 cum
860 2458 1000 2522 exercitu
1028 2457 1069 2520 ad
1094 2455 1266 2520 maritimas
1291 2458 1473 2522 continendo

413 2544 526 2607 urbes:
550 2565 628 2626 quas
643 2543 729 2605 illinc
744 2563 763 2604 a
776 2543 928 2625 Pergamo
950 2543 1121 2619 Eumenes,
1136 2541 1210 2604 hinc
1232 2563 1252 2604 a
1266 2542 1400 2606 Phocaea
1414 2545 1473 2627 Ery

412 2627 555 2708 thn'sque
580 2625 715 2688 Romani
740 2625 959 2689 sollicitabant.
1003 2625 1122 2690 Classis
1145 2627 1299 2704 Romana,
1321 2627 1403 2690 sicut
1423 2638 1473 2692 ant

412 2711 604 2788 dictumest,
617 2710 658 2772 ad
673 2709 776 2774 Canas
790 2709 985 2774 hibernabat.
1029 2711 1079 2773 Eo
1093 2711 1197 2774 media
1210 2711 1307 2774 ferme
1321 2711 1422 2774 hieme
1441 2735 1473 2775 re

413 2795 575 2857 Eumenes
597 2815 671 2856 cum
694 2793 819 2857 duobus
838 2793 980 2858 millibus
998 2794 1153 2880 peditum,
1176 2795 1336 2879 equitibus
1357 2806 1473 2860 centun

411 2879 509 2943 venit,
553 2879 597 2958 Is,
611 2900 711 2963 quum
724 2899 873 2964 magnam
885 2880 1027 2964 praedam
1040 2879 1091 2963 agi
1109 2900 1202 2964 posse
1222 2879 1353 2942 dixisset
1365 2902 1404 2943 err
1422 2883 1473 2944 hor

412 2964 493 3026 tium
506 2985 592 3050 agro,
607 2965 663 3048 qui
678 2965 759 3028 circa
773 2963 924 3048 Thyatira
942 2972 1035 3042 esset,
1042 2963 1198 3027 hortando
1207 2963 1347 3062 perpulit
1359 2965 1473 3028 Liviun

412 3056 449 3112 ut
473 3049 612 3148 quinque
636 3049 734 3114 millio
757 3048 895 3112 militum
918 3069 1026 3112 secum
1047 3047 1196 3112 mitteret.
1224 3049 1313 3112 mrssi
1335 3048 1473 3134 ingenter

412 3133 552 3218 praedam
566 3141 649 3196 rutra
661 3153 779 3218 paucos
794 3131 861 3196 dies
875 3140 1065 3200 averterunt.

455 3217 517 3280 IX.
540 3217 629 3278 Inter
642 3218 711 3279 haec
727 3217 869 3280 Phocaeae
885 3217 997 3281 seditio
1012 3225 1090 3296 orta,
1113 3217 1304 3302 quibusdam
1323 3219 1364 3282 ad
1381 3219 1473 3283 Antio

411 3301 508 3363 chum
522 3299 736 3363 multitudinis
751 3301 872 3364 animos
889 3301 1105 3367 avocantibus.
1149 3302 1267 3367 Gravia
1285 3303 1415 3368 hiberna
1438 3325 1473 3366 na

409 3383 498 3448 vium
511 3391 601 3447 erant
608 3409 617 3463 3
632 3405 726 3468 grave
735 3385 902 3464 tributum,
917 3386 1004 3470 quod
1017 3387 1040 3420 ¹⁸
1048 3395 1133 3472 togae
1142 3387 1324 3472 quingentae
1333 3388 1473 3472 imperata

410 3477 510 3547 erant,
526 3490 600 3531 cum
621 3468 804 3554 quingentis
823 3470 958 3549 tunicis3
978 3471 1083 3555 gravis
1102 3471 1198 3534 etiam
1210 3472 1317 3556 iuopia
1334 3473 1473 3536 frument

410 3561 541 3637 propter
554 3574 651 3636 quam
664 3575 760 3618 naves
773 3575 900 3637 quoque
914 3562 947 3618 et
959 3555 1143 3638 praesidium
1158 3557 1338 3620 Romanum
1351 3558 1473 3619 excessit

409 3647 480 3700 turn
494 3659 568 3701 vero
582 3638 713 3702 liberata
725 3647 814 3701 metu
827 3639 921 3702 factio
934 3647 1010 3718 erat,
1025 3661 1097 3723 quae
1109 3639 1235 3724 plebem
1244 3640 1279 3704 in
1288 3641 1473 3706 concionibu

409 3721 450 3784 ad
471 3722 667 3786 Antiochum
687 3722 842 3786 trahebat.
884 3723 1021 3788 Senatus
1046 3733 1079 3788 et
1102 3723 1270 3808 optimates
1295 3725 1329 3788 in
1352 3725 1473 3788 Roman

408 3805 557 3868 societate
583 3807 790 3891 perstandum
819 3807 999 3872 censebant.
1035 3807 1219 3872 defectionis
1248 3817 1391 3872 auctores
1418 3811 1473 3894 plu

408 3890 496 3974 apud
518 3891 755 3954 multitudinem
767 3890 945 3956 valuerunt.
989 3892 1116 3970 Rhodii,
1138 3914 1202 3976 quo
1220 3893 1321 3978 magis
1336 3904 1473 3956 cessatur

432 3974 512 4036 riore
535 3983 644 4038 aestate
668 3983 745 4052 erat,
769 3996 807 4038 eo
830 3977 985 4040 maturIus
1009 3977 1199 4059 aequinoctio
1221 3999 1318 4041 verno
1347 3979 1473 4042 eumden

408 3997 640 4122 l'ausistratum
664 4057 771 4122 classis
796 4061 981 4143 preelectum
1002 4081 1076 4124 cum
1095 4082 1150 4124 sex
1165 4069 1198 4124 et
1212 4061 1343 4146 triginta
1359 4063 1473 4126 navibu

408 4143 572 4206 miserunt.
615 4143 689 4207 Jam
705 4141 815 4206 Livius
829 4164 848 4206 a
862 4143 959 4208 Canis
979 4165 1052 4209 cum
1067 4145 1198 4229 triginta
1216 4145 1350 4210 navibus
1368 4155 1400 4210 et
1420 4169 1473 4233 sep

657 4301 781 4348 cernitu
792 4301 865 4348 Gron.
874 4303 942 4352 Cret.
1071 4309 1083 4347 ‘l
1095 4311 1118 4352 el
1130 4305 1176 4352 det
1189 4305 1256 4352 Creu.

614 4448 644 4496 25
663 4447 730 4509 roge
749 4447 888 4512 quingena]
906 4451 958 4500 vid.
971 4461 1019 4502 aot.
1030 4453 1069 4512 68,
1081 4453 1111 4500 sd
1122 4453 1138 4501 l.
1150 4453 1230 4502 XIIII.
1241 4472 1261 4503 c.
1272 4457 1311 4504 bl.
