3108 4982
432 331 522 397 LIB.
544 331 709 396 XXXIX.
741 332 837 398 CAP.
860 333 949 398 LVI.
1308 339 1372 401 243

116 479 278 557 Latinam,
292 499 333 541 an
355 478 472 542 civium
495 481 722 558 Romanorum,
737 479 851 542 deduci
871 478 1018 564 placeret.
1047 485 1354 565 postremorum.

115 565 266 628 Latinam
295 563 403 648 potius
433 564 589 626 coloniam
620 565 837 626 deducendam
868 565 976 626 Patres
1004 572 1206 629 censuerunt.
1221 564 1248 610 A.
1262 566 1287 610 ⁰·
1302 565 1354 612 ¹⁸²

114 648 287 712 'l'n'urnviri
302 647 398 710 creati
414 657 490 710 sunt
500 649 535 711 P.
547 648 654 733 Scipio
669 648 794 726 Nasica,
803 647 841 710 C.
856 647 1040 725 Flaminius,
1056 649 1094 710 L.
1111 649 1207 710 Man·

114 734 178 796 lius
193 733 359 796 Acidinus.
392 733 515 795 Eodem
530 753 614 794 anno
627 733 756 794 Mutina
769 741 801 795 et
818 733 930 794 Parma
945 731 1075 794 coloniae
1091 733 1207 795 Roma-
1220 751 1312 798 Mutina
1322 759 1347 798 et

114 839 232 882 nonam
250 817 368 880 civium
383 825 460 879 sunt
473 817 628 880 deductae.
658 817 733 880 bina
754 816 852 878 millia
874 816 1040 879 hominum
1063 816 1097 878 in
1120 838 1206 900 agro,
1220 816 1303 892 firm?

116 902 174 986 qui
188 901 330 986 proxime
346 901 510 978 Boiorum,
527 899 548 934 ¹²
558 909 632 963 ante
644 901 822 964 Tuscorum
837 900 949 978 suerat,
963 909 1077 963 octona
1093 899 1207 998 jugera
1219 879 1322 926 *⁰¹⁰³*

117 987 251 1064 Parmae,
280 985 379 1069 quina
401 985 539 1048 Mutinae
569 993 768 1068 acceperunt.
812 985 1024 1048 Deduxerunt
1049 984 1207 1048 triumvirr

116 1071 167 1135 M.
182 1069 333 1133 AEmilius
356 1069 510 1154 Lepidus,
524 1069 562 1132 T.
578 1069 732 1132 AEbutius
748 1067 861 1146 Carus,
877 1069 915 1131 L.
931 1068 1103 1133 Quinctius
1119 1069 1206 1132 Cris·

139 1155 223 1218 inus.
267 1155 312 1217 Et
339 1153 489 1217 Saturnia
512 1153 635 1216 colonia
656 1153 773 1217 civium
800 1153 1016 1216 Romanorum
1035 1153 1069 1216 in
1094 1175 1206 1238 agrum

114 1177 322 1302 baccanum
351 1245 400 1302 est
429 1237 575 1300 deducta.
601 1237 802 1300 deduxenmt
831 1237 986 1299 triumviri
1017 1237 1058 1303 Q.
1088 1238 1206 1302 Fabius

115 1323 235 1401 Labeo,
250 1322 288 1386 C.
304 1321 454 1386 Afranius
475 1321 595 1400 Stellio,
606 1321 655 1385 Ti.
672 1319 880 1406 Sempronius
896 1320 1071 1385 Gracchus.
1092 1321 1207 1406 jugera

115 1408 149 1472 in
165 1407 189 1470 ε’
271 1429 307 1470 οι
321 1407 395 1470 data
409 1406 529 1471 decem.

160 1491 219 1554 LV
241 1537 250 1552 .
272 1491 395 1554 Eodem
419 1511 502 1554 anno
526 1490 566 1554 A.
581 1489 749 1552 Terentius
771 1488 967 1573 proconsulh
990 1489 1076 1552 haud
1092 1489 1204 1574 procul
1218 1506 1264 1552 nes
1279 1505 1304 1552 in

116 1575 248 1639 flumine
263 1575 365 1654 Ibero,
380 1574 414 1638 in
429 1595 504 1672 agro
518 1575 692 1652 Ausetano,
707 1581 740 1637 ct
760 1573 871 1658 proelia
892 1575 1031 1637 secunda
1044 1595 1117 1636 cum
1133 1573 1204 1637 Cel·
1218 1570 1332 1626 fll⁸t⁸¹¹³⁸

116 1659 227 1724 tiberis
241 1659 322 1738 fecit,
338 1667 371 1722 et
384 1659 512 1806 cippido,
528 1679 601 1742 quae
615 1658 660 1722 ibi
675 1657 937 1736 communierant,
948 1657 1068 1742 aliquot
1083 1679 1204 1806 expug-
1215 1643 1294 1693 ⁸²⁸²·

115 1745 213 1808 navic
237 1743 376 1808 Ulterior
426 1743 549 1866 ispania
563 1765 599 1806 eo
613 1764 697 1806 anno
711 1743 745 1805 in
758 1764 836 1827 pace
850 1743 1007 1826 fuit‚quia
1020 1750 1052 1806 et
1068 1743 1102 1806 P.
1138 1765 1204 1806 em-

138 1829 249 1892 ronius
276 1827 449 1913 proconsul
493 1827 617 1891 diutino
644 1827 756 1890 morbo
785 1835 833 1890 est
854 1827 1027 1912 inplicitus,
1048 1834 1090 1906 et,
1115 1827 1204 1892 nullo

114 1851 297 1992 lacessente,
311 1919 549 2010 peropportune
564 1912 752 1995 quieverunt
766 1911 922 1976 Lusitani.
966 1911 1036 1976 Nec
1057 1911 1091 1974 in
1105 1911 1204 1996 Ligu-

114 1999 203 2062 ribus
229 1997 433 2061 memorahde
462 1995 636 2081 quidquam
664 2017 684 2058 a
711 1996 753 2062 Q.
782 1996 880 2060 Fabio
910 1997 1039 2060 consule
1107 2005 1203 2061 stum.

115 2083 165 2147 M.
182 2081 365 2160 Marcellus,
380 2102 419 2144 ex
442 2081 536 2144 latria
556 2089 731 2158 revocatus,
754 2081 893 2144 exercitu
914 2080 1054 2158 dimisso,
1118 2102 1203 2144 mam

115 2165 320 2230 comitiorum
344 2185 453 2228 cerusa
475 2165 577 2230 rediit.
634 2165 762 2228 Creavit
790 2165 936 2227 consules
965 2164 1026 2228 Cn.
1055 2164 1321 2227 Baebiumcomuic

114 2247 324 2334 Tamphilum
338 2257 371 2312 et
383 2249 421 2312 L.
431 2249 599 2313 AEmilium
615 2247 772 2312 Paullum.
789 2270 863 2311 cum
877 2248 926 2310 M.
938 2247 1069 2310 AEmilio
1080 2247 1202 2332 Lepido

113 2335 167 2399 hic
181 2333 284 2398 sedilis
306 2333 422 2396 curulis
437 2334 556 2398 luerat:
578 2355 598 2397 a
618 2355 682 2416 quo
704 2332 833 2395 consule
848 2331 979 2416 quintus
1001 2352 1104 2394 annus
1126 2339 1203 2410 erat,

115 2441 216 2504 quum
231 2419 259 2482 is
274 2417 342 2516 ipse
356 2418 499 2503 Lepidus
512 2426 586 2566 pgpt
601 2417 681 2480 duas
702 2417 845 2500 repulsas
860 2415 971 2479 consul
986 2415 1088 2478 sactus
1110 2423 1202 2487 esset.

116 2505 273 2567 Praetores
287 2502 360 2566 rnde
374 2503 449 2566 facti
465 2503 506 2568 0.
572 2501 654 2566 lvius
665 2501 808 2580 Flaccus,
820 2501 870 2564 M.
879 2499 1024 2563 Valerius
1039 2499 1202 2580 Laevinus,

116 2588 138 2621 ¹¹
151 2589 187 2650 Ρ.
202 2587 341 2650 Manlius
353 2587 479 2668 iterum,
489 2587 537 2650 M.
547 2586 709 2671 Ogulnius
721 2585 845 2664 Gallus,
856 2585 894 2649 L.
906 2584 1054 2648 caecilius
1069 2585 1202 2664 Denter,

116 2671 155 2736 C.
181 2671 346 2735 Terentius
371 2671 465 2736 Istra.
508 2670 704 2756 Supplicatio
730 2679 870 2734 extremo
895 2691 978 2733 anno
1005 2669 1067 2732 suit
1095 2669 1202 2754 prodi-

138 2756 239 2820 'orum
254 2777 385 2834 caussa3
408 2755 496 2840 quod
518 2754 701 2840 ¹'sanguine
719 2777 776 2839 per
790 2755 925 2818 biduum
943 2753 1062 2839 pluisse
1076 2753 1110 2817 in
1131 2775 1203 2818 area

113 2778 302 2904 {bucardus
317 2841 393 2903 satis
408 2840 596 2918 credebant3
619 2839 868 2922 nunciatumque
892 2847 967 2916 erat,
983 2839 1069 2901 haud
1090 2838 1202 2923 procul

114 2925 222 2988 Sicilia
242 2925 390 3003 insulam,
404 2945 476 3008 quae
496 2945 561 2988 non
585 2931 659 2987 ante
681 2923 792 3002 fuerat,
808 2944 922 2986 novam
945 2921 1061 2985 editam
1084 2943 1101 2985 e
1123 2923 1202 2987 mari

112 3029 193 3074 esse.
238 3008 452 3072 Hannibalem
471 3010 533 3072 hoc
556 3029 640 3071 anno
655 3007 769 3070 Antias
783 3005 929 3070 Valerius
946 3005 1116 3068 decessisse
1129 3027 1202 3068 auo-

111 3101 165 3156 tor
192 3101 250 3172 est,
279 3093 391 3178 legatis
421 3093 461 3156 ad
489 3115 559 3156 earn
586 3114 653 3156 rem
690 3091 730 3154 ad
767 3091 912 3154 Pnrsiam
947 3089 1063 3167 missis,
1087 3097 1203 3174 praeter

110 3177 150 3242 T.
167 3178 357 3245 Quinctium
368 3177 593 3256 Flamininum,
605 3175 711 3275 (cujus
725 3176 758 3239 in
773 3197 810 3239 ea
822 3197 856 3238 re
870 3174 991 3239 celebre
1006 3181 1055 3238 est
1067 3175 1197 3258 nomen)

111 3262 152 3326 L.
168 3262 316 3348 Scipione
327 3261 467 3326 Asiatico
478 3269 511 3326 et
526 3263 562 3326 P.
579 3261 726 3347 Scipione
742 3259 868 3326 Nasica.
1194 3283 1198 3293 ·

304 3391 318 3430 Β
328 3403 454 3458 propretor
465 3397 538 3443 Gran.
546 3397 614 3444 Creu.
838 3389 982 3458 ¹propraur
993 3393 1061 3443 End.

145 3521 175 3575 17
192 3523 253 3568 Ante
266 3517 400 3583 amm]
418 3521 470 3568 Vid.
482 3535 553 3582 supra
565 3521 592 3567 V.
604 3521 642 3568 33.
755 3529 838 3582 potest,
858 3529 884 3568 ut
901 3523 978 3568 locum
996 3523 1137 3570 montorium
1157 3521 1284 3582 reciperet:
1302 3524 1366 3584 quod

145 3584 175 3632 18
192 3583 441 3646 Palaestinam]
460 3585 596 3647 Suspicatur
614 3585 723 3644 Sigonius
754 3585 809 3632 lecit
826 3593 907 3646 postea
925 3587 949 3633 P.
966 3587 1080 3633 Lentulus
1098 3588 1164 3642 Sura,
1183 3587 1203 3633 ir
1221 3587 1262 3646 qul
1280 3597 1366 3647 prator

108 3649 134 3696 tn
151 3657 208 3696 nota
225 3649 254 3694 sd
269 3662 288 3694 c.
302 3647 332 3694 le
350 3649 366 3694 l.
387 3663 434 3708 req.
456 3649 520 3695 hune
540 3649 655 3696 Manlium
672 3663 723 3696 esse
754 3650 848 3704 lterum,
865 3649 959 3696 consule
976 3649 1096 3708 cicerone,
1107 3651 1169 3697 inter
1186 3651 1294 3698 Catilina
1309 3665 1365 3698 oon-

108 3727 172 3768 eum,
193 3725 265 3772 quem
288 3711 426 3758 Plutarchus
443 3713 467 3758 ln
489 3713 578 3759 Catone
599 3713 723 3759 Manilium
756 3714 815 3760 relos
826 3719 901 3759 moras
913 3727 993 3772 poeuaa
1005 3712 1078 3760 dedit.

107 3785 184 3834 roasa,
197 3785 220 3823 et
232 3777 261 3822 ab
272 3789 301 3822 eo
311 3789 407 3822 emaore
419 3784 502 3822 senatu
515 3783 604 3822 motum
616 3789 667 3823 erse
683 3777 724 3832 alt,
790 3777 821 3824 la
837 3777 951 3838 matu
962 3808 968 3822 .
980 3809 987 3822 .
999 3809 1005 3822 .
1016 3773 1113 3838 pluisse]
1139 3777 1199 3824 Vter.
1218 3778 1292 3825 codex
1311 3792 1365 3825 m·

107 3855 182 3900 wan
201 3841 252 3900 iarn
272 3839 419 3886 consulatum
441 3839 570 3900 adepturus
597 3840 722 3886 rideretur.
753 3843 861 3902 guinem
878 3847 903 3888 et
913 3839 947 3887 ric
957 3840 1014 3888 editi
1026 3849 1081 3890 ante
1093 3841 1221 3902 Sicaniam.

107 3905 177 3952 lianc
188 3903 254 3951 edm
265 3903 393 3951 mundam
404 3912 530 3964 pratorum
542 3903 637 3966 petiisse
649 3905 722 3952 vlderl
