3086 4952
427 345 516 410 LlB.
542 345 685 410 XXXV.
714 345 810 412 CAP.
832 347 892 413 VI.
1349 353 1370 418 5

110 491 206 556 udins
220 493 304 578 legio
314 493 530 572 successisset,
552 501 584 556 et
603 493 761 558 sinistra¹¹¹
779 495 828 559 ala
850 517 890 558 ex
911 495 1023 581 proelio
1046 497 1204 561 subducta
1217 517 1245 564 υ.
1257 517 1284 565 c.
1295 519 1351 566 usu

109 585 178 655 est;
199 579 313 641 dextra
325 578 359 641 in
373 578 510 664 primam
525 579 623 642 aciem
640 579 748 642 subiit.
792 579 848 644 Sol
870 580 992 665 ingenti
1014 583 1125 645 ardore
1139 591 1203 646 tor-
1217 583 1245 628 b·
1257 583 1283 629 ⁰·
1298 581 1350 630 ¹9²

109 661 197 724 rebat
208 663 339 726 minime
349 662 503 747 patientia
514 672 612 726 aestus
621 683 752 748 corpora
764 663 962 729 Gallorum¹²=
979 665 1084 730 densis
1095 673 1203 731 umen
1231 661 1232 668 ἵ

109 746 275 810 ordinibus
289 767 377 810 nunc
392 747 444 810 alii
457 747 491 810 in
506 747 594 826 alios,
608 767 694 810 nunc
713 747 747 810 in
768 756 859 811 scuta
878 748 1108 830 incumbentes,
1131 772 1202 814 sus-

109 829 255 894 tinebant
269 831 398 916 inpetus
414 832 641 894 Romauorum.
665 831 762 897 (luod
775 832 831 896 ubi
845 833 1064 897 animadvertit
1078 835 1200 916 consul,

109 915 148 976 ad
162 915 398 999 perturbandos
419 915 545 978 ordines
570 937 679 979 eorum
699 915 737 979 C.
753 916 881 980 Livium
905 917 1122 998 Salinatorem,
1144 921 1199 1018 qui

108 1009 243 1082 praeemt
259 1000 280 1034 ¹·
289 999 393 1062 alariis
406 999 577 1082 equitibus,
592 1019 687 1082 quam
702 1000 965 1065 concitatissimos
980 1024 1078 1086 equos
1092 1004 1199 1067 immt-

109 1092 173 1145 tere
193 1082 309 1168 jubet:
332 1091 365 1145 et
392 1083 579 1168 legionarios
608 1084 730 1167 equites
757 1084 790 1147 in
821 1086 970 1149 subsidiis
995 1108 1073 1151 esse.
1117 1087 1198 1152 Haec

108 1166 1198 1320 {utilitit-tlttllffilt‘tlb⁸tttt¹¹d⁶tt'tttt

108 1335 216 1414 duom,
241 1299 591 1399 hastilibus’caedentes
612 1299 701 1420 tciga
723 1273 972 1421 trepidantium,
985 1347 1017 1402 et
1039 1341 1140 1402 redire
1161 1279 1196 1403 ib

108 1420 234 1482 ordines
248 1428 416 1504 cogentes:
440 1421 496 1484 sed
511 1421 770 1503 interequitantes
787 1421 874 1484 alarii
898 1443 963 1484 uon
986 1424 1196 1507 patiebantur.

108 1503 231 1566 Consul
245 1505 465 1568 obtestabatur
474 1505 599 1583 milites,
617 1505 657 1568 Ut
665 1507 838 1586 paullulum
851 1507 1080 1570 adniterentur:
1103 1510 1197 1572 uicto-

107 1590 187 1650 riam
201 1591 235 1651 ia
247 1590 384 1652 morribm
398 1609 471 1652 esse.
497 1590 568 1652 dum
575 1589 794 1670 perturbatos⁰
805 1596 835 1653 et
849 1591 1036 1672 trepidantes
1048 1592 1194 1672 uidereut,

106 1675 266 1736 iastarmt
287 1675 446 1736 sireslitui
462 1673 483 1706 ¹¹
494 1674 615 1736 ordines
623 1675 732 1736 aierem
740 1684 764 1751 ¹³,
777 1676 895 1756 intepro
909 1695 1016 1738 rursus
1026 1697 1076 1739 eos
1082 1679 1177 1757 proel'

106 1763 136 1818 el
149 1757 240 1818 dubio
253 1758 459 1820 maturos.
504 1757 624 1820 inferre
638 1757 814 1820 vexillarios
831 1758 929 1842 jussit
948 1759 1047 1844 signa
1084 1781 1194 1824 omnes

106 1840 229 1903 connisi
244 1841 370 1904 undem
385 1849 567 1904 averterunt
588 1841 721 1905 bostem.
766 1843 937 1926 Postquam
956 1851 1045 1929 terga
1066 1845 1194 1925 dabant,

105 1935 137 1988 et
151 1925 185 1987 in
197 1925 306 2008 tirgam
319 1925 439 2010 passim
454 1925 707 2004 effundebantur,
729 1933 799 1990 tum
823 1927 864 1989 ad
883 1929 1117 2012 persequendos
1140 1949 1194 1993 eos

104 2009 268 2092 legionarii
282 2009 403 2092 equites
426 2009 557 2072 inmissi.
602 2010 850 2075 Quatuordecim
870 2011 968 2074 millia
987 2013 1140 2076 Boiorum
1156 2035 1194 2076 eo

104 2093 156 2155 die
170 2114 254 2156 ωδε
268 2102 385 2172 sunt‘13
405 2095 470 2156 vivi
486 2093 570 2179 capti
587 2093 672 2156 mille
688 2095 861 2180 nonaginta
876 2096 957 2158 duo:
980 2097 1102 2180 equites
1123 2118 1194 2181 sep·

104 2177 243 2261 tingenti
249 2177 361 2263 viginti
372 2199 467 2258 unus,
477 2186 541 2241 tres
552 2179 648 2242 duces
658 2199 777 2257 eorum,
792 2179 883 2264 signa
896 2179 1043 2242 militaria
1057 2182 1195 2243 ducenta

102 2261 285 2339 duodecim,
303 2271 451 2346 carpenta
468 2263 632 2361 sexaginta
654 2262 725 2326 tria.
768 2263 838 2325 Nec
858 2264 1011 2326 Romanis
1028 2264 1195 2326 incruenta

101 2343 237 2409 victoria
265 2345 336 2409 fuit
380 2367 474 2430 supra
500 2366 641 2431 qumque
668 2345 767 2408 millia
792 2345 941 2423 militum,
970 2346 1112 2430 ipsorum
1140 2353 1196 2409 aut

102 2429 273 2508 sociorum,
297 2438 373 2493 sunt
398 2431 521 2509 amissa,
544 2429 745 2493 centuriones
770 2436 835 2492 tres
857 2437 889 2492 et
907 2429 1030 2514 viginti,
1053 2430 1195 2514 praefecti

101 2513 224 2578 sociam
254 2523 400 2598 quatuor,
425 2523 458 2578 et
481 2515 530 2578 M.
551 2514 726 2594 Genucius,
751 2520 784 2577 et
809 2513 858 2578 M.
883 2513 1046 2578 Marciusr
1072 2514 1194 2580 tribuni

102 2599 242 2662 militurn
256 2600 404 2662 secundae
419 2598 562 2684 legionis.

142 2683 204 2746 VI.
226 2683 349 2746 Eodem
372 2683 436 2747 sere
461 2693 602 2769 tempore
626 2685 762 2748 duorum
784 2684 951 2748 consulum
965 2683 1064 2748 literae
1079 2683 1192 2748 adlatae

101 2775 188 2844 sunt,
204 2768 243 2830 L
261 2767 399 2832 cornelii
422 2769 462 2832 de
480 2769 591 2855 proelio
614 2770 654 2832 ad
677 2769 839 2832 Mutinam
854 2789 927 2832 curn
943 2769 1030 2832 Boiis
1051 2769 1145 2847 facto,
1160 2777 1193 2832 et

101 2851 143 2916 0.
167 2852 305 2915 Minucii
330 2873 349 2916 a
378 2853 470 2916 Pisis.
516 2855 644 2917 Comitia
667 2873 728 2916 erre
751 2855 844 2917 emtis
872 2873 944 2916 esre.
972 2860 1103 2916 ceterum
1118 2854 1193 2917 adeo

99 2955 246 3018 aspersa
260 2939 361 3000 amaia
375 2940 409 3000 ia
422 2939 587 3020 liparibus
601 2959 633 3001 se
646 2937 764 3016 babere,
778 2945 813 3000 ut
827 2937 948 3000 abscedi
957 2939 1036 3014 iude,
1046 2939 1112 3000 siue
1118 2957 1193 3018 per-

100 3023 179 3084 eicie
191 3023 344 3084 racionem
357 3027 387 3084 el
401 3023 511 3085 Mutuo
525 3023 705 3103 reipublice,
715 3043 776 3084 aaa
783 3023 892 3102 possit.
936 3021 972 3082 Si
986 3022 1194 3083 itauideretur

101 3106 261 3183 Patribus,
275 3109 429 3170 alittmrd
453 3107 497 3168 od
517 3108 670 3187 callepam,
684 3111 719 3168 ut
740 3107 777 3182 u,
792 3106 844 3186 qui
862 3103 1063 3186 prufliputum
1085 3105 1193 3167 bellum

100 3191 236 3268 baberet,
261 3191 304 3253 ad
326 3192 450 3254 mmitia
473 3191 602 3253 Romam
622 3191 758 3252 rediret:
779 3191 807 3251 si
829 3189 865 3250 id
877 3187 985 3269 sacere
996 3195 1192 3270 procuretur,

100 3275 182 3354 qued
192 3295 254 3338 aaa
267 3295 328 3337 rue
340 3277 434 3337 emtis
446 3275 482 3336 id
492 3276 643 3357 repellam
658 3279 744 3352 earet,
753 3293 786 3336 re
799 3273 917 3355 quidem
922 3271 1090 3353 sucturum,
1099 3273 1192 3354 puad-

101 3377 226 3439 cumque
238 3364 363 3420 mutue
377 3359 557 3431 emmisset,-
578 3359 737 3422 sedetiam
750 3363 840 3438 atque
853 3357 946 3420 etiam
961 3355 982 3390 ¹¹
993 3358 1139 3434 viduant,
1154 3377 1192 3420 ue

100 3445 198 3524 nupia
211 3463 228 3505 e
241 3443 398 3524 republica
412 3448 489 3506 earet
501 3444 707 3524 interreptrum
720 3443 803 3520 iatri,
813 3461 903 3522 pram
914 3441 953 3503 ab
966 3459 998 3503 se
1012 3442 1046 3503 ia
1060 3460 1094 3503 eo
1106 3447 1190 3503 statu

99 3527 230 3608 relirsqrd
238 3527 442 3608 prmiadom.
486 3526 622 3589 Senatus
638 3525 676 3589 Ο.
692 3523 856 3588 Scribonio
867 3545 907 3588 ne
949 3523 1030 3586 tium
1041 3524 1138 3602 dedit,
1153 3533 1191 3588 ut

100 3609 180 3675 duos
203 3610 326 3695 legatos
351 3631 390 3673 ex
412 3607 521 3672 ordine
546 3609 702 3672 senatorio
725 3609 864 3672 mitteret
951 3609 990 3671 L.
1006 3607 1189 3671 Cornelium

99 3695 275 3773 consulem,
288 3693 345 3778 qui
357 3693 463 3756 literas
476 3693 604 3779 collegae
617 3693 658 3756 ad
674 3699 818 3756 senatum
836 3692 949 3755 missas
971 3692 1128 3755 deferrent
1149 3693 1189 3756 ad

99 3799 193 3858 eum;
215 3787 249 3842 et
265 3777 463 3856 nunciarent,
477 3778 665 3855 recaleant
679 3777 707 3840 ia
721 3777 765 3840 ad
776 3778 975 3858 mopietrutua
984 3777 1189 3858 subrapoudae

99 3863 227 3927 Romam
241 3865 368 3942 retiret,
375 3863 491 3943 potira,
505 3883 596 3944 ptam
611 3862 647 3934 Q.
661 3863 817 3925 Mlucius
830 3882 851 3924 o
865 3861 939 3924 bella
949 3862 1066 3944 bdepro
1081 3881 1189 3926 araca·

99 4027 120 4057 ὓ
128 4027 244 4072 messit.
258 4026 356 4071 sinistro
367 4023 441 4071 Gran.
450 4024 518 4072 (trev.
551 4027 565 4056 ¹²
578 4023 694 4070 (iudom
703 4037 796 4082 corporo
804 4021 879 4067 aska.
911 4023 1035 4068 oratoru
1042 4023 1114 4068 Gron.
1124 4023 1191 4070 Crer.

100 4090 229 4138 ristun
243 4087 311 4134 lind.
409 4091 482 4134 treet
493 4101 552 4135 cera
564 4087 642 4133 llekk.
732 4090 776 4133 'rt
790 4087 817 4135 Q.
828 4091 851 4132 at
862 4085 896 4131 bl.
909 4085 994 4132 Marcii
1005 4086 1101 4150 Kreyss.
1117 4085 1192 4140 aete.

100 4223 171 4282 dream
194 4233 219 4272 et
238 4225 327 4271 Victor.
356 4225 430 4271 codex
449 4237 502 4270 eum
522 4237 570 4270 uuo
594 4237 624 4269 ex
645 4223 712 4268 MSS.
778 4219 809 4266 ll
829 4219 935 4268 Viderunt
960 4235 988 4267 se
1015 4221 1087 4282 magle
1113 4235 1125 4266 a
1147 4235 1160 4265 r
1203 4217 1262 4264 blica
1282 4217 1353 4282 erut]

102 4287 204 4344 lleunii,
215 4289 369 4336 maenium.
388 4287 419 4333 lit
429 4289 541 4334 muer.-
557 4288 620 4346 quod
631 4286 713 4346 placet.
746 4283 821 4330 Proba
832 4284 914 4331 lectio:
932 4299 984 4344 qus
996 4289 1073 4330 tamen
1092 4289 1159 4328 aucto
1181 4289 1227 4328 tate
1239 4295 1286 4328 non
1298 4285 1354 4332 satis

133 4351 161 4398 tu
177 4355 268 4400 Alaritr
286 4347 415 4412 equitibus]
449 4351 569 4397 Sociorum
587 4349 711 4410 equitibus.
745 4347 876 4398 unusual.
904 4347 987 4407 Scripti
999 4347 1085 4392 etenim
1097 4353 1121 4390 et
1129 4357 1209 4390 omues
1220 4345 1285 4405 editi,
1295 4356 1354 4395 teste

102 4413 151 4460 Vid.
163 4427 211 4463 not.
222 4417 254 4462 ad
267 4417 282 4462 l.
294 4413 385 4461 xxvi.
398 4429 418 4460 r.
432 4413 467 4460 1⁴.
747 4411 858 4464 lleamlo.
876 4425 918 4471 pro
937 4411 1051 4470 particula
1069 4423 1097 4455 ae
1114 4407 1226 4454 exhibent
1243 4413 1271 4457 ai.
1304 4411 1355 4459 Nee

134 4478 158 4526 ll
178 4482 277 4526 &diser
286 4474 406 4538 tioium]
426 4477 491 4524 MSS.
504 4476 647 4534 Groaorianl
658 4478 713 4524 ecte·
746 4475 814 4522 aliter
825 4475 884 4521 vlu.
896 4473 976 4521 codex.

103 4550 164 4589 aar:
181 4544 269 4590 Victor.
281 4545 381 4592 M·
417 4541 479 4600 bks!
489 4543 576 4589 duur.
