3118 5002
230 375 295 438 374

826 361 918 426 'rl'll
942 361 1054 426 LlVll

234 539 298 586 uc.
311 537 364 584 aar.
394 525 447 582 tus
471 515 548 594 dies,
570 535 670 598 quum
691 512 814 576 audiret
827 511 933 595 vagari
956 509 1149 574 Macedonas
1166 509 1283 574 effirsos
1301 533 1365 596 per
1388 511 1483 576 'I'bes-

234 605 261 650 l·
273 603 299 649 ὓ·
314 601 365 656 ¹⁷¹·
396 601 514 678 saliam,
528 599 705 682 vastarique
720 598 878 662 sociorum
892 617 995 680 egros,
1015 595 1091 658 satis
1100 593 1168 679 jam
1182 596 1337 660 resectum
1353 597 1484 660 militem

396 685 436 748 ad
458 683 617 748 Larissam
635 681 732 746 ducit.
777 681 868 758 inde,
888 701 989 764 quum
1009 679 1069 742 tria
1088 679 1186 744 millia
1207 681 1303 744 ferme
1322 679 1453 743 abesset
1470 701 1487 740 a

395 769 526 854 Tripoli,
543 767 687 848 (Soeamn
702 769 827 846 vocant)
845 787 941 850 super
957 765 1096 828 Peneum
1111 785 1235 826 amnem
1248 764 1360 862 posuit
1376 773 1485 826 castm

328 871 333 880 ·
399 853 563 918 Paridem
587 861 714 936 tempus
740 851 900 912 Eumenes
924 850 965 913 ad
989 848 1172 912 Chalcidem
1196 847 1329 911 navibus
1354 849 1487 911 accessit

235 949 309 980 ΝΜ
322 948 355 978 ¹¹⁸
397 959 471 1002 cum
485 935 593 1000 Attalo
607 945 702 1019 atque
716 935 873 998 Athenaeo
888 933 1047 1011 iratribus,
1072 933 1238 996 Philetaem
1257 933 1354 996 fiatre
1380 932 1486 994 relicto

399 1020 542 1104 Pergami
564 1021 605 1084 ad
627 1019 759 1082 tutelam
782 1017 881 1102 regni.
915 1018 988 1080 inde
1006 1039 1080 1080 cum
1093 1017 1203 1080 Attalo
1218 1025 1250 1079 et
1263 1025 1408 1100 quatuor
1422 1015 1487 1078 mil·

397 1105 482 1168 libus
506 1105 660 1189 peditum,
677 1103 762 1166 mille
783 1103 937 1186 equitum,
956 1101 1178 1164 adeonsulem
1192 1101 1287 1164 venit.
1332 1100 1485 1164 Chalcide

398 1189 507 1254 relicta
520 1189 584 1252 duo
600 1189 698 1286 millia
712 1187 867 1286 peditum,
882 1185 999 1270 quibua
1012 1187 1188 1248 Athenaeus
1197 1185 1407 1282 praepositus.
1447 1185 1486 1246 Et

277 1311 291 1343 ι
317 1297 369 1342 uxr·
399 1274 459 1338 alia
487 1273 598 1336 eodem
627 1273 743 1336 auxrha
772 1271 923 1335 Romanis
951 1291 989 1332 ex
1016 1269 1164 1332 omnibus
1187 1269 1328 1352 undique
1355 1269 1487 1332 Graeciae

399 1379 442 1444 po
466 1357 527 1422 ulis
550 1366 776 1436 convenerunt,
800 1376 935 1439 quorum
954 1353 1102 1438 pleraque
1120 1353 1208 1434 (adeo
1223 1375 1319 1438 parva
1333 1357 1441 1432 erant)
1457 1353 1486 1413 in

400 1379 590 1506 oblivionem
604 1443 750 1506 adducta.
793 1441 823 1503 A
866 1439 1003 1502 lloniatae
1026 1447 1183 1502 trecentos
1204 1437 1338 1520 equites,
1360 1447 1488 1500 centum

399 1527 522 1612 pedites
536 1527 700 1590 miserunt.
743 1525 821 1588 AEto
834 1545 925 1588 orum
939 1523 961 1556 ⁸⁸
971 1523 1029 1586 alce
1039 1522 1134 1586 unius
1144 1522 1253 1600 instar,
1264 1531 1428 1605 quantum
1439 1521 1488 1583 iu⁰

399 1620 468 1674 tota
489 1617 583 1694 gente
604 1610 748 1692 equitum
768 1617 845 1685 erat,
866 1615 1034 1670 venerant:
1058 1615 1090 1670 et
1109 1605 1367 1670 ”Thessalorum
1389 1605 1488 1670 omnis

400 1694 561 1778 equitatus
590 1701 776 1776 separatus?
805 1699 881 1754 erat.
918 1713 984 1755 non
1011 1691 1085 1776 plus
1113 1712 1209 1774 quam
1236 1691 1374 1754 trecenti
1404 1697 1487 1754 eraut

400 1777 522 1862 equites
546 1777 580 1840 in
601 1776 712 1839 castris
737 1775 899 1839 Romanis.
943 1776 1053 1839 thaei
1069 1775 1248 1859 juventutis
1268 1797 1349 1852 suae,
1366 1774 1487 1840 Cretico

400 1861 535 1924 maxime
548 1869 682 1938 armatu,
695 1861 736 1924 ad
750 1859 835 1923 mille
849 1859 1014 1924 dedenmt.

443 1943 531 2008 LVI.
555 1944 623 2008 Sub
646 1945 731 2007 idem
754 1953 883 2028 tempus
901 1952 934 2007 et
952 1943 990 2007 C.
1007 1942 1175 2006 Lueretius
1210 1951 1315 2021 raetnr,
1329 1945 1391 2026 qui
1407 1940 1486 2006 nari-

269 2013 334 2108 '¹¹·,
400 2029 462 2092 bus
476 2037 611 2114 prmerat
624 2029 665 2092 ad
680 2028 726 2092 Ce
749 2028 927 2106 bullenum,
953 2029 1002 2092 M.
1017 2027 1166 2091 Lucretio
1235 2036 1281 2090 tre
1300 2049 1379 2091 cum
1395 2027 1486 2090 classe

401 2114 421 2148 ⁸⁸
432 2135 528 2198 super
553 2113 692 2177 Maleam
745 2113 899 2176 haleidem
914 2113 1006 2196 jusso
1026 2121 1143 2196 petere,
1157 2111 1225 2196 ipse
1240 2111 1404 2176 triremem
1419 2131 1485 2174 oon·

401 2199 534 2278 scandit,
544 2199 650 2262 sinum
659 2197 861 2262 Corinthium
872 2205 984 2281 petens
994 2197 1035 2260 ad
1045 2197 1311 2281 praeoccupandas
1322 2197 1357 2258 in
1369 2193 1485 2260 Boeotia

401 2303 461 2348 res.
498 2285 617 2348 tardior
639 2283 668 2347 ei
691 2282 848 2368 navigatio
872 2289 1002 2366 propter
1021 2281 1237 2344 infirmitatem
1254 2282 1399 2364 eorporis
1423 2278 1483 2342 fuit.

401 2367 451 2430 M.
466 2369 645 2446 Lucretius,
661 2367 844 2431 Chalcidem
859 2365 1038 2443 adveniens,
1053 2386 1153 2448 quum
1173 2386 1192 2428 a
1210 2365 1245 2430 P.
1260 2365 1403 2428 Lentulo
1426 2363 1485 2426 Ha-

401 2451 529 2515 liartum
557 2451 735 2538 obpugnari
762 2451 912 2528 audisset,
939 2449 1102 2528 nuncium,
1128 2449 1272 2534 praetoris
1297 2449 1416 2526 verbis,
1437 2445 1484 2529 qui

402 2535 569 2598 abscedere
596 2557 668 2598 eum
698 2535 771 2596 inde
791 2535 933 2632 juberet,
961 2533 1057 2598 misit.
1101 2533 1286 2596 Boeotorum
1309 2533 1483 2618 juventute,

400 2639 561 2764 itit:
576 2617 1484 2795 {tulitffit{thirtthitlffithl‘ttitt

400 2785 556 2850 obsidioni
570 2785 666 2850 dedit.
688 2807 825 2868 namque
840 2785 999 2870 extemplo
1015 2787 1063 2850 M.
1078 2787 1246 2850 Lucretius
1262 2808 1336 2850 cum
1350 2793 1483 2850 exemrtu

400 2870 513 2949 navali,
539 2871 648 2934 decem
670 2869 811 2933 millibus
832 2879 1035 2950 armatorum,
1058 2871 1098 2934 ad
1123 2871 1183 2934 hoc
1203 2871 1329 2934 duobus
1348 2869 1482 2934 millibus

400 2955 569 3040 regiorum,
592 2955 647 3039 qui
673 2955 734 3018 sub
757 2956 913 3019 Athenaeo
935 2965 1035 3034 erant,
1061 2955 1241 3018 Haliartum
1269 2951 1481 3018 circumsedit:

401 3039 648 3126 parantibusque
666 3040 733 3126 jam
760 3041 953 3125 obpugnare,
977 3040 1158 3124 supervenit
1178 3063 1197 3103 a
1218 3041 1339 3104 Creiisa
1361 3045 1481 3124 praetor.

401 3127 454 3189 Ad
475 3126 558 3189 idem
577 3127 640 3188 fere
663 3135 791 3210 tempus
810 3134 843 3188 et
861 3125 901 3188 ab
919 3125 1010 3188 sociis
1025 3145 1121 3188 naves
1135 3125 1319 3188 Chalcidem
1334 3141 1481 3186 convene-

400 3217 496 3272 runtr
519 3211 591 3272 dure
608 3209 736 3272 Punicae
751 3209 1002 3292 quinqueremes,
1017 3209 1089 3272 duce
1104 3209 1144 3272 ab
1164 3209 1317 3272 Heraclea
1331 3231 1370 3271 ex
1388 3209 1481 3271 Ponto

400 3293 555 3370 triremes,
579 3301 716 3374 quatuor
739 3293 949 3372 Chalcedone,
975 3293 1105 3356 totidem
1132 3293 1239 3371 Samo,
1259 3302 1329 3356 tum
1348 3293 1479 3391 quinque

402 3375 534 3438 Rhodiae
548 3375 770 3457 quadriremes.
795 3377 915 3440 Praetor
923 3387 947 3456 (1,
962 3378 1036 3460 quia
1047 3399 1204 3460 nusquam
1218 3387 1285 3440 erat
1296 3378 1480 3440 maritimum

401 3457 531 3536 bellum,
559 3457 680 3520 remisit
708 3460 810 3522 sociis.
847 3469 879 3523 et
908 3461 949 3526 Q.
975 3461 1117 3524 Marcius
1143 3461 1325 3525 Chalcidem
1353 3459 1478 3524 navibus

401 3542 499 3620 venit,
514 3543 616 3626 Alope
630 3551 732 3627 capta,
748 3543 884 3622 Larissa,
898 3567 970 3630 quae
982 3545 1143 3610 Cremaste
1156 3547 1281 3624 dicitru,
1295 3545 1478 3630 obpugnata

403 3627 512 3692 Quum
528 3627 580 3690 hic
596 3635 698 3690 status
713 3628 746 3690 in
761 3629 885 3692 Boeotia
895 3638 987 3708 esset,
1000 3631 1143 3708 Perseus,
1155 3653 1255 3714 quum
1267 3630 1306 3692 ad
1318 3629 1478 3714 Sycurium

404 3711 498 3790 (sicut
527 3720 599 3774 ante
629 3711 750 3775 dictum
779 3715 838 3795 cst)
866 3714 980 3777 stativa
1003 3715 1143 3792 haberet,
1165 3715 1323 3778 humente
1347 3714 1478 3794 undique

401 3793 484 3857 eirca
511 3817 550 3858 ex
574 3795 658 3880 agris
682 3805 843 3874 convecto,
868 3798 909 3860 ad
929 3799 1118 3862 vastandum
1144 3819 1254 3883 agrum
1286 3799 1478 3861 Pheraeorum

402 3878 507 3942 misit:
531 3887 618 3942 ratus
633 3881 673 3943 ad
681 3880 840 3964 juvandas
859 3881 1015 3944 sociorum
1035 3883 1129 3947 urbes
1148 3883 1274 3967 longius
1296 3883 1355 3946 abr
1378 3877 1478 3946 castris

475 4029 489 4058 ¹¹
501 4025 586 4073 Socors
599 4026 692 4084 Kreyas.
707 4027 784 4074 Bekk.
912 4029 966 4076 ⁰ob
978 4029 1043 4075 Eud.
1172 4034 1302 4090 Paperataa
1315 4029 1391 4076 Belsk.

597 4093 758 4150 stuprator
770 4091 865 4150 Kreyas.
880 4091 955 4138 seua.
1116 4097 1153 4139 fo
1165 4093 1231 4139 Ered.

269 4221 301 4270 nt
319 4223 393 4270 'Ale
409 4225 475 4270 saise
491 4219 575 4283 intas]
605 4223 640 4268 Ea
665 4225 688 4268 vi
712 4227 845 4282 verborum,
877 4225 902 4272 in
931 4225 1051 4273 Thessalia
1074 4227 1161 4274 bellum
1185 4235 1313 4286 gereretur,
1334 4241 1376 4288 per
1394 4234 1478 4272 omnem

236 4287 313 4346 imago
327 4301 354 4334 ac
367 4287 597 4346 speciesuniuaaler
615 4287 638 4332 id
654 4295 844 4348 estunaprope·
878 4290 996 4348 regionem
1020 4291 1188 4336 distribuerant
1210 4305 1269 4346 sese,
1291 4299 1318 4336 ut
1340 4291 1415 4336 varias
1436 4290 1477 4345 ejus

236 4353 332 4396 moduni
354 4351 398 4398 ala.
432 4353 479 4398 Alo
503 4349 566 4410 apud
590 4351 709 4396 Romanoa
732 4359 846 4398 herento-
878 4363 955 4412 panea
966 4355 1076 4400 adversus
1088 4361 1225 4414 presentem
1239 4355 1329 4400 bostem
1343 4363 1465 4400 tuerentur.

235 4413 558 4474 rumiermeequitumerat.
909 4417 941 4462 88
964 4418 1061 4476 ’Super
1084 4415 1196 4480 Malean]
1227 4419 1365 4478 superando
1387 4418 1477 4464 Maleam

267 4477 298 4530 87
326 4477 478 4524 Thessalorum
500 4480 570 4524 osseis
595 4479 709 4538 equitatus
727 4485 846 4537 reparatae
877 4481 1068 4540 promontorium.

235 4537 297 4598 mat]
317 4539 370 4586 linc
387 4541 442 4586 illuc
458 4555 566 4600 spamus:
591 4542 646 4601 quia
664 4555 755 4602 nempe,
772 4555 845 4602 quum
