3108 4982
177 325 243 390 250
775 317 869 384 'tl'rl
891 317 1007 382 LlVIl

179 483 313 596 nio
341 489 755 654 ιιιιιιιιιιιιιι
774 471 1341 634 attenuantes
1357 467 1435 638 {n

342 661 484 704 animum
510 639 602 723 regis.
654 639 739 702 Tum
765 639 909 715 Perseus,
934 636 1015 708 Quid
1041 637 1103 698 isto
1122 642 1284 716 procum?
1316 637 1434 720 inquit.

341 745 529 806 nequaquam
543 730 661 786 tardem
675 725 708 786 io
722 723 857 786 aeternio
879 722 1005 784 meridia
1026 726 1071 783 est
1088 721 1239 800 presidii,
1258 721 1436 802 uquam

336 807 612 891 periculi⁰froude
626 809 799 871 domestico.
841 806 1036 869 Proditorem
1057 807 1125 868 nolo
1145 805 1255 882 dcere,
1272 813 1352 870 certe
1365 827 1435 888 epe-

343 895 508 958 calotorem
532 893 674 956 nom
695 895 729 955 io
751 893 840 955 eioo:
869 891 964 972 oojto,
988 910 1027 952 eo
1049 909 1107 970 quo
1132 889 1217 954 obses
1238 891 1342 954 Romo
1354 891 1434 972 soit,

343 998 452 1059 cmpos
462 978 755 1041 aobtsreddtdemnt
765 975 1121 1056 Romantaatmumtpet
1136 975 1256 1038 namt.
1292 976 1435 1039 mamm

338 1083 418 1145 perte
431 1063 634 1126 Macedmtom
648 1064 681 1125 io
695 1081 762 1124 eom
772 1081 828 1124 oro
842 1080 986 1124 comem
998 1065 1088 1122 mat:
1109 1079 1164 1124 nec
1177 1079 1277 1141 regem
1289 1080 1322 1124 ae
1336 1063 1435 1124 olium

343 1154 451 1211 rentur
462 1147 619 1210 latitares
638 1166 712 1224 eaeo,
728 1145 846 1227 “quom
860 1145 1087 1228 qamliooaoai
1102 1145 1262 1208 adeam
1300 1144 1362 1208 His
1375 1167 1436 1229 per

344 1251 485 1380 qemqegm
512 1253 603 1330 mcnq
625 1231 723 1378 :apelii
742 1229 973 1378 qqippplabatur.
1011 1237 1044 1292 et
1068 1228 1174 1292 animo
1196 1229 1308 1313 magis,
1334 1251 1434 1314 quam

414 1339 436 1378 ιι
462 1337 498 1379 ea
512 1337 624 1380 crimin
831 1361 839 1377 .

388 1363 447 1464 vlf
475 1401 569 1464 Forte
583 1337 744 1464 lustrandi
753 1398 908 1462 exercitus
923 1396 1010 1461 venit
1023 1405 1161 1482 tempus,
1173 1396 1264 1480 cujus
1280 1397 1434 1463 sollemne

211 1489 257 1521 ’Μ
270 1489 296 1520 '¹¹
346 1493 396 1548 est
410 1486 482 1550 tale.
526 1484 547 1517 ¹⁸
557 1485 665 1582 Caput
683 1484 795 1548 mediae
810 1483 897 1546 canis
911 1482 1052 1567 praecisoe
1067 1491 1099 1546 et
1113 1481 1199 1566 pn'or
1213 1503 1286 1567 pars
1301 1483 1341 1546 ad
1355 1485 1435 1547 dex-

181 1552 196 1584 ¹
210 1555 227 1648 ζ’
267 1616 333 1650 onas.
346 1578 457 1648 teram,
468 1591 541 1634 oum
556 1577 637 1632 extis
650 1568 826 1654 posteriort
843 1567 884 1630 ad
894 1567 1006 1630 loevam
1021 1565 1080 1630 viae
1095 1566 1235 1652 ponitur.
1255 1567 1338 1630 inter
1348 1569 1434 1632 hanc

346 1655 477 1718 divisam
508 1654 644 1716 hostiam
671 1653 770 1737 copiae
804 1660 932 1716 armatae
962 1651 1182 1716 traducuntur.
1219 1653 1435 1736 praeferuntur

345 1738 449 1822 primo
464 1737 582 1821 agmini
595 1759 682 1800 arma
694 1737 831 1822 insignia
848 1735 991 1800 omnium
1009 1737 1049 1800 ab
1064 1736 1177 1800 ultima
1190 1737 1310 1822 origine
1323 1737 1434 1802 Mace-

346 1822 449 1886 doniae
463 1843 594 1906 regum:
615 1821 728 1885 deinde
744 1843 800 1884 rex
815 1821 883 1906 ipsc
896 1842 971 1884 cum
985 1821 1091 1884 liberis
1105 1821 1265 1905 sequitur:
1287 1823 1434 1907 proxima

345 1915 394 1970 est
420 1905 506 1990 regia
533 1907 646 1970 cohors
673 1907 804 1970 custode
843 1927 883 1968 ue
907 1927 961 1969 cor
1003 1904 1064 1985 ris3
1096 1915 1293 1989 postremum
1317 1929 1432 1992 agmen

346 1991 559 2054 Macedonum
573 1999 676 2055 cetera
689 1991 819 2054 multitu
841 2013 861 2054 o
879 1991 950 2054 cleu
974 1990 1007 2054 't.
1046 1991 1162 2054 Latera
1183 1991 1266 2076 regis
1288 1992 1351 2056 duo
1374 1993 1433 2056 filii

346 2075 474 2140 'uvenes
503 2075 682 2161 cingebant,
711 2077 844 2140 Perseus
867 2075 935 2160 jam
962 2074 1157 2138 tricesimum
1185 2097 1305 2140 annum
1323 2099 1433 2162 agens,

340 2099 527 2225 llemetriua
552 2161 770 2246 quinquennio
793 2161 915 2238 minor3
947 2160 1051 2224 medio
1068 2160 1212 2245 juventae
1235 2161 1347 2225 robora
1368 2162 1432 2242 ille,

344 2245 396 2309 hic
411 2247 507 2325 ilore3
528 2247 680 2310 fortunati
691 2245 790 2346 patris
800 2255 925 2310 matura
936 2244 1070 2324 soboles,
1080 2245 1107 2308 si
1120 2267 1210 2309 mens
1221 2267 1298 2310 sana
1309 2247 1432 2311 titisset.

345 2331 421 2394 Mos
436 2340 512 2410 erat,
525 2331 720 2395 lustrationis
738 2353 826 2395 sacro
847 2338 985 2417 peracto,
999 2329 1172 2395 exercitum
1187 2331 1350 2395 decurrere
1357 2343 1382 2410 ⁸,
1399 2343 1434 2397 et

344 2415 460 2480 divisas
475 2417 618 2480 bifariam
633 2417 713 2479 duas
728 2417 810 2480 acics
825 2437 1011 2479 concurrere
1026 2415 1067 2478 ad
1082 2415 1286 2480 simulacrum
1301 2438 1432 2502 pugnae.

202 2525 216 2556 u
243 2511 275 2556 cri
345 2501 437 2584 Regii
454 2500 589 2584 juvenes
612 2501 709 2563 duces
729 2501 758 2563 ei
782 2500 904 2563 ludicro
919 2499 1082 2563 certamini
1097 2500 1172 2564 dati.
1202 2509 1342 2564 ceterum
1365 2523 1432 2566 non

178 2575 311 2622 ⁰²¹¹¹¹¹¹¹s⁸
344 2583 448 2666 imago
472 2583 533 2646 tuit
555 2605 683 2668 pugnae,
708 2585 774 2662 sed,
789 2593 952 2667 tamquam
977 2585 1016 2648 de
1037 2605 1135 2669 regno
1159 2585 1372 2665 dimicaretm,
1386 2587 1434 2650 ita

202 2703 319 2749 emerius.
343 2677 580 2745 concurremnt,
605 2668 769 2752 multaque
793 2668 925 2731 vulnera
949 2669 1083 2732 sudibus
1107 2669 1209 2750 facta;
1232 2691 1291 2734 nec
1315 2681 1434 2756 praetcr

342 2752 460 2814 sermm
481 2751 656 2836 quidquam
670 2752 772 2815 defuit
791 2753 832 2816 ad
850 2751 973 2837 justam
994 2753 1069 2818 belli
1094 2755 1241 2840 speciem.
1286 2757 1363 2819 Pars
1384 2779 1432 2836 ea,

363 2857 413 2899 uae
429 2836 490 2899 sub
511 2837 675 2900 Demetrio
690 2845 767 2916 erat,
781 2837 875 2922 longe
890 2837 1034 2923 superior
1047 2838 1118 2902 suit.
1146 2839 1180 2903 id
1194 2861 1276 2924 aegre
1290 2841 1432 2926 patiente

341 2857 466 3000 laneo,
481 2921 581 2986 lactari
595 2923 769 3008 prudentes
784 2923 876 2988 amici
891 2923 970 3007 ejus,
984 2945 1115 3008 eamque
1129 2945 1196 2988 mm
1210 2925 1313 3010 ipsam
1327 2925 1432 2992 dicore

339 3007 545 3092 praebituram
560 3029 703 3072 caussam
717 3007 903 3072 criminandi
918 3008 1049 3072 'uvenis

383 3093 461 3158 vll.
485 3093 675 3157 Convivium
698 3115 736 3157 eo
759 3093 809 3157 die
832 3115 867 3156 ao
921 3093 997 3172 um,
1023 3093 1079 3176 qui
1098 3093 1193 3157 simul
1217 3094 1432 3177 decurrerant,

339 3185 474 3261 uterque
489 3179 611 3256 habuit,
627 3199 727 3262 quum
741 3187 872 3241 vocatus
894 3177 935 3241 ad
958 3199 1082 3241 coenam
1106 3178 1147 3242 ab
1167 3179 1331 3243 Demetrio
1354 3181 1432 3244 Per-

340 3283 414 3324 seus
428 3269 584 3344 negasset.
628 3262 723 3324 Festo
749 3262 800 3325 die
821 3261 965 3326 invitatio
988 3263 1127 3348 benigna
1141 3271 1174 3327 et
1187 3265 1328 3328 hilaritas
1337 3263 1433 3350 juve-

340 3345 443 3407 nolis¹²
469 3355 620 3427 utrosque
643 3345 676 3407 in
693 3346 802 3408 vinum
823 3347 930 3410 traxit.
974 3346 1241 3412 Commemoratio
1262 3349 1307 3414 ibi
1330 3357 1432 3413 certa-

339 3429 434 3491 minis
457 3428 570 3492 ludicri
591 3437 624 3492 et
640 3429 751 3514 jocosa
773 3431 858 3494 dicta
878 3432 912 3494 in
935 3431 1138 3510 adversarios,
1160 3433 1205 3496 ita
1226 3441 1264 3497 ut
1287 3455 1328 3497 ne
1350 3434 1431 3519 ipsis

340 3513 469 3596 quidem
500 3513 635 3577 ducibus
663 3514 884 3595 abstineretur,
908 3515 1122 3600 jactabantur.
1178 3519 1231 3581 Ad
1258 3519 1316 3582 hos
1346 3520 1430 3583 exci-

176 3597 472 3710 {p‘,⁰{¹,¹2⁸⁰'dl³l²¹¹d².⁸
492 3619 586 3662 voces
615 3597 794 3683 speculator
816 3622 855 3663 ex
880 3601 1020 3700 convivis
1046 3601 1152 3699 Persei
1176 3603 1304 3681 missus,
1324 3624 1431 3702 ¹quum

176 3679 311 3775 „zmil”
341 3691 497 3747 incautior
521 3683 749 3762 obversaretur,
771 3693 922 3769 exceptus
947 3685 1157 3770 aJuvembus
1182 3687 1263 3750 forte
1291 3688 1430 3752 trachmo

176 3807 223 3839 um.
341 3769 484 3852 egressis,
498 3768 579 3831 mala
594 3768 761 3832 mulcatur.
807 3769 915 3854 Hujus
936 3770 982 3834 rei
1000 3770 1131 3855 ignaram
1147 3771 1340 3850 Demetrius,
1356 3776 1430 3854 quin

340 3853 541 3932 comissatum,
557 3851 671 3938 inquit,
687 3854 730 3916 ad
742 3851 879 3934 fratrem
899 3855 1006 3917 imos?
1030 3861 1059 3918 et
1077 3857 1158 3918 iram
1180 3857 1254 3936 ejus,
1268 3859 1297 3918 ai
1309 3877 1371 3939 qao
1391 3879 1425 3921 ee

340 3938 503 4002 certamine
527 3939 650 4016 residet,
674 3939 869 4019 atmplicitate
892 3943 923 4001 et
953 3941 1112 4003 lilovitote
1144 3947 1250 4004 matra
1273 3941 1401 4006 Ιοιιίιιω

381 4124 393 4154 ¹
404 4117 448 4166 lna.
461 4119 486 4166 lii
498 4119 576 4166 belok.
704 4115 716 4154 ¹
724 4121 756 4168 ad
766 4121 881 4169 dextoram
892 4137 942 4169 aaa
950 4123 1016 4179 ortis,
1026 4125 1146 4183 postmor,
1158 4125 1200 4170 &a
1213 4124 1286 4171 (lton.
1295 4125 1364 4173 Creo.

465 4189 480 4226 a
490 4185 609 4231 decurrere
619 4186 740 4231 anciran
752 4184 829 4231 Beki.
975 4180 990 4218 ¹³
995 4185 1108 4248 juvenilia
1120 4189 1191 4234 tiron.
1205 4187 1272 4234 Crev.

209 4331 238 4379 14
257 4333 370 4382 Οααιιιιω
379 4331 475 4392 periculi
479 4327 566 4394 fraeda
575 4327 707 4392 domestico]
731 4331 784 4378 Me·
851 4331 881 4379 lo
898 4331 971 4393 Copia
982 4335 1132 4381 uenam
1141 4337 1352 4396 praemonear
1359 4335 1431 4402 pera]

174 4395 210 4454 gis
222 4397 331 4455 placeret,
342 4393 465 4457 testanda.
817 4395 895 4455 caput
906 4405 930 4443 et
945 4398 1049 4444 anterior
1060 4411 1113 4458 para
1125 4397 1196 4455 mnia,
1208 4413 1261 4459 qun
1271 4406 1336 4446 occu
1350 4403 1433 4450 media

175 4459 329 4568 Μίιῠηβιω
349 4475 413 4521 quen
433 4459 529 4508 Rmoat
547 4456 673 4522 dedtueat]
692 4459 785 4516 Melius,
817 4467 859 4506 eat.
