3118 5002
189 297 253 365 376
761 289 854 352 'I'ITI
888 289 1001 352 LIVII

191 467 222 512 u,
231 467 257 514 c.
269 465 324 510 aar.
354 451 469 522 essent,
485 465 528 521 se,
543 441 598 527 qui
611 439 755 524 equitatu
769 445 801 501 et
815 437 876 500 levi
890 445 1048 500 armatura
1060 437 1134 522 plus
1148 445 1295 522 possent,
1319 457 1460 501 coum-

192 531 256 576 ffl·
273 529 324 582 ¹⁷¹·
354 551 444 593 suros
459 529 567 591 aciem.

397 611 524 676 LVIII.
548 612 720 692 Postquam
743 608 907 691 inceptum
931 627 995 668 non
1022 605 1220 682 succedebat,
1243 613 1363 668 casm
1388 627 1462 690 pm-

354 698 428 782 pius
450 697 574 760 hostem
596 694 695 756 movit
716 713 782 770 rex,
802 701 834 754 et
847 713 866 753 a
880 689 1020 773 quinque
1034 690 1173 752 millibus
1187 711 1357 775 passuum
1373 713 1462 752 oom-

355 781 481 844 muniit.
512 779 596 856 inde,
610 777 680 840 luce
693 777 795 860 prima
809 775 842 837 in
856 775 977 852 eodem,
989 795 1052 858 quo
1068 774 1198 852 solebat,
1213 774 1283 837 loco
1301 775 1462 858 peditum

194 877 291 922 emens
356 866 421 928 acie
450 865 614 938 instructa,
639 861 816 944 equitatum
845 880 972 922 omnem
1001 859 1164 942 levemque
1188 867 1399 921 armaturam
1423 859 1461 920 ad

193 939 328 1046 “Wlmffi
357 959 459 1012 castra
484 947 624 1012 hostium
650 945 746 1008 ducit
790 943 887 1006 Visus
910 951 942 1005 et
966 943 1126 1027 plurium⁸
1148 951 1181 1005 et
1202 943 1344 1028 propior
1365 943 1462 1006 solito

193 1016 333 1112 23:¹¹²...
357 1033 461 1118 puvs
483 1031 724 1118 trepidationem
742 1029 775 1091 in
790 1027 900 1090 meas
916 1027 1067 1090 nomana
1086 1027 1170 1091 secie
1214 1027 1259 1089 at
1272 1028 1394 1111 primo
1410 1029 1462 1090 vix

194 1131 253 1175 tium
265 1127 335 1174 tucia
358 1118 511 1181 creditum
527 1115 691 1180 nuncianti
706 1122 764 1191 est,
777 1113 851 1196 quia
866 1111 1023 1196 prioribus
1038 1111 1197 1175 continuis
1213 1111 1334 1175 diebus
1363 1135 1462 1175 num·

357 1223 452 1286 quam
468 1210 541 1264 ante
556 1203 666 1264 horam
679 1207 822 1282 quartam
837 1197 936 1260 hostis
950 1196 1146 1281 adparuerat.
1180 1205 1250 1258 tum
1264 1197 1351 1259 solis
1368 1207 1462 1260 ortus

358 1295 433 1350 erat.
479 1287 603 1350 Deinde
618 1293 655 1347 ut
695 1283 811 1346 lurium
828 1281 962 1344 clamore
977 1289 1009 1343 et
1022 1301 1117 1344 cursu
1131 1302 1149 1342 a
1164 1281 1264 1365 portis
1287 1282 1460 1345 dubitatio

359 1379 483 1435 exemte
504 1379 562 1448 est,
585 1379 653 1432 tum
691 1377 743 1430 tus
766 1367 877 1464 iugens
896 1365 1047 1428 oboritur.
1084 1365 1214 1442 tribuni,
1229 1367 1461 1451 praefectique,

359 1465 391 1519 et
412 1456 611 1520 centuriones
634 1453 667 1515 iu
692 1459 895 1537 praetonum3
916 1449 1005 1512 miles
1025 1450 1065 1512 ad
1085 1471 1142 1512 aua
1161 1450 1295 1533 quisque
1312 1451 1460 1515 tentoria

360 1541 517 1604 discurrit.
562 1538 673 1600 Minus
686 1535 875 1618 quingentos
889 1555 1002 1619 passus
1022 1535 1140 1598 avallo
1162 1535 1365 1599 instruxerat
1383 1537 1459 1599 Per-

360 1647 432 1688 seus
457 1645 531 1686 suos
553 1623 635 1684 cirea
659 1619 829 1695 tumulum,
850 1641 946 1702 quem
970 1618 1157 1682 Callicinum
1179 1629 1304 1682 vocant.
1355 1623 1458 1684 Laero

359 1729 458 1770 comu
474 1707 574 1790 Cotys
587 1725 642 1766 rex
657 1711 789 1786 praeerat
802 1724 876 1764 cum
898 1703 1047 1765 omnibus
1069 1725 1135 1766 sure
1195 1703 1277 1766 ntis:
1300 1711 1456 1789 equitum

359 1791 484 1854 ordines
509 1789 586 1852 levis
610 1795 768 1850 armatura
791 1786 978 1870 interposite
1004 1787 1227 1885 distinguent.
1271 1789 1313 1852 Iu
1340 1790 1458 1854 dextra

359 1895 458 1938 cornu
485 1873 677 1935 Macedones
706 1879 795 1933 erant
822 1871 963 1954 equites:
993 1872 1166 1935 intermixti
1194 1873 1307 1936 turmis
1341 1895 1455 1937 eorum

361 1958 538 2022 Cretenses.
580 1957 601 1990 ’⁴
614 1955 700 2020 Huic
723 1963 889 2018 armaturae
913 1955 1017 2018 Milou
1041 1957 1211 2035 Beroeaeus,
1232 1958 1404 2041 equitibus
1426 1969 1456 2020 et

361 2063 494 2106 summae
518 2041 617 2128 partis
640 2041 708 2125 ejus
732 2040 832 2102 Meno
846 2041 1073 2124 Antigonensis
1089 2051 1232 2125 praeerat.
1275 2041 1453 2107 ”Proximi

361 2127 511 2191 cornibus
533 2126 738 2190 constiterant
752 2125 830 2208 regii
844 2124 975 2208 equites,
997 2135 1029 2187 et
1043 2125 1178 2190 mixtum
1192 2147 1303 2210 genus,
1329 2128 1455 2192 delecta

384 2213 501 2276 lurium
524 2211 666 2298 gentium
692 2209 823 2273 auxiliae
846 2208 1034 2272 ”Patrocles
1063 2210 1139 2272 An'
1184 2211 1291 2274 nensis
1315 2214 1398 2276 hic¹
1422 2221 1453 2273 et

361 2235 498 2362 X'aeoniae
512 2297 680 2383 praefectus
701 2294 802 2358 Didas
825 2301 914 2356 erant
935 2294 1107 2378 praepositi.
1192 2295 1281 2359 adius
1303 2296 1451 2360 omnium

360 2405 414 2446 rex
429 2391 504 2446 erat.
541 2381 623 2444 circa
637 2401 710 2442 eum
725 2378 745 2411 '¹
754 2400 873 2462 agema,
896 2378 982 2461 quod
995 2387 1118 2456 vocant,
1141 2379 1351 2465 equitumque
1372 2382 1394 2414 '¹
1405 2402 1452 2444 aa·

359 2489 420 2529 crae
441 2467 507 2528 alae.
549 2467 634 2527 Ante
649 2487 681 2526 se
696 2463 807 2526 statuit
821 2463 995 2525 fisnditores
1005 2462 1275 2548 jaculatoresque:
1298 2467 1449 2550 quadria-

359 2559 527 2634 gentorum
563 2569 677 2609 manus
707 2555 840 2629 utraque
869 2569 1038 2609 numerum
1067 2548 1246 2632 expleverat
1258 2559 1281 2612 ἵ.
1337 2553 1449 2615 lonem

359 2631 670 2696 Thessalonicensem
686 2639 718 2691 et
731 2631 900 2692 Timanora
915 2631 1072 2716 Dolopem
1087 2632 1125 2694 iis
1139 2633 1290 2718 praefecit.
1312 2637 1362 2699 sic
1373 2633 1448 2718 regii

196 2719 303 2794 censuri·
360 2715 576 2779 constiterant.
619 2713 783 2790 ”Consul,
805 2714 889 2776 intra
902 2715 1020 2778 vallum
1043 2717 1187 2800 peditum
1202 2718 1266 2781 acie
1281 2718 1447 2795 instructa,

195 2797 263 2828 '⁰¹²¹‘
360 2809 392 2864 et
407 2800 473 2884 ipse
489 2799 664 2882 equitatum
680 2819 806 2862 omnem
819 2819 893 2860 eum
908 2797 968 2862 levi
983 2809 1141 2864 armatura
1153 2803 1239 2864 misit
1248 2813 1269 2866 ¹.
1292 2825 1353 2888 pro
1368 2803 1447 2868 vallo

360 2883 507 2950 instructi
523 2891 608 2947 sunt.
652 2883 775 2947 Dextro
797 2905 896 2946 cornu
920 2885 1112 2970 praepositus
1136 2885 1174 2950 C.
1189 2887 1331 2950 Licinius
1355 2889 1446 2954 Cras·

361 2991 426 3049 sus,
441 2969 580 3034 consulis
591 2969 696 3046 frater,
711 2991 784 3031 cum
800 2967 886 3032 omni
899 2968 1008 3032 Italico
1024 2970 1178 3053 equitatu,
1188 2971 1337 3035 velitibus
1352 2973 1446 3037 inter-

360 3055 489 3119 mixtis:
512 3055 639 3118 sinistro
663 3055 711 3117 M.
727 3053 871 3116 Valerius
895 3053 1045 3116 Laevinus
1074 3055 1230 3118 sociorum
1255 3077 1294 3119 ex
1324 3055 1444 3121 Grecis

361 3141 488 3288 pppulis
503 3140 625 3223 equites
641 3139 787 3216 habebat,
809 3137 973 3222 ⁸ejusdem
997 3137 1101 3221 gentis
1121 3139 1221 3202 levem
1245 3149 1444 3206 armaturam

402 3227 503 3288 edram
518 3233 624 3286 autem
640 3223 738 3285 aciem
754 3223 846 3284 ¹cum
861 3221 989 3285 delectis
1009 3222 1170 3306 equitibus
1194 3223 1442 3290 extraordinariis

418 3371 546 3431 ῑρὶιιήιιυι
559 3371 652 3428 Xreyss.
667 3371 743 3416 sets.
873 3375 888 3402 ¹²
899 3373 983 3418 Medos
995 3371 1058 3418 aas
1186 3379 1201 3408 ⁸
1211 3377 1245 3421 tu
1257 3377 1323 3424 Cres.
1337 3378 1411 3424 aest

543 3436 670 3494 teeptetst
688 3435 784 3529 Xreysq.
794 3434 882 3546 :idagia
896 3437 1119 3558 Κῐεῑγιοξιίἓίἓιῦιῗοη.
1130 3437 1197 3486 Cres.
1210 3439 1286 3486 sets.

227 3627 259 3675 9⁴
276 3627 337 3674 Hsie
357 3623 492 3686 smmum]
511 3625 576 3682 Milo,
595 3627 644 3672 sive
663 3625 751 3680 Midon.
771 3627 803 3673 sle
835 3627 925 3674 selectIs
941 3628 1058 3686 equitibus
1076 3637 1100 3676 et
1116 3629 1241 3689 peditibus.
1280 3631 1350 3678 'llic
1369 3633 1440 3694 potius

195 3689 324 3736 enlmoIIm
337 3689 803 3750 hiclegebatur.preeratlevisrmature
834 3691 925 3750 equites
936 3692 1082 3750 IntellIgendi
1094 3693 1209 3740 ridentur.
1245 3695 1326 3754 Pugna
1342 3699 1404 3743 euim
1414 3696 1440 3740 de

196 3755 350 3800 Cretensium.
386 3755 508 3812 Equitilrus
528 3763 626 3814 preerst
644 3755 714 3800 lieno
735 3755 802 3800 Anti·
835 3768 881 3812 qus
897 3755 981 3814 agiam,
998 3757 1067 3814 plene
1085 3757 1198 3815 equestris
1215 3757 1273 3813 luite
1297 3773 1340 3806 nee
1356 3761 1441 3821 pedites

195 3818 311 3876 gonensis,
328 3825 352 3862 et
368 3817 462 3876 insuper
480 3831 595 3863 summam
611 3818 702 3877 imperii
718 3818 742 3863 in
760 3818 803 3862 hac
835 3817 925 3872 habuit,
937 3818 982 3863 nisi
995 3819 1077 3864 leviter
1088 3829 1196 3866 annates.

195 3889 269 3942 parte,
281 3881 304 3926 id
318 3889 359 3936 est,
371 3881 395 3926 lu
407 3882 490 3926 dextro
501 3895 580 3935 cornu,
592 3881 698 3927 habebat.
867 3881 900 3927 98
916 3883 992 3928 Socrae
1003 3879 1058 3942 alo]
1078 3883 1130 3928 vie.
1142 3893 1190 3930 not.
1201 3885 1240 3942 28,
1251 3886 1282 3931 sd
1293 3901 1312 3932 c.
1325 3885 1365 3940 66,
1377 3887 1439 3933 intra

227 3945 259 3992 {ld
276 3943 524 4002 'Proeisu'eorse'tusJ
543 3945 650 4002 Intellige
665 3944 804 3990 hoelocstos
867 3945 900 3990 aa
918 3945 1000 3990 Cossa!
1020 3947 1082 3992 s'stre
1108 3945 1205 4008 sousa]
1233 3949 1296 3994 otim
1321 3949 1439 4010 pamel·

196 4007 266 4054 tuisse
285 4009 346 4054 inter
365 4022 452 4054 cornus
467 4017 491 4053 et
509 4007 610 4053 medIsm
628 4007 710 4062 selem,
722 4008 745 4051 in
758 4021 803 4066 qua
836 4007 943 4052 Correxit
951 4008 1067 4066 Streniae.

195 4085 236 4116 rex
248 4081 304 4117 eret
870 4069 1058 4118 tenerescere
1069 4073 1385 4136 eqsitttsseetroords'sars'is]
1398 4074 1434 4126 Qu

227 4135 259 4181 96
275 4135 390 4182 Patrocles
398 4136 556 4195 AatIgoaesss's
566 4129 614 4192 tis]
632 4133 670 4178 Sic
677 4133 747 4191 lussit
758 4133 803 4190 legi
836 4134 883 4178 slot
905 4133 996 4192 equites
1020 4137 1204 4191 extremitate-ti,
1225 4139 1393 4196 eprIcsrimus
1413 4137 1436 4186 et

195 4199 334 4245 GronorIus.
369 4199 497 4256 Vulgatic.
836 4197 851 4241 l.
872 4195 970 4242 XXVII.
991 4212 1010 4243 c.
1032 4199 1068 4244 ta
1101 4199 1211 4246 Ceterum
1228 4215 1273 4248 vos
1294 4204 1386 4249 &betis
1406 4203 1438 4248 lsie

227 4261 258 4314 97
275 4260 373 4322 Agma]
392 4263 429 4308 Sic
446 4261 534 4308 vocavit
553 4259 639 4313 tirius,
652 4259 666 4304 l.
681 4259 804 4304 XXXVII.
836 4261 1073 4318 suspectsnobisest
1102 4261 1184 4322 Neque
1195 4264 1258 4310 enlm
1269 4265 1439 4313 esuasrdtssn't

195 4337 213 4368 c
227 4325 265 4379 40,
276 4327 336 4371 elam
348 4325 411 4371 mille
423 4325 541 4384 equitum:
559 4337 629 4381 supra
640 4337 659 4367 r.
672 4323 710 4376 tl,
722 4323 805 4380 pedes·
836 4323 926 4381 equites
938 4331 986 4368 tsrn
1000 4325 1066 4370 multi
1084 4337 1158 4380 ersnt,
1174 4335 1200 4372 ut
1215 4341 1268 4388 psrs
1284 4343 1365 4375 eorum
1379 4330 1438 4376 suffi-

195 4395 254 4432 trem
277 4403 381 4441 menum.
404 4397 543 4436 cetratorum
569 4399 653 4444 nempe
680 4385 804 4443 legionem.
836 4395 898 4432 ceres
909 4387 939 4430 sd
951 4389 1062 4433 tuendam
1076 4390 1271 4437 medismsciem.
1306 4393 1438 4452 ltaquesox

195 4449 274 4496 Sulde
284 4466 363 4510 egene
381 4461 415 4498 est
431 4467 515 4511 agmen
533 4451 673 4496 antecedens
692 4463 804 4508 regesne
836 4451 927 4496 deteets's
945 4449 1037 4496 videtur
1054 4453 1172 4500 eradenda
1193 4467 1251 4512 esse,
1270 4463 1380 4516 tsaqusm
1400 4471 1436 4516 sp·
