3098 4958
478 267 569 334 LIB.
592 267 724 334 XLlll.
754 267 851 334 CAP.
874 267 1010 334 XXIII.
1375 278 1439 342 40⁷

182 413 295 479 caah-ie
309 435 393 502 oegre
408 413 539 480 invenit.
584 417 748 481 Profectus
763 415 847 496 inde,
861 415 964 502 magis
979 416 1054 501 quie
1066 438 1193 484 manere
1208 441 1274 486 non
1287 434 1317 482 u
1328 435 1354 482 a
1366 437 1420 484 eea

182 507 319 585 potarat,
332 521 429 584 quam
453 501 541 586 quod
566 501 738 566 tolerabilis
760 509 817 564 eut
834 500 886 565 via
904 507 961 566 eut
983 509 1049 566 tem
1091 511 1156 566 stas
1179 499 1355 585 osseam·
1368 500 1421 548 ¹⁰⁹·

182 605 257 648 cum
279 583 403 669 ingenti
417 584 593 665 vexatione,
637 584 775 670 rsecipue
793 585 1023 670 jumentorum,
1068 595 1135 652 tero
1160 587 1211 652 die
1232 589 1274 654 ad

182 667 339 753 templum
358 669 460 747 Jovis,
504 689 579 733 uem
602 606 750 733 lliceum
769 669 915 748 vocentl,
935 670 1043 755 possut
1067 679 1179 738 castra,
1220 673 1274 738 Ad

182 751 382 816 Arachthum
395 751 470 817 inde
482 689 615 834 demon,
630 753 741 818 itinere
754 753 877 838 ingenti
891 775 1031 834 emenso,
1044 764 1187 822 retentus
1201 757 1273 822 alti-

183 837 295 901 tudine
309 835 422 916 amnis,
436 837 458 872 ¹⁸
467 837 585 902 mansit
594 847 616 902 ⁰.
642 837 718 904 Quo
731 838 834 923 spatio
842 837 995 923 temporis
1008 847 1107 924 ponte
1120 841 1272 926 perlecto,

182 919 337 985 traductis
352 942 390 986 co
412 921 452 985 iis
467 921 529 986 diei
549 941 738 1008 progressus
757 922 827 1001 iter,
843 922 865 958 ¹⁶
875 921 1028 988 obviumd
1040 923 1272 991 Archidamum

181 1005 566 1155 pqffiqpq,
597 1006 1271 1160 olm-lillihhl‘llhh'lffh

180 1171 278 1238 altero
293 1174 400 1239 dicad
415 1174 558 1239 Stratum
572 1111 764 1260 ροιίειιιιιιτιξιι
771 1199 780 1240 ι
802 1175 868 1255 ubi,
886 1195 986 1262 prope
1008 1115 1186 1242 Alleloum
1204 1200 1272 1244 am-

180 1278 255 1321 nem
269 1258 381 1322 cestris
439 1259 518 1339 sitis,
533 1279 634 1344 quum
648 1266 854 1344 exspectaret,
875 1259 993 1326 effirsoe
1006 1261 1156 1326 omnibus
1169 1263 1271 1349 portis

180 1341 308 1406 AEtolos
321 1341 356 1407 in
370 1343 393 1407 fi
416 1365 467 1407 em
481 1363 572 1408 suam
585 1351 747 1423 venturos,
769 1343 892 1408 olausm
906 1353 1025 1430 portes,
1039 1354 1135 1431 atque
1149 1347 1220 1432 ipsa
1233 1367 1271 1412 ea

180 1435 286 1504 nocte,
309 1447 373 1512 qua
391 1434 528 1508 venerat,
550 1449 621 1493 rece
645 1436 715 1492 tum
737 1429 919 1493 Romanum
936 1429 1122 1530 praesidium
1139 1453 1214 1530 cum
1230 1430 1269 1532 c:
1281 1429 1387 1540 iffi?

178 1595 364 1660 auctoritate
375 1597 530 1683 compulsi
613 1619 647 1661 m
657 1597 872 1677 arcessierant,
884 1515 1270 1684 opffimepnfflhprdphqp
1283 1557 1390 1604 mm

178 1679 272 1744 demo
298 1681 458 1766 segniores
480 1681 565 1760 facti,
600 1703 694 1746 ocum
722 1682 862 1747 momen
890 1683 1019 1748 iecfioni
1047 1683 1200 1748 dederant
1228 1685 1270 1750 ed

179 1763 350 1849 Popillium
364 1787 439 1830 cum
451 1765 537 1831 mille
550 1767 712 1853 peditibus
725 1767 765 1832 ab
779 1765 949 1832 Ambracia
962 1767 1195 1834 arcessendum.
1229 1769 1269 1834 ln

177 1855 319 1935 tempore
336 1857 369 1913 et
382 1849 574 1931 Dinarchus,
594 1852 764 1937 prefectus
788 1851 932 1936 equitum
950 1853 1054 1938 gentis
1076 1853 1269 1934 AEtolorum‚

177 1953 251 1997 cum
278 1935 436 1999 meantis
457 1935 618 2022 peditibus
641 1944 674 2000 et
736 1935 856 2000 ultibus
885 1945 1015 2001 centum
1042 1938 1140 2002 venit.
1183 1937 1269 2003 Satis

177 2019 353 2099 constabat,
375 2039 459 2099 eum,
472 2029 636 2106 tamquam
652 2020 694 2084 ad
733 2041 822 2085 ersea
844 2021 1038 2100 tendentem,
1057 2021 1201 2087 Stratum
1215 2045 1269 2088 ve-

177 2102 281 2166 nisse:
295 2112 419 2168 muuto
432 2105 546 2170 deinde
557 2125 631 2170 cum
640 2105 892 2183 fortuneanimo,
902 2105 1054 2170 Romanis
1064 2127 1108 2186 se,
1117 2106 1269 2172 adversus

177 2207 259 2272 quos
273 2197 410 2268 venerat,
419 2189 575 2275 junxisse.
611 2190 681 2254 Neo
696 2189 851 2274 Popillius
865 2189 1014 2269 securim,
1028 2211 1124 2274 quem
1134 2190 1269 2256 debebat

176 2293 255 2352 esse,
268 2273 432 2338 intortam
445 2273 575 2339 mobilia
591 2273 720 2359 ingenia
739 2282 816 2339 erat.
849 2273 952 2338 eleves
973 2282 1137 2360 portorum
1160 2284 1267 2339 custo·

176 2357 325 2443 diemque
337 2379 502 2424 murorum
517 2381 584 2424 euae
597 2357 758 2446 extemplo
771 2357 939 2444 potestatis
952 2358 1046 2424 lecito
1068 2357 1268 2426 Dinarchum

176 2442 365 2530 AEtolosque
389 2463 463 2508 cum
478 2443 649 2531 juventute
671 2443 862 2508 Stratiorum
881 2443 916 2508 in
938 2464 1043 2509 arcem
1055 2464 1114 2531 per
1126 2443 1268 2530 praesidii

177 2527 313 2611 speciem
337 2527 465 2594 amovit.
509 2529 653 2608 Perseus,
680 2527 721 2592 ab
748 2527 977 2593 inminentibus
1008 2527 1161 2616 superiori
1183 2529 1267 2615 perti

175 2611 264 2676 urbis
279 2613 411 2678 tumulis
426 2613 556 2678 tentetis
569 2612 755 2698 conloquiis,
770 2635 870 2699 quum
879 2613 1055 2679 obstinatos
1065 2623 1160 2700 etque
1170 2613 1266 2678 etiam

174 2695 246 2760 telis
259 2699 371 2782 procul
385 2707 527 2762 arcentes
539 2699 670 2778 viduet,
684 2697 826 2783 quinque
840 2697 939 2763 millia
950 2719 1105 2786 passuum
1125 2695 1165 2763 eb
1186 2698 1266 2762 urbe

173 2787 262 2845 hene
278 2783 453 2847 Petitarum
467 2805 593 2848 emnem
608 2783 717 2868 posuit
727 2791 839 2848 meua.
870 2781 921 2847 lbi
936 2783 1088 2850 consilio·
1102 2783 1421 2862 retrocesserunt

173 2885 275 2952 quum
302 2867 513 2932 Archidamus
544 2868 565 2906 ¹¹
580 2867 849 3014 Epirotansmque
877 2868 1051 2953 hensiugoe
1082 2868 1264 2946 retinerent,
1276 2850 1381 2901 pm,

174 2949 389 3016 Macedonum
402 2951 504 3038 princi
576 2973 642 3016 non
660 2973 792 3051 pugneo
816 2973 871 3014 um
891 2973 965 3015 cum
985 2951 1101 3016 infesto
1121 2960 1264 3036 tempore

172 3035 249 3098 anni
262 3045 436 3117 censerent,
451 2973 748 3124 nullibspraeparatss
756 3033 999 3115 commeatibus3
1014 3057 1114 3120 quum
1124 3033 1264 3120 inopiam

193 3119 262 3184 rius
277 3121 467 3202 obsidentes,
480 3141 577 3207 quam
590 3119 721 3200 obsessi,
736 3119 860 3185 sensuri
870 3127 986 3199 essent,
1002 3120 1023 3152 ¹⁸
1032 3119 1168 3184 maxime
1177 3119 1264 3204 quod

170 3141 313 3270 bostium
328 3205 414 3272 haud
426 3205 539 3293 procul
553 3205 627 3272 inde
646 3205 779 3270 hiberna
802 3213 909 3285 erent3
930 3204 1060 3268 territus
1072 3204 1106 3268 in
1119 3205 1264 3290 Aperen-

182 1510 317 1596 Popillio
331 1511 435 1596 legato
454 1511 585 1578 invenit.
672 1513 680 1528 '
705 1511 801 1598 cipes,
825 1513 881 1597 qui

171 3289 250 3353 tiam
261 3299 364 3355 menn
374 3291 482 3356 movit.
503 3289 670 3378 Aperantii
683 3311 768 3370 eum,
781 3297 912 3376 propter
920 3287 1105 3355 Archidami
1114 3307 1263 3374 magnam

170 3371 205 3438 in
220 3395 257 3438 ea
269 3384 363 3460 gente
374 3375 512 3476 gretiam
526 3375 820 3475 auctoritatemque,
841 3396 1000 3474 qqneensu
1017 3374 1263 3475 omqiumuacce-

169 3469 308 3558 perunt3
330 3459 359 3524 is
373 3481 441 3546 rpse
456 3481 531 3527 cum
545 3467 801 3548 octingentorum
816 3459 954 3524 mmmm
967 3461 1116 3546 praesrdro
1138 3459 1189 3523 lus
1212 3465 1263 3523 est

170 3563 238 3628 pm
249 3553 471 3703 Xlltllbllltex
493 3628 588 3694 cum‘
604 3627 727 3694 minore
744 3626 911 3692 cendone
925 3626 1146 3712 jumentorum
1159 3625 1263 3692 homi·

170 3759 462 3826 *eamq-mosao
473 3763 568 3825 noya
581 3763 658 3811 aeas.
691 3759 829 3810 omn
840 3760 943 3808 Ἧι
953 3761 1030 3808 mus.
1073 3755 1181 3809 daea·
1193 3761 1267 3808 oron.

169 3827 285 3874 'mellic
295 3827 363 3875 Cres.
412 3823 473 3876 ‘ree
483 3843 527 3877 soa
537 3829 622 3876 artem
634 3827 708 3874 Grae.
721 3827 791 3874 cm.
822 3839 863 3874 m
873 3839 924 3872 ceu
933 3839 977 3872 eoa
987 3825 1071 3873 aleon
1083 3825 1180 3886 Krcyes.
1191 3825 1267 3872 aeae

203 3953 233 4001 le
249 3955 345 4002 uam.
379 3955 428 4006 Qec
444 3957 519 4016 apello
535 3951 653 4016 emm]
675 3952 782 4002 Proiecto
812 3951 852 3999 bio
873 3957 939 3998 erent
953 3965 983 3998 ex
998 3951 1099 3998 Aulona
1118 3951 1226 4012 cephali,
1242 3950 1272 3996 de
1291 3961 1338 4022 qqo
1356 3961 1428 4008 supra

168 4017 208 4064 bie
218 4017 307 4078 aliquid
319 4019 391 4066 deest.
426 4019 459 4066 Ut
478 4019 541 4066 enlm
555 4021 606 4066 hcc
620 4025 781 4073 stmctssuot,
813 4031 833 4063 e.
846 4015 885 4070 lt.
901 4023 924 4062 st
942 4015 996 4062 idco
1014 4016 1125 4062 dicuntur
1142 4013 1427 4072 tunahrgu‚qursquum

169 4096 263 4128 necem
274 4090 310 4128 cst
321 4083 417 4129 omnino
425 4089 452 4129 ut
462 4083 542 4129 Livius
550 4083 696 4134 lodlcaesrit,
706 4081 781 4141 quod·
813 4080 889 4141 primo
900 4081 930 4126 eb
943 4079 1055 4126 Romanis
1071 4079 1196 4130 aestuent,
1213 4077 1242 4121 sb
1254 4075 1282 4120 iis
1293 4082 1374 4134 postea
1384 4075 1427 4120 dc·

169 4159 223 4191 nem
236 4145 306 4192 fucrit
316 4145 376 4192 illud
391 4147 493 4206 spatium
510 4147 628 4207 temporis,
639 4160 686 4206 quo
697 4145 783 4192 messit
814 4143 925 4190 sternet.
959 4143 1009 4190 tllsl
1029 4141 1088 4189 torte
1100 4142 1139 4188 hle
1150 4152 1243 4199 quoque
1254 4137 1380 4197 legendum
1392 4146 1427 4184 ert

169 4223 210 4256 rer
221 4209 251 4255 ad
263 4209 416 4256 Arachthum.
814 4207 947 4254 AEtolom.

204 4273 233 4319 lli
251 4273 345 4320 Obsius·
367 4273 528 4320 Arctum
544 4304 607 4320 ....
623 4268 715 4332 hahuit]
744 4271 783 4319 Sic
848 4269 878 4317 la
901 4267 1023 4316 'Harim
1045 4263 1115 4328 quod]
1143 4265 1179 4310 so
1201 4263 1303 4338 marimo
1325 4265 1427 4320 territus,
1540 4287 1541 4328 j

168 4335 248 4395 habet,
272 4335 376 4383 ilcesoio
399 4343 467 4392 teate,
489 4337 565 4396 prims
585 4335 676 4391 edltios
699 4335 783 4382 melius
815 4334 878 4394 quod
906 4333 1010 4380 hostium
1043 4329 1107 4376 baud
1136 4327 1218 4388 procul
1244 4327 1300 4372 rode
1329 4327 1428 4374 hiberna

168 4400 585 4526 quildidffiffliem
603 4464 623 4510 u
639 4463 719 4525 pree
736 4461 780 4508 eu·
815 4404 1090 4508 “illamam
1101 4449 1228 4515 moeno]
1251 4453 1314 4501 oum
1325 4469 1375 4500 aaa
1386 4455 1429 4498 aa.

1424 4815 1541 4894 nl
