3098 4958
473 305 561 370 LIB.
584 305 689 370 XLV.
721 305 816 370 CAP.
839 306 949 372 XXV.
1311 318 1378 380 479

112 455 280 520 titermum
293 459 402 518 oestro
410 455 560 534 potestati
569 456 788 536 permittemus,
802 457 853 520 trie
857 460 994 538 passuri,
1009 460 1213 544 paedoremque
1227 481 1255 528 u.
1268 481 1294 528 c.
1306 482 1361 529 mu

105 541 290 622 potiendum
313 541 382 602 erit.
412 539 526 620 proed
538 539 577 601 ob
591 541 687 602 ousiis
700 543 814 604 uostris
826 543 900 604 urbs
914 550 1020 606 nostro
1035 545 1212 626 diripiatur,
1225 545 1254 592 A.
1266 547 1292 594 ⁰·
1308 545 1359 601 ¹⁶⁷·

111 625 304 688 iucmsdotur.
347 624 461 688 Hostes
475 624 611 686 Rtodios
624 645 698 703 esse,
712 626 844 688 Roososu'
848 627 993 708 judicare
1000 637 1150 709 possum:
1166 637 1212 695 est

113 715 217 772 tomen
238 715 268 772 et
293 715 431 772 nostrum
452 709 577 789 aliquod
598 710 635 772 de
652 710 906 790 nobisjudieium‚
929 710 1031 793 'quot
1049 735 1211 796 summm

103 794 315 875 judicabimus
328 813 384 856 uos
397 799 513 892 uestros
526 796 647 858 tostos:
669 813 724 858 uec
748 796 910 878 promtam
932 799 1049 878 hostile,
1072 801 1164 863 etiam
1181 801 1210 864 si

113 877 624 1060 ompppzpptrprgeopylyl'fflrpplem
648 963 821 1026 orationem
842 964 981 1030 universi
1003 987 1114 1030 rursus
1130 989 1208 1066 pro·

112 1048 269 1126 ciderunt,
283 1067 452 1132 ramosque
465 1047 542 1110 oieae
558 1047 718 1134 supplices
736 1047 905 1132 jactantes,
927 1051 1056 1114 tandem
1070 1053 1208 1133 excitati,

112 1132 200 1196 curia
213 1141 426 1196 excesserunt.
468 1131 561 1196 'ibsuc
584 1133 749 1196 sententies
774 1133 960 1220 interrogari
984 1144 1107 1221 coeptae.
1153 1138 1208 1201 In·

111 1217 275 1281 festissimi
298 1216 432 1280 Rhodiis
458 1225 558 1295 erant,
603 1217 635 1280 ui
659 1217 805 1282 consules
825 1227 1016 1303 praetoresve
1036 1229 1091 1284 aut
1111 1221 1207 1306 legati

110 1309 276 1386 gesserant
297 1301 332 1366 in
352 1301 595 1366 Macedonia‘be
619 1323 684 1366 um.
729 1302 906 1366 Plurimum
930 1325 1074 1368 caussam
1097 1327 1207 1370 eorum

110 1385 235 1484 adjuvit
263 1387 313 1450 M.
334 1386 464 1450 Porcius
492 1385 594 1467 Cato3
621 1385 688 1470 qui,
716 1407 809 1486 asper
836 1388 975 1472 ingenio,
1004 1397 1075 1452 tum
1102 1390 1207 1454 lenem

110 1480 286 1554 mitemque
313 1479 489 1534 senatorem
518 1471 592 1556 egit.
636 1471 734 1534 'Non
760 1493 896 1536 inseram
920 1473 1124 1538 simulacrum
1147 1475 1206 1538 viri

109 1555 243 1639 copiosi,
265 1577 338 1640 quse
353 1555 475 1633 dixerit,
489 1555 671 1621 referendos
693 1555 813 1640 'ipsius
833 1557 932 1621 oratio
956 1557 1074 1643 scripta
1092 1567 1205 1638 exstat,

111 1639 285 1724 Originum
308 1640 420 1724 quinto
443 1640 523 1704 libro
543 1641 675 1705 inclusa.
720 1641 853 1704 Rhodiis
872 1663 1061 1726 responsum
1076 1643 1121 1707 ita
1134 1645 1205 1707 red-
1220 1647 1319 1694 Rhfflii·

110 1725 214 1788 ditum
226 1733 285 1803 est,
300 1733 338 1788 ut
352 1745 411 1788 nec
425 1726 534 1788 hostes
549 1726 671 1804 fierent,
686 1747 745 1790 nec
759 1725 835 1789 socii
847 1736 1077 1811 permanerent.
1101 1729 1121 1762 ¹⁰
1130 1729 1204 1792 Phi·
1217 1725 1354 1834 :mmm

109 1809 243 1874 locrates
271 1818 305 1873 et
330 1811 521 1895 Astymedes
548 1811 709 1895 principes
738 1811 750 1873 l
809 1811 904 1874 tionis
932 1819 1032 1876 erant.
1077 1813 1204 1876 Partem
1218 1839 1306 1884 mrum.

110 1915 186 1958 cum
202 1893 379 1958 Philocrate
393 1894 578 1958 renunciare
594 1896 745 1958 Rhodum
779 1895 957 1980 egationem
980 1897 1110 1982 placuit,
1131 1919 1204 1982 par-

110 1987 177 2043 tem
204 2001 279 2044 cum
306 1979 480 2065 Astymede
512 1981 623 2043 Romae
651 1979 822 2043 subsistere
835 1990 860 2059 ¹,
891 1981 912 2014 ¹¹
924 2002 997 2064 quae
1026 1990 1204 2128 opimentum,

111 2064 216 2144 sciret,
245 2064 455 2148 certioresque
485 2085 561 2128 suos
588 2065 737 2128 inccrett.
782 2064 822 2127 In
849 2065 1020 2148 praesentia
1070 2065 1202 2130 educere

111 2158 185 2212 ante
204 2157 322 2214 certam
344 2149 428 2214 diem
451 2170 492 2212 ex
517 2148 617 2235 Lycio
640 2148 796 2232 Cariaque
812 2149 834 2181 ¹¹
838 2149 1006 2234 jusserunt
1026 2150 1204 2234 praesectos.

112 2233 195 2298 Haec
219 2233 369 2298 Rhodum
395 2233 555 2311 nunciate,
579 2255 652 2332 quse
679 2253 737 2319 per
766 2255 800 2296 se
825 2233 930 2296 tristia
958 2233 1105 2312 fluissent,
1128 2235 1205 2318 quia

110 2317 238 2403 majoris
252 2319 328 2382 mali
346 2319 469 2382 levatus
491 2327 559 2382 erat
579 2327 685 2397 timor,
730 2339 808 2380 uum
820 2317 940 2382 bellum
955 2317 1148 2397 timuissent,
1170 2318 1204 2382 in

707 2340 836 2486 qitaque
865 2403 1026 2550 extemplo
1055 2421 1204 2466 coronam
1218 2403 1304 2450 Rhoeti
1317 2417 1355 2450 ⁸⁰·

109 2403 262 2488 gaudium
291 2403 476 2467 renunciata
501 2411 675 2467 verterunt.
1230 2467 1235 2478 ,

112 2489 134 2520 ¹¹
144 2487 257 2574 viginti
272 2488 407 2554 millium
422 2509 590 2552 aureorum
605 2488 829 2552 decreveruntr
847 2487 966 2552 “Theo
989 2495 1107 2566 otum¹,
1122 2509 1204 2573 prae-
1217 2475 1347 2577 mm*

109 2573 229 2636 fectum
244 2573 363 2652 classis,
384 2573 418 2636 in
433 2595 503 2637 eam
528 2572 718 2657 legationem
741 2572 907 2636 miserunt.
951 2572 1142 2636 Societatem
1164 2571 1204 2636 ab
1218 2601 1278 2641 runt.

111 2653 264 2722 hminis
278 2658 323 2722 ita
335 2657 484 2722 volebant
551 2658 570 2736 ¹,
585 2665 624 2721 ut
635 2657 760 2722 nullum
773 2657 812 2720 da
827 2679 865 2720 ea
878 2679 912 2722 re
928 2657 1045 2721 scitum
1061 2659 1082 2692 ¹⁸
1092 2657 1205 2743 populi

109 2743 210 2822 fieret,
224 2751 279 2807 aut
293 2743 392 2806 literis
406 2765 481 2807 man
556 2751 627 2807 tur:
652 2741 673 2775 ¹⁸
706 2743 781 2820 uod,
795 2741 858 2806 nisi
871 2743 915 2806 im
957 2749 1087 2822 tierent,
1106 2743 1207 2828 major

107 2827 270 2912 repulsis·
288 2827 461 2912 ignominia
482 2836 575 2891 esset.
620 2763 765 2891 proiecti
780 2826 889 2891 classis
904 2828 915 2890 i
951 2828 1048 2891 unius
1063 2835 1130 2890 eret
1140 2827 1206 2912 jus,

107 2923 253 2997 ningere
267 2913 307 2976 de
322 2934 359 2976 ea
371 2933 405 2977 re
421 2912 489 2976 sine
502 2911 666 2997 rogatione
681 2911 747 2975 ulla
765 2911 887 2996 perlata
908 2920 1028 2996 posset.
1064 2932 1139 2974 nam
1163 2911 1208 2974 ita

1298 2545 1339 2592 Pe·

142 3069 157 3098 ¹¹
169 3067 228 3126 qaod
240 3065 333 3126 Krsyaa
347 3065 423 3114 sest.
616 3069 631 3098 ¹
642 3065 772 3120 asisium,
786 3060 978 3125 [esthaolitae.
1011 3064 1141 3120 mucore,
1168 3077 1211 3118 sa,

107 3145 161 3191 qua
175 3129 270 3188 Kreyss.
303 3131 432 3186 subsistere,
446 3131 487 3192 qai
497 3145 547 3192 qua
561 3127 636 3174 uest.
806 3129 913 3174 tseireot
924 3127 1074 3187 certioresque
1084 3077 1211 3186 sassiaco·

107 3201 161 3242 rest
175 3195 250 3240 notk.
380 3195 543 3241 'Piretetsss
552 3193 648 3252 Kreyas.
662 3191 739 3238 uest.
876 3189 973 3251 *major
984 3205 999 3238 o
1011 3191 1102 3250 repulso
1114 3189 1179 3236 seo.

142 3323 160 3370 6
178 3323 226 3373 Qso
233 3338 344 3384 nusquarr
346 3317 514 3382 judicabimus]
533 3320 654 3368 Nescimus
663 3318 727 3366 uude
757 3317 863 3374 locrates,
874 3316 971 3364 alterius
978 3315 1120 3376 Astymedes
1132 3314 1239 3376 princeps
1250 3321 1307 3363 crat.

108 3388 229 3434 invectum
240 3387 310 3432 tuerit
321 3387 380 3432 iliud
392 3402 440 3448 qao.
464 3385 559 3430 Veteres
571 3384 627 3430 editi
639 3384 727 3429 babent
792 3381 819 3428 ll
843 3381 873 3428 Ut
892 3395 943 3442 osa
959 3387 1081 3442 agerentur
1097 3375 1177 3442 sciret]
1196 3379 1372 3428 Partieuismst

107 3453 177 3513 qaod,
195 3451 311 3510 quomodo
328 3451 386 3510 legit
402 3459 426 3496 et
442 3449 492 3509 ipse
503 3449 642 3502 Gronovius,
660 3455 686 3494 ut
697 3461 726 3492 ex
757 3447 848 3492 addidit
868 3446 980 3492 Clericus.
1015 3445 1148 3492 Gronovius
1169 3445 1241 3504 legit:
1278 3447 1303 3491 si
1321 3460 1371 3506 qaae

108 3519 229 3576 ejitsnota
245 3523 349 3576 apparet.
383 3513 602 3574 Reponitilleqsis
619 3511 727 3571 atqueid
757 3517 880 3570 agerentur
900 3511 991 3563 eume.
1012 3509 1162 3571 certioresque
1187 3523 1238 3555 ssos
1313 3515 1370 3556 ress

108 3579 195 3626 meiius
207 3579 306 3626 ridetur.
758 3575 827 3632 Elige
838 3580 917 3619 utrum
928 3573 1004 3618 malis.

143 3643 301 3697 tremitum
319 3643 385 3690 talem
403 3635 536 3699 orotiosem]
556 3639 635 3698 Longa
646 3637 724 3684 direr-
790 3637 820 3684 12
837 3631 995 3696 'lamed
1012 3635 1092 3682 Patres
1105 3634 1212 3682 Romani.

108 3721 163 3754 sam
174 3707 256 3752 hebuit
275 3707 404 3752 orationem
417 3705 564 3764 Astymedes,
583 3717 653 3762 quum
672 3702 723 3748 edi·
791 3701 821 3748 1³
841 3701 929 3762 Viginti
944 3701 1039 3746 ssiitisos
1055 3695 1186 3758 caremus]
1205 3697 1314 3758 Polybius
1329 3696 1371 3742 bs·

109 3771 176 3817 disse
186 3784 240 3816 eum
251 3771 275 3816 in
288 3771 372 3828 vulgus
384 3769 455 3816 tradit
468 3767 586 3828 Polybius,
603 3767 673 3826 legat.
684 3765 723 3821 98,
756 3767 797 3812 bet
812 3762 976 3810 tantummodo
994 3764 1076 3809 deun.
1109 3761 1200 3822 Viginti
1216 3762 1290 3808 milita
1301 3773 1370 3807 aure-

109 3834 154 3894 qni
166 3841 190 3880 et
200 3834 244 3880 boa
254 3833 390 3894 gravissime
401 3831 560 3893 reprehendit,
577 3831 641 3890 quod
659 3829 723 3876 libo·
757 3843 825 3876 orum
836 3827 1012 3888 equipararetur
1022 3827 1126 3886 pontiam
1136 3826 1221 3872 marcis
1229 3825 1370 3872 nostratibus

109 3899 167 3944 dius
186 3903 263 3943 orator
282 3898 315 3943 ita
332 3911 386 3943 suos
403 3895 725 3954 liberareeuipaoonaretnr‚
757 3891 812 3939 625.
846 3891 959 3952 Ejusdem
984 3891 1053 3950 pretii
1081 3897 1106 3936 et
1129 3889 1239 3950 pondmb
1261 3901 1370 3934 coroosnt

110 3970 139 4010 ut
151 3961 245 4008 Grncos
257 3969 347 4008 ceteros
357 3968 482 4006 socunret.
757 3955 869 4002 obtulisse
883 3953 954 4013 legati
967 3953 1100 4016 Pamphylii
1118 3961 1284 4006 memorantur,
1300 3964 1371 4010 supra

144 4023 254 4072 B'Nos
277 4021 385 4085 isteron]
411 4024 465 4070 Nou
487 4022 588 4068 inseram
609 4019 654 4066 boc
676 4019 726 4066 loco
758 4017 957 4067 inlicit.

110 4089 241 4146 imaginem
268 4089 430 4134 adumbratam
457 4087 597 4146 eloquentia
624 4083 727 4138 Catonis,
794 4083 823 4130 1⁴
843 4078 989 4142 Theotmum]
1008 4081 1155 4127 'theotetam
1164 4084 1230 4124 vocat
1242 4077 1359 4136 Polybius.

110 4153 237 4212 sedbendo
247 4152 376 4200 orationem
388 4161 500 4212 tanquam
512 4151 541 4196 sb
554 4149 594 4196 illo
605 4147 716 4196 habitam.
795 4146 825 4194 to
842 4141 935 4206 Populi]
955 4145 1049 4192 itbodii.
1252 4203 1257 4216 .

145 4217 162 4265 9
180 4217 254 4276 ipsias
265 4217 338 4262 oratio
348 4217 435 4276 scripto
446 4209 534 4274 exstet]
548 4213 605 4273 Ejus
617 4211 728 4258 orationis
795 4209 825 4257 lo
844 4211 914 4264 Quod,
925 4211 970 4256 sisi
981 4201 1139 4268 impetrarent]
1158 4202 1228 4278 Quip,
1239 4217 1258 4248 ιι
1268 4217 1314 4278 nort
1326 4203 1371 4278 im-

110 4283 189 4327 multa
199 4281 277 4340 capita
288 4279 365 4334 reiert,
382 4288 406 4326 et
417 4277 523 4326 defendit
537 4279 648 4324 adversus
661 4275 728 4322 Tiro-
760 4281 888 4336 pecarent,
895 4281 1018 4333 postquam
1029 4270 1128 4332 populus
1139 4277 1163 4314 et
1175 4281 1283 4342 universa
1290 4275 1371 4342 nutas

110 4359 168 4391 nem
181 4345 209 4390 A.
220 4343 318 4396 Geliisu.
330 4344 345 4389 Ι.
360 4343 414 4390 Vll.
425 4341 478 4390 cd
762 4339 785 4384 id
809 4339 975 4399 postulandum
997 4337 1121 4388 decresset,
1143 4333 1217 4390 major
1244 4332 1372 4389 ignominia

147 4407 178 4454 1⁰
195 4409 336 4454 Philocrates
348 4413 370 4454 et
387 4407 520 4468 Astymedes
535 4407 650 4466 prinsipes
667 4405 730 4463 lego·
762 4402 906 4448 intorserat
924 4401 1030 4462 repulsis,
1042 4411 1113 4457 quam
1125 4397 1144 4442 si
1161 4395 1283 4454 praelectus
1293 4395 1372 4444 classis

110 4468 195 4532 tionis]
209 4471 333 4530 Duplieem
345 4471 487 4530 legationem
498 4483 513 4513 a
526 4469 624 4514 Rhodiis
636 4467 729 4513 missum
763 4466 787 4512 id
799 4465 864 4525 quasi
876 4481 918 4512 suo
929 4465 1023 4512 nominc
1035 4468 1114 4522 petere
1126 4460 1251 4506 videretur.

108 4551 163 4584 esse
176 4537 244 4582 docet
257 4533 367 4594 Polybius
379 4535 435 4580 ibid.
452 4546 551 4592 quarum
567 4531 663 4577 atterius
676 4531 730 4577 Phi·
