3098 4958
476 360 565 426 LIB.
588 359 720 427 XLIII.
750 359 846 426 CAP.
869 361 951 426 ΧΠ.
1327 365 1390 430 897

130 508 1060 660 sassensteinmrffi.
1098 509 1226 658 ”iiim
1239 523 1376 642 liti

130 681 201 745 cius
231 617 401 764 Philippis
428 679 544 743 iterum
567 687 600 742 et
624 681 685 744 Cn.
709 680 860 744 Servilius
885 679 1005 765 Caepio.
1041 687 1117 764 post
1142 679 1226 742 diem
1240 650 1347 697 ⁰⁰¹⁰¹¹¹²

130 764 264 829 tertium
299 772 428 827 raetores
449 771 526 828 sunt
548 763 623 827 facti
642 763 680 828 C.
697 765 871 843 Decimius,
894 765 944 828 M.
960 763 1113 828 Claudius
1137 763 1226 827 Mar·

132 849 243 926 cellas,
293 847 480 933 .Sulpicius
502 847 626 926 Gallus,
648 847 686 912 Ο.
702 849 845 912 Marcius
858 848 1001 934 Figulus,
1024 848 1090 912 Ser.
1105 847 1225 912 Corne-

132 932 197 996 lius
220 931 387 1011 lentulus,
414 932 451 996 P.
474 930 627 996 Fonteius
653 931 778 1018 Capito.
823 932 1006 1017 Designatis
1034 931 1224 1020 praetoribus

133 1017 341 1102 praeterduas
355 1015 503 1094 urbanas,
524 1025 661 1114 quatuor
680 1017 850 1102 provinciae
872 1025 948 1080 aunt
970 1017 1123 1095 decretae3
1147 1017 1224 1080 His-

132 1100 238 1186 pmia,
253 1109 286 1164 et
300 1099 454 1179 Sardinia,
467 1108 500 1163 et
515 1099 630 1178 Sicilia,
645 1109 678 1164 et
691 1101 811 1165 classis.
843 1101 956 1186 Legati
969 1122 1009 1164 ex
1023 1101 1223 1180 Macedonio,
1236 1117 1315 1164 statu·
1326 1131 1364 1164 re-

133 1193 243 1248 exacto
268 1183 440 1248 admodum
460 1205 569 1248 mense
589 1184 771 1263 Februario,
792 1185 962 1250 redierunt.
990 1185 1063 1264 .Hi‚
1078 1207 1157 1271 quas
1171 1206 1222 1250 res
1235 1195 1286 1227 “¹¹²¹
1298 1181 1322 1227 ³¹²
1353 1243 1359 1256 ,

132 1290 171 1332 ea
195 1276 305 1334 aestate
328 1289 478 1354 prospere
496 1267 646 1354 gessisset
669 1290 724 1332 rex
747 1269 891 1348 Perseus,
913 1269 1099 1347 referebant,
1122 1291 1223 1354 quan-
1236 1245 1385 1292 ¹¹⁸⁰²⁶⁰¹²¹⁸'

132 1361 249 1438 tuaque
273 1353 369 1417 timor
391 1351 492 1416 socios
517 1353 629 1438 populi
649 1353 786 1417 Romani
808 1353 953 1439 cepisset,
974 1361 1024 1418 tot
1043 1353 1223 1418 urbibusin

132 1444 325 1522 potestatem
352 1435 435 1522 regis
462 1437 608 1500 redactis.
650 1438 831 1501 Exercitum
854 1440 985 1508 concutio
1006 1437 1223 1520 infrequentem

133 1521 349 1585 commatibus
430 1543 447 1584 o
462 1522 545 1584 datie
560 1521 647 1603 “per
660 1523 852 1586 ambitionem
867 1543 948 1586 esee:
965 1524 1084 1605 culpam
1098 1523 1162 1604 dus
1176 1525 1223 1586 rei

134 1607 286 1670 conmlcm
299 1606 332 1668 in
346 1605 481 1669 tribunos
498 1607 637 1684 militans,
656 1613 763 1670 contro
783 1609 852 1670 ittae
865 1609 899 1670 in
913 1609 1062 1670 conmdem
1076 1607 1222 1688 conferre.

132 1691 344 1772 Iprromiriam,
361 1690 482 1792 Claudii
496 1693 665 1754 teneritate
679 1697 848 1792 acceptam,
870 1690 1017 1755 ⁴’eierare
1039 1711 1090 1756 coa
1109 1693 1223 1756 Patren

132 1780 330 1922 iiim
347 1776 874 1940 immittunt:
889 1781 1222 1942 iitttiiiitf

134 1941 290 2006 Consules
320 1941 486 2026 designati,
515 1942 571 2006 ubi
596 1943 736 2028 primum
765 1944 986 2028 magistratum
1015 1945 1159 2022 inissent,
1181 1946 1221 2008 de

134 2026 323 2091 Macedonia
335 2027 450 2090 referre
465 2028 505 2090 ad
520 2035 665 2090 senatum
675 2027 779 2112 jussi:
802 2028 1029 2112 destinataeque
1051 2029 1222 2113 provinciae

133 2110 173 2174 iis
195 2119 272 2174 sunt
294 2111 387 2174 ltalia
408 2119 441 2174 et
465 2111 662 2176 Macedonia.
707 2112 779 2175 Hoc
802 2133 885 2175 anno
909 2113 1129 2176 intercalatum
1151 2123 1220 2176 est:

133 2195 156 2226 ‘⁸
167 2195 261 2258 tertio
276 2195 325 2258 die
343 2203 417 2280 post
430 2195 620 2259 Tenninalia
638 2194 792 2259 Kalendae
809 2195 1008 2260 intercalares
1026 2197 1122 2260 fuere.
1166 2197 1222 2260 Sa·

133 2279 277 2342 cerdotes
291 2279 373 2342 intra
387 2301 460 2343 eum
475 2301 595 2343 annum
609 2279 737 2358 mortui,
759 2280 780 2312 ‘¹
790 2281 829 2343 L.
842 2279 1039 2342 Flamininus
1054 2283 1103 2328 **
1116 2281 1222 2365 ponti-

134 2363 233 2427 fiaesl
256 2364 320 2427 duo
342 2364 553 2444 decesserunt,
576 2365 615 2428 L.
631 2364 746 2427 Furius
771 2365 882 2428 Philus
907 2373 939 2427 et
957 2363 995 2428 C.
1011 2364 1121 2427 Livius
1143 2364 1223 2428 Sali-

133 2456 235 2511 nator.
271 2449 304 2511 in
327 2448 433 2512 locum
454 2449 542 2512 Furii
563 2450 601 2512 Τ.
618 2448 778 2512 Manlium
796 2449 1003 2536 Torquatum,
1024 2448 1058 2512 in
1073 2448 1156 2512 Livii
1172 2449 1221 2513 M.

134 2532 302 2596 Servilium
316 2532 483 2618 pontifices
498 2533 653 2617 legerunt.
1236 2566 1264 2613 A.
1277 2567 1301 2612 ρ,
1316 2567 1369 2616 loo.

179 2617 259 2680 XII.
282 2617 441 2702 Principio
464 2617 659 2700 insequentis
682 2617 758 2680 anni
783 2639 884 2702 quum
906 2617 1053 2682 consules
1076 2618 1152 2682 novi
1180 2617 1221 2684 Q.
1236 2631 1265 2680 a.
1280 2631 1368 2676 Marcio

135 2700 278 2764 Marcius
289 2710 322 2765 et
335 2701 396 2765 Cn.
412 2701 564 2766 Servilius
578 2702 617 2766 de
631 2702 800 2787 provinciis
815 2702 1007 2782 retulissent,
1026 2703 1129 2788 primo
1144 2725 1223 2788 quo·-
1236 2694 1323 2770 ¹l·.⁰¹¹·
1332 2695 1386 2740 ⁸‘'·

132 2807 197 2870 que
219 2793 360 2872 tempore
387 2795 443 2850 aut
464 2807 645 2871 comparare
665 2808 720 2851 cos
741 2787 825 2851 inter
839 2809 873 2852 se
888 2788 1013 2852 Italiam
1026 2795 1059 2850 et
1073 2788 1223 2852 Maccdo-
1235 2756 1370 2868 {iimcffl

1237 2501 1265 2548 U.
1276 2503 1302 2549 o.
1314 2503 1370 2550 1183.

197 2937 205 2978 ¹
217 2946 355 2994 Februariae
367 2945 461 3008 Kteyar.
476 2947 552 2994 Beklt.
681 2943 694 2980 k
707 2949 848 2995 Flaminiam
860 2943 977 3010 [magud.-
991 2949 1107 3008 pontifices
1118 2949 1185 2994 Crer.

167 3071 198 3126 47
214 3073 453 3135 Antedteaaquintun
467 3075 582 3122 Kalendae
590 3071 743 3135 Septembres]
775 3075 854 3134 aliqua
875 3081 911 3120 cst
934 3073 1064 3120 difficultas.
1110 3075 1203 3120 Etenim
1225 3074 1387 3123 intercalatum

134 3135 199 3195 Lege
210 3137 305 3184 omnino
316 3151 369 3184 cum
382 3137 463 3198 Pighio
472 3139 588 3186 Kalendae
597 3139 743 3186 Februariae.
775 3153 825 3186 erae
837 3151 929 3198 temper
939 3137 1051 3198 postridie
1059 3137 1201 3184 Terminalia
1210 3139 1286 3198 colligi
1296 3141 1388 3186 ridetur

133 3202 210 3259 Supra
221 3201 283 3246 enirn
295 3202 380 3248 dieitur
393 3203 421 3248 A.
435 3203 534 3248 lioatilio
545 3203 693 3262 imperatum,
710 3204 745 3249 ita
775 3216 805 3249 ex
817 3203 928 3257 Varrone,
939 3202 955 3247 1.
963 3201 990 3246 V.
1003 3201 1032 3247 de
1047 3201 1138 3261 Lingua
1151 3201 1202 3247 Lat.
1213 3210 1238 3248 et
1249 3217 1278 3248 ex
1294 3203 1386 3250 linero-

132 3266 224 3312 eom'tia
232 3267 357 3312 masatitias
364 3267 512 3326 miragaadia
518 3268 622 3320 ediceret,
631 3269 666 3314 aa·
672 3281 744 3314 meare
776 3267 821 3320 bio,
831 3265 846 3312 l.
857 3265 875 3311 l.
886 3267 932 3312 Sat
942 3280 962 3312 c.
973 3263 1008 3312 13.
1027 3264 1109 3326 ltaque
1122 3265 1253 3312 l’uteaneua
1262 3267 1387 3324 existimat,

132 3327 246 3374 Immo
262 3330 340 3376 interi
354 3337 462 3389 poscent:
479 3337 503 3376 et
516 3329 583 3384 inira,
598 3339 650 3392 port
661 3345 746 3376 conau-
777 3331 836 3376 libro
847 3330 876 3376 de
890 3329 1004 3386 Biraexto,
1015 3343 1035 3376 o.
1048 3329 1071 3384 2,
1089 3330 1214 3388 legendum
1226 3330 1264 3376 hic
1275 3345 1326 3377 erae
1336 3347 1412 3396 pom·

132 3391 184 3437 lum
195 3400 366 3454 pratorumque
377 3393 478 3448 comitia,
489 3394 560 3452 legati
569 3407 597 3440 ex
608 3394 746 3441 Macedonia
777 3396 845 3441 teidie
860 3393 1003 3440 Terminalia.
1037 3393 1082 3439 Sed
1098 3393 1117 3440 ai
1134 3393 1292 3440 hicatatuaet
1309 3395 1386 3441 solen·

132 3462 213 3502 eructo
229 3457 347 3502 Mardum
366 3471 438 3503 menae
451 3457 577 3504 Februario
588 3457 683 3504 rediisse
694 3471 745 3504 me·
777 3459 813 3504 nia
833 3458 877 3504 tun
896 3457 945 3504 dies
969 3457 1080 3503 Kalendis
1102 3457 1289 3514 latercularlbua,
1306 3459 1339 3504 ita
1361 3466 1388 3504 ut

132 3527 263 3565 morantur.
777 3523 842 3568 nulla
861 3535 964 3580 unquam
983 3535 1011 3566 ea
1028 3520 1053 3566 in
1072 3535 1097 3566 re
1115 3521 1214 3568 radetm
1233 3521 1312 3580 luerit,
1330 3523 1388 3581 quid

166 3581 198 3626 to
215 3579 229 3608 '
242 3583 287 3630 Per
305 3579 459 3644 ambitionem]
485 3584 529 3630 Per
550 3599 646 3644 pravam
667 3584 746 3631 indul·
777 3586 891 3631 attinebat
908 3585 932 3630 id
948 3598 962 3630 a
980 3584 1046 3630 Livio
1062 3584 1154 3632 notarit
1190 3585 1322 3632 Dodwellua
1335 3586 1387 3632 Dia·

131 3646 245 3705 gentiam,
256 3647 376 3706 captanda
387 3648 486 3694 militurn
498 3648 579 3707 gratiae
590 3661 666 3694 cauae.
777 3656 831 3695 aera
845 3647 874 3693 x.
887 3649 916 3693 de
929 3647 1006 3706 cyclis
1019 3647 1086 3694 liora.
1100 3649 1160 3695 liert.
1174 3647 1204 3696 lit
1216 3656 1299 3709 etseq.
1311 3649 1387 3708 anapi-

166 3709 198 3756 to
215 3710 310 3756 Eiram
321 3725 358 3756 eor
368 3711 450 3758 Patres
466 3708 611 3772 aeceperunt]
631 3713 682 3757 Duo
693 3725 746 3772 poa·
777 3719 851 3767 catur,
873 3718 993 3770 praeunte
1015 3711 1162 3770 aliquatenus
1181 3713 1307 3769 Macrobio,
1324 3713 1388 3758 diem

132 3781 209 3819 trema
220 3775 289 3818 verba
306 3775 358 3819 dele
374 3789 427 3820 rum
447 3775 607 3821 Freinshemio
619 3783 642 3821 et
654 3776 746 3821 Grono-
778 3773 1030 3821 unumal'ontiticibua
1037 3787 1079 3833 per
1086 3775 1149 3821 hunc
1156 3789 1243 3822 ιιιιιιιιιι
1252 3783 1388 3835 exemptum

132 3837 178 3882 aio.
203 3837 248 3882 Sed
261 3837 319 3883 nihil
331 3838 395 3884 aliud
407 3840 547 3884 novmdurn.
577 3839 663 3884 Dicunt
674 3839 744 3898 legati
776 3839 856 3893 tuisse,
875 3837 915 3897 qui
931 3837 981 3884 dica
1000 3851 1062 3884 nunc
1081 3838 1194 3894 redditur,
1210 3847 1236 3885 ut
1249 3840 1345 3900 plenum
1357 3839 1388 3884 alt

131 3913 242 3958 magnam
264 3915 315 3947 aare
336 3903 426 3948 cladem
448 3915 499 3948 eam
522 3916 575 3961 qua
595 3901 640 3961 Ap.
653 3903 746 3949 Claudii
777 3902 849 3948 annui
860 3901 922 3946 orbis
933 3901 1041 3960 epatium,
1056 3909 1080 3947 ct
1091 3902 1247 3964 interponitur
1257 3903 1318 3949 lnter
1329 3903 1387 3947 Τοι-

131 3963 264 4010 temeritate
282 3974 376 4024 accepta
393 3965 482 4012 tuerat:
500 3979 586 4024 eoaque
604 3967 644 4024 qui
660 3966 745 4012 retere-
777 3965 915 4020 minaliaet
927 3965 1044 4011 Kalendae
1056 3965 1214 4012 lntercalarca.
1235 3966 1388 4016 Qulaautem

131 4029 190 4072 bant
209 4041 336 4086 perpaucae
355 4029 429 4074 italici
445 4030 537 4088 generis
555 4029 579 4074 ln
598 4043 626 4075 ea
643 4029 747 4084 amisaoa,
778 4029 803 4075 id
820 4043 866 4074 non
884 4041 976 4088 semper
989 4029 1114 4083 accidebat,
1129 4029 1177 4076 imo
1188 4029 1226 4076 hie
1236 4037 1320 4088 preter
1331 4028 1386 4074 aoli-

132 4091 223 4136 elevare
235 4105 262 4136 ac
278 4091 384 4138 minuere
401 4101 482 4140 contra
496 4094 530 4140 rei
542 4093 663 4139 raritatem
681 4093 744 4139 illiue
775 4101 826 4138 tum
837 4092 990 4139 intercalandi
1001 4105 1090 4138 morem
1103 4093 1180 4150 debat,
1197 4091 1251 4138 ideo
1265 4099 1387 4138 nutatura

130 4153 205 4198 eladis
217 4155 378 4212 ignominiam.
777 4157 850 4202 Livio.

165 4218 197 4264 no
215 4217 292 4264 Fertto
308 4220 346 4266 die
360 4226 411 4279 port
430 4219 567 4266 Tnarinaltn
578 4221 688 4267 Kolenda
703 4221 744 4266 ln·
807 4219 835 4266 dl
856 4219 883 4265 L.
896 4219 1037 4266 Flaminiam
1057 4214 1144 4278 auger]
1163 4217 1255 4276 Adiecit
1278 4217 1387 4276 Sigonius

132 4283 256 4328 tercatarea
268 4279 350 4343 fuere]
376 4282 522 4338 Terminalia,
542 4283 614 4330 teatua
636 4283 686 4329 dier
705 4283 742 4329 rlei
776 4297 861 4330 nomen
872 4282 1003 4338 sacerdotii,
1014 4296 1061 4341 qno
1072 4279 1195 4341 preditum
1211 4279 1281 4326 luiaac
1299 4281 1386 4328 Flami·

133 4343 248 4399 Termini,
268 4345 297 4391 de
314 4360 361 4404 quo
378 4347 424 4392 rid.
445 4355 492 4392 not.
513 4347 542 4392 tr
556 4349 585 4393 ad
602 4348 616 4394 l.
635 4347 654 4392 1.
672 4361 691 4393 c.
704 4348 742 4401 dd,
776 4346 858 4392 ninum
869 4345 993 4392 existimat.
1013 4345 1104 4402 Nempe
1115 4343 1131 4388 1.
1143 4343 1215 4389 111111.
1228 4345 1279 4399 ei,
1294 4345 1319 4390 1..
1333 4345 1387 4391 Fla·

130 4407 310 4454 celebrabantur
321 4409 420 4468 septimo
432 4409 484 4456 lial.
498 4411 600 4457 Martiae.
634 4411 744 4458 Kaleade
775 4409 1110 4468 miniuatltaugurlulorum
1123 4405 1148 4451 Ρ.
1162 4405 1225 4452 Furii
1238 4407 1306 4454 tutti.
1340 4409 1387 4455 Sed

129 4469 285 4518 laterculum
296 4481 352 4518 aunt
364 4473 475 4520 Kolenda
487 4475 574 4520 mesala
591 4475 744 4528 lnterculrria,
776 4475 841 4520 deest
853 4473 923 4518 etiam
936 4485 998 4518 nunc
1009 4471 1054 4516 lroc
1069 4470 1119 4515 loco
1134 4483 1219 4518 nomen
1235 4474 1285 4533 aJ'ua
1301 4471 1341 4533 qul
1361 4474 1386 4520 in

129 4535 162 4580 de
182 4547 230 4594 quo
247 4535 338 4594 agimur
354 4537 383 4583 ad
402 4537 418 4583 l.
438 4537 457 4585 l.
470 4553 490 4584 c.
507 4537 544 4587 to.
577 4540 687 4585 ceterum
707 4537 745 4584 tte
779 4536 904 4584 Flaminini
917 4533 1115 4582 loeumauffertua
1126 4541 1169 4580 eat.
