3086 4952
260 367 304 430 84
845 353 937 418 ‘l'l'rl
961 355 1075 419 LlVll

262 526 292 572 υ.
304 525 330 572 c.
342 523 397 570 ssa.
425 509 619 572 frumentum
634 505 668 568 in
683 503 835 568 AEtoliam
848 503 889 565 ad
903 503 1074 564 exercitum
1089 503 1208 587 portari
1218 503 1365 588 jussum:
1386 525 1424 568 ex
1436 501 1465 570 Si

262 592 290 635 Λ·
303 589 329 634 ⁰·
344 587 396 636 ¹⁹⁰·
426 593 511 657 dinia
525 612 598 676 pars
615 591 759 666 Romam,
768 608 842 672 pars
857 591 867 621 ⁸
880 587 913 648 in
929 587 1091 664 AEtoliam,
1105 588 1216 650 eodem
1230 609 1294 672 quo
1310 589 1457 654 Siculum.

262 691 376 752 raugia
469 676 533 740 111.
557 675 744 756 Priusquam
760 671 905 735 consides
920 671 952 732 in
964 671 1140 754 provincias
1151 673 1428 756 proficiscerenhm
1436 695 1466 757 pr

425 761 510 844 digia
524 780 581 844 per
594 758 760 842 pontifices
775 755 936 840 procurari
953 754 1082 838 placuit.
1127 756 1238 819 Romae
1258 756 1280 820 J
1282 758 1394 820 unonis
1415 759 1466 820 Lu

425 866 477 908 nae
490 843 645 928 templum
661 841 699 904 de
714 839 793 904 coelo
807 847 928 902 tactum
943 847 1019 917 erat,
1030 839 1075 901 ita
1091 847 1129 901 ut
1150 838 1333 924 'fastigium
1352 841 1445 904 valvae

427 929 684 992 deformarentur.
728 923 868 987 Puteolis
883 923 1028 1006 pluribus
1049 922 1128 986 locis
1148 945 1259 986 murus
1283 932 1316 986 et
1338 863 1467 1008 portab

425 1012 511 1076 mine
534 1011 605 1088 icta,
626 1019 659 1073 et
681 1009 745 1072 duo
769 1007 913 1070 homines
937 1007 1115 1070 exanimati.
1159 1007 1286 1070 Nursiae
1308 1029 1414 1072 sereno
1435 1031 1467 1071 sa

426 1095 592 1160 constabat
606 1092 772 1156 'nimbum
786 1099 909 1155 ortum:
931 1089 975 1154 ibi
993 1112 1120 1188 quoque
1142 1091 1222 1154 duos
1243 1092 1357 1154 liberos
1370 1093 1468 1154 homin

427 1179 630 1244 exanimatos.
674 1178 771 1240 Terra
792 1175 879 1260 apud
898 1196 931 1237 se
945 1175 1065 1259 pluisse
1078 1175 1251 1238 Truculani
1265 1176 1463 1254 nunciabant,

427 1263 553 1328 Reatini
576 1262 694 1326 mulam
717 1261 751 1324 in
774 1281 849 1343 agro
875 1281 932 1322 suo
956 1259 1123 1343 peperisse.
1167 1261 1216 1322 Ea
1238 1269 1411 1345 procurata,
1426 1262 1468 1322 La

427 1369 541 1432 naeque
555 1347 758 1424 instauratae;
779 1343 865 1428 quod
879 1343 1093 1406 Laurentibus
1106 1344 1117 1374 ¹
1128 1344 1241 1421 carnis,
1255 1365 1327 1428 quae
1337 1345 1468 1407 darideb

428 1433 502 1496 data
529 1453 596 1495 non
625 1431 735 1494 brerat.
793 1427 990 1512 Supplicatio
1026 1449 1152 1525 quoque
1186 1448 1294 1490 earum
1328 1429 1469 1512 religioni

429 1537 541 1580 caussa
554 1514 625 1592 iiiit,
639 1514 775 1598 ’quibus
791 1511 862 1574 Diis
877 1511 1044 1575 decemviri
1057 1533 1096 1574 ex
1110 1511 1198 1575 libris
1219 1519 1278 1575 ut⁶
1299 1513 1395 1590 fleret,
1410 1514 1470 1575 edit

428 1607 514 1664 runt.
558 1600 678 1662 Decem
691 1595 831 1694 ingenui,
846 1595 955 1658 decem
969 1595 1117 1680 virgines,
1130 1596 1258 1680 patrimi
1279 1617 1387 1660 omnes
1408 1607 1470 1658 mat

429 1685 546 1766 mique,
559 1682 600 1745 ad
614 1682 647 1744 id
662 1679 849 1744 sacrificium
870 1679 1021 1743 adhibiti:
1045 1688 1077 1743 et
1096 1679 1262 1744 decemviri
1284 1691 1375 1744 nocte
1398 1681 1470 1743 lacte

429 1767 516 1830 tibus
531 1787 597 1828 rem
612 1765 751 1828 divinam
769 1763 920 1826 fecerunt.
966 1764 1001 1828 P.
1024 1763 1190 1828 Cornelius
1213 1765 1319 1849 Scipio
1340 1765 1471 1827 Africani

429 1850 615 1935 priusquam
637 1847 898 1932 proficisceretur,
924 1847 946 1880 ¹⁰
954 1847 1105 1911 fornicem
1129 1848 1162 1912 in
1187 1847 1344 1933 Capitolio
1369 1849 1471 1912 advers

429 1935 523 2012 viarm
546 1953 610 2016 qno
632 1933 666 1996 in
691 1931 885 2016 Capitolium
912 1931 1115 1995 adscenditur
1123 1933 1147 2012 ¹,
1176 1953 1249 1996 cum
1274 1932 1371 2016 signis
1397 1943 1471 2017 septi

430 2018 558 2096 auratis,
573 2025 626 2080 εἰ·
642 2016 767 2080 duobus
782 2015 872 2100 equis
882 2015 902 2093 ¹,
916 2023 948 2078 et
969 2037 1143 2080 marmorea
1164 2017 1229 2080 duo
1251 2017 1339 2080 labra
1360 2025 1431 2080 ante
1455 2018 1472 2077 fi

430 2101 535 2166 nicem
549 2101 666 2186 posuit.
711 2101 772 2164 Per
785 2100 935 2163 eosdem⁸
950 2099 1017 2163 dies
1039 2101 1197 2186 principes
1212 2101 1395 2164 AEtolorum
1408 2109 1470 2164 tres

453 2185 649 2271 uadraginta,
663 2185 746 2248 inter
769 2205 849 2267 quos
868 2184 1070 2248 Damocritus
1094 2193 1126 2248 et
1149 2185 1246 2248 frater
1269 2186 1337 2270 ejus
1361 2195 1458 2262 erant,

431 2207 556 2335 duabus
570 2269 764 2347 cohortibus,
777 2267 882 2332 missis
897 2289 916 2331 a
930 2269 991 2332 M'.
1006 2269 1118 2346 Acilio,
1134 2271 1274 2332 Romam·
1283 2269 1419 2347 deducti,
1435 2279 1465 2331 et

432 2355 618 2420 Lautumias
633 2353 767 2439 conjecti
782 2361 868 2416 sunt.
897 2353 1042 2416 cohortes
1061 2353 1134 2416 inde
1156 2355 1197 2416 ad
1218 2354 1387 2416 exercitum
1409 2355 1473 2416 redi

432 2439 471 2503 L.
487 2439 654 2504 Cornelius
667 2437 779 2501 consul
792 2437 899 2520 jussit.
942 2437 1054 2521 Legati
1079 2437 1118 2500 ab
1145 2438 1165 2470 ¹¹
1180 2439 1349 2502 Ptolemaeo
1374 2445 1406 2500 et
1428 2439 1474 2501 cl·

431 2531 532 2606 patra,
557 2521 685 2604 regibus
699 2522 742 2584 AE
810 2521 1053 2604 tigratulantes
1074 2522 1160 2605 quod
1185 2523 1245 2586 M'.
1266 2521 1387 2585 Acilius
1409 2545 1474 2584 coni

432 2606 628 2668 Antiochum
648 2625 755 2688 regem
812 2605 904 2666 raecia
931 2605 1114 2689 expulisset,
1142 2615 1315 2670 venerunt:
1352 2608 1474 2670 adhorti

432 2697 553 2772 tesque,
578 2695 616 2750 ut
639 2687 672 2750 in
698 2687 808 2750 Asiam
830 2687 1002 2751 exercitum
1025 2689 1203 2774 trajicerent
1212 2692 1237 2770 ¹²,
1252 2694 1353 2755 omnio
1375 2713 1472 2772 percu

431 2778 513 2836 nata
525 2791 584 2835 ooo
599 2773 632 2834 ia
646 2773 725 2833 Ario
739 2771 836 2849 modo,
849 2773 904 2835 sed
916 2774 1008 2836 etiom
1022 2776 1055 2836 io
1070 2777 1174 2856 Syrio,
1189 2795 1273 2848 esse5
1296 2779 1474 2858 repeoAEpy

433 2857 476 2920 od
499 2877 545 2935 eo,
567 2875 632 2936 qao
655 2857 816 2920 ananau
834 2863 965 2934 arsabo,
979 2865 1110 2938 paratos
1126 2858 1208 2940 sore.
1252 2859 1372 2923 Gratiae
1393 2862 1474 2943 regit

432 2947 529 3004 actae:
560 2939 672 3025 legatis
696 2961 828 3006 munera
853 2939 920 3004 dari
938 2941 1039 3026 jussa,
1068 2943 1102 3005 in
1134 2943 1275 3028 singulos
1302 2945 1474 3028 ”quaterni

432 3023 567 3090 millium
581 3025 662 3090 oeris.

476 3111 534 3174 IV.
557 3109 596 3174 L.
612 3109 778 3174 Cornelius
793 3111 914 3188 consul,
929 3111 1074 3196 peractis,
1085 3133 1157 3195 quse
1168 3113 1278 3177 Romae
1289 3113 1411 3198 agenda
1422 3135 1474 3176 era

432 3213 492 3277 pro
497 3192 647 3256 concione
659 3193 807 3271 edixit,ut
815 3194 940 3273 milites,
949 3217 1029 3279 qnos
1038 3195 1106 3280 ipse
1115 3196 1148 3259 in
1158 3197 1415 3282 supplementum
1425 3219 1474 3260 scr

434 3277 536 3353 sisset,
550 3275 667 3358 quique
681 3277 715 3339 in
731 3278 865 3341 Bruttiis
880 3301 953 3342 cum
968 3281 1008 3343 A.
1024 3280 1170 3344 Cornelio
1191 3289 1384 3366 propraetore
1407 3304 1474 3344 esse

433 3367 471 3422 ut
496 3359 530 3424 hi
555 3380 664 3422 omnes
690 3361 801 3426 Idibus
831 3363 1046 3428 Quinctilibus
1071 3363 1278 3428 Brundisium
1307 3367 1474 3430 convenire

435 3443 518 3506 Item
540 3451 604 3506 tres
628 3443 749 3528 legatos
774 3447 959 3526 nominavit,
985 3447 1057 3512 Sex.
1078 3449 1246 3533 Digitium,
1270 3451 1309 3514 L.
1337 3451 1474 3534 Apustio

435 3525 473 3592 C.
489 3527 668 3592 Fabricium
682 3529 868 3611 Luscinum,
884 3531 939 3615 qui
953 3553 991 3595 ex
1011 3554 1065 3596 ora
1086 3534 1243 3597 maritima
1264 3535 1405 3618 undique
1427 3557 1474 3598 na

463 3689 511 3732 eal
524 3685 569 3733 dcl.
583 3687 655 3734 Gran.
666 3689 734 3734 creo.
861 3685 1014 3738 dascenditur
1026 3692 1119 3756 Kreyss.
1133 3693 1211 3740 Bekk.
1339 3699 1385 3742 ⁸et
1397 3697 1445 3742 del.
1459 3699 1474 3742 C

494 3743 576 3810 ‘equis
587 3751 671 3798 duobus
684 3751 760 3798 Belle.
912 3759 973 3801 teos
984 3755 1043 3802 End.
1171 3751 1185 3790 ¹²
1196 3759 1325 3807 traduceret
1335 3760 1411 3806 Gron.
1424 3761 1472 3806 Cre

304 3893 320 3937 o
338 3891 366 3937 In
378 3889 494 3946 AEtoliou.
513 3890 590 3936 rohsn
606 3905 650 3951 qao
667 3885 781 3952 Siculam]
799 3891 883 3938 Prima
949 3891 979 3940 lo
995 3893 1111 3941 For-sices·
1121 3895 1145 3940 is
1159 3895 1270 3955 Capitolio
1286 3895 1394 3942 adsersus
1412 3899 1473 3942 mom

273 3957 326 4002 dne
336 3968 403 4000 voces
414 3953 481 3999 nobis
492 3953 606 4012 glossema
617 3955 718 4013 sopiunt.
915 3958 940 4002 is
952 3957 1086 4016 Capitolium
1097 3956 1238 4018 osoesdilsr]
1258 3959 1303 4005 llic
1315 3960 1427 4019 Capitolii
1442 3976 1474 4006 no

304 4017 321 4065 o
338 4013 502 4078 'fastigium]
521 4017 573 4062 Vid.
585 4025 632 4063 not.
644 4019 673 4062 sd
686 4017 768 4064 xus.
913 4021 1000 4078 duplici
1018 4035 1087 4066 sensu
1107 4022 1220 4068 sumitur:
1238 4023 1314 4082 primo
1331 4037 1374 4082 pro
1393 4033 1463 4083 parte

305 4083 319 4136 7
337 4079 351 4108 “
359 4077 478 4142 Nimiam]
497 4081 597 4126 hnbrem
609 4081 711 4126 subitum
720 4095 773 4127 cum
785 4081 880 4128 tonitru.
913 4083 978 4130 niore
992 4092 1016 4130 et
1026 4085 1161 4143 spatiosiore
1173 4087 1266 4142 montis,
1278 4087 1372 4142 deinde,
1383 4101 1428 4146 pro
1440 4098 1474 4132 ser

305 4145 321 4190 8
339 4141 432 4204 Corsis]
451 4143 513 4190 Nou
528 4145 604 4190 corsis
615 4143 639 4189 in
652 4151 714 4189 recto
732 4159 799 4190 casu:
817 4145 880 4203 quod
912 4145 962 4205 ipsc
974 4147 1046 4202 lovis,
1058 4149 1121 4206 quod
1132 4149 1157 4194 in
1173 4163 1264 4196 summo
1282 4158 1360 4198 monte
1379 4159 1474 4197 exstruo

272 4217 297 4256 st
313 4211 420 4256 observat
432 4207 561 4254 Priscianus
573 4207 587 4252 Ι.
601 4207 641 4254 Ἡ.
676 4207 712 4252 De
730 4208 780 4266 ipss
797 4221 822 4253 re
833 4209 879 4253 vid.
912 4219 971 4255 erat.

273 4281 320 4320 not.
330 4272 406 4328 613,ιά
415 4287 434 4318 c.
446 4271 545 4326 17,1.v.
558 4271 605 4315 'el
616 4279 662 4315 not.
670 4270 693 4324 4,
702 4271 732 4316 sd
743 4269 846 4316 xxxu.
860 4271 879 4317 l.
945 4271 972 4318 ll
991 4271 1123 4335 Ptolemae]
1142 4275 1280 4336 Epiphane:
1300 4275 1328 4322 de
1348 4291 1397 4336 quo
1414 4293 1474 4338 supr

304 4339 320 4384 9
339 4337 424 4385 Quibus
440 4337 485 4382 diis
502 4335 620 4382 dromolri
631 4349 658 4378 ιε
670 4335 734 4380 libris
743 4334 818 4390 fleret,
830 4335 877 4380 rdi-
912 4335 1089 4384 1.xxxl.e.l

272 4397 366 4459 duest]
392 4399 448 4444 Huc
463 4410 534 4458 prsrs
551 4399 674 4443 verborum
693 4397 812 4443 collocatio
831 4412 878 4444 non
945 4399 974 4446 12
993 4401 1132 4449 <inauratos
1151 4403 1245 4449 milliara
1266 4399 1330 4463 aeris]
1361 4403 1386 4448 Si
1407 4420 1474 4463 gravi

272 4463 364 4508 videtur
382 4476 396 4508 s
416 4461 482 4508 Livio
500 4475 558 4508 asse.
591 4461 702 4520 sepone:
730 4461 815 4512 Quibus
834 4461 879 4509 diis
911 4463 1076 4521 intelligamus,
1088 4465 1145 4512 fient
1156 4481 1196 4514 sex
1208 4467 1297 4526 argenti
1312 4481 1397 4512 marcae
1412 4478 1474 4514 nost]

301 4531 341 4580 ml,
353 4527 472 4572 &semri
482 4541 509 4572 cr
521 4527 585 4572 libris
596 4525 723 4572 ediderant.
911 4539 963 4572 cum
975 4525 1065 4573 duabus
1078 4527 1159 4574 unciis.
