<?xml version="1.0" encoding="UTF-8"?>
<!DOCTYPE html PUBLIC "-//W3C//DTD XHTML 1.0 Transitional//EN"
    "http://www.w3.org/TR/xhtml1/DTD/xhtml1-transitional.dtd">
<html xmlns="http://www.w3.org/1999/xhtml" xml:lang="en" lang="en">
 <head>
  <title>
</title>
<meta http-equiv="Content-Type" content="text/html;charset=utf-8" />
  <meta name='ocr-system' content='tesseract 3.04.00' />
  <meta name='ocr-capabilities' content='ocr_page ocr_carea ocr_par ocr_line ocrx_word'/>
</head>
<body>
  <div class='ocr_page' id='page_1' title='image "./tliviipatavinih01crevgoog/tliviipatavinih01crevgoog_0215.png"; bbox 0 0 3108 4982; ppageno 0'>
   <div class='ocr_carea' id='block_1_1' title="bbox 437 317 957 384">
    <p class='ocr_par' dir='ltr' id='par_1_1' title="bbox 437 317 957 384">
     <span class='ocr_line' id='line_1_1' title="bbox 437 317 957 384; baseline 0.004 -2"><span class='ocrx_word' id='word_1_1' title='bbox 437 317 525 384; x_wconf 86' lang='lat' dir='ltr'><strong><em>Llli.</em></strong></span> <span class='ocrx_word' id='word_1_2' title='bbox 549 318 714 384; x_wconf 87' lang='lat' dir='ltr'>XXXIX.</span> <span class='ocrx_word' id='word_1_3' title='bbox 744 318 840 384; x_wconf 84' lang='lat' dir='ltr'>CAP.</span> <span class='ocrx_word' id='word_1_4' title='bbox 862 319 957 384; x_wconf 90' lang='lat' dir='ltr'>XIV.</span> 
     </span>
    </p>
   </div>
   <div class='ocr_carea' id='block_1_2' title="bbox 131 465 1387 3254">
    <p class='ocr_par' dir='ltr' id='par_1_2' title="bbox 131 465 1308 549">
     <span class='ocr_line' id='line_1_2' title="bbox 131 465 1308 549; baseline 0.004 -20"><span class='ocrx_word' id='word_1_5' title='bbox 131 465 308 529; x_wconf 67' lang='lat' dir='ltr'><strong><em>estunam</em></strong></span> <span class='ocrx_word' id='word_1_6' title='bbox 321 483 394 541; x_wconf 81' lang='lat' dir='ltr'><strong><em>ease,</em></strong></span> <span class='ocrx_word' id='word_1_7' title='bbox 409 485 447 531; x_wconf 84' lang='lat' dir='ltr'><strong><em>ne</em></strong></span> <span class='ocrx_word' id='word_1_8' title='bbox 459 467 528 547; x_wconf 80' lang='lat' dir='ltr'><strong><em>quie</em></strong></span> <span class='ocrx_word' id='word_1_9' title='bbox 540 466 640 548; x_wconf 82' lang='lat' dir='ltr'><strong><em>major</em></strong></span> <span class='ocrx_word' id='word_1_10' title='bbox 656 468 765 549; x_wconf 74' lang='lat' dir='ltr'><strong><em>cipirrti</em></strong></span> <span class='ocrx_word' id='word_1_11' title='bbox 779 469 869 530; x_wconf 70' lang='lat' dir='ltr'><strong><em>maie</em></strong></span> <span class='ocrx_word' id='word_1_12' title='bbox 889 467 1076 530; x_wconf 77' lang='lat' dir='ltr'><strong><em>initiaretur.</em></strong></span> <span class='ocrx_word' id='word_1_13' title='bbox 1105 469 1226 548; x_wconf 82' lang='lat' dir='ltr'><strong><em>captari</em></strong></span> <span class='ocrx_word' id='word_1_14' title='bbox 1240 487 1269 536; x_wconf 91' lang='lat' dir='ltr'><strong><em>u.</em></strong></span> <span class='ocrx_word' id='word_1_15' title='bbox 1302 521 1308 534; x_wconf 96' lang='lat'>.</span> 
     </span>
    </p>

    <p class='ocr_par' dir='ltr' id='par_1_3' title="bbox 132 551 1374 720">
     <span class='ocr_line' id='line_1_3' title="bbox 132 551 1374 631; baseline 0.001 -17"><span class='ocrx_word' id='word_1_16' title='bbox 132 556 239 614; x_wconf 73' lang='lat' dir='ltr'><strong><em>etates</em></strong></span> <span class='ocrx_word' id='word_1_17' title='bbox 253 555 284 612; x_wconf 87' lang='lat' dir='ltr'><strong><em>et</em></strong></span> <span class='ocrx_word' id='word_1_18' title='bbox 300 551 416 612; x_wconf 73' lang='lat' dir='ltr'><strong><em>erroris</em></strong></span> <span class='ocrx_word' id='word_1_19' title='bbox 435 557 465 612; x_wconf 87' lang='lat' dir='ltr'><strong><em>et</em></strong></span> <span class='ocrx_word' id='word_1_20' title='bbox 484 553 585 631; x_wconf 77' lang='lat' dir='ltr'><strong><em>stupri</em></strong></span> <span class='ocrx_word' id='word_1_21' title='bbox 595 553 759 631; x_wconf 83' lang='lat' dir='ltr'><strong><em>patienter.</em></strong></span> <span class='ocrx_word' id='word_1_22' title='bbox 1239 552 1268 598; x_wconf 67' lang='grc' dir='ltr'><strong><em>Α·</em></strong></span> <span class='ocrx_word' id='word_1_23' title='bbox 1300 551 1332 599; x_wconf 91' lang='lat'><strong><em>·¹</em></strong></span> <span class='ocrx_word' id='word_1_24' title='bbox 1368 586 1374 600; x_wconf 93' lang='lat'>·</span> 
     </span>
     <span class='ocr_line' id='line_1_4' title="bbox 177 633 1226 720; baseline 0.003 -24"><span class='ocrx_word' id='word_1_25' title='bbox 177 633 272 697; x_wconf 87' lang='lat' dir='ltr'>XIV.</span> <span class='ocrx_word' id='word_1_26' title='bbox 295 633 427 696; x_wconf 88' lang='lat' dir='ltr'><strong><em>Peracto</em></strong></span> <span class='ocrx_word' id='word_1_27' title='bbox 440 633 567 712; x_wconf 93' lang='lat' dir='ltr'><strong><em>indicio,</em></strong></span> <span class='ocrx_word' id='word_1_28' title='bbox 582 635 732 698; x_wconf 87' lang='lat' dir='ltr'><strong><em>advoluta</em></strong></span> <span class='ocrx_word' id='word_1_29' title='bbox 745 655 856 698; x_wconf 89' lang='lat' dir='ltr'><strong><em>rursus</em></strong></span> <span class='ocrx_word' id='word_1_30' title='bbox 911 634 1006 698; x_wconf 88' lang='lat' dir='ltr'><strong><em>nibus</em></strong></span> <span class='ocrx_word' id='word_1_31' title='bbox 1026 655 1135 720; x_wconf 80' lang='lat' dir='ltr'>preces</span> <span class='ocrx_word' id='word_1_32' title='bbox 1158 657 1226 700; x_wconf 86' lang='lat' dir='ltr'><strong><em>cas-</em></strong></span> 
     </span>
    </p>

    <p class='ocr_par' dir='ltr' id='par_1_4' title="bbox 134 656 1226 804">
     <span class='ocr_line' id='line_1_5' title="bbox 134 656 1226 804; baseline 0.004 -24"><span class='ocrx_word' id='word_1_33' title='bbox 134 717 219 796; x_wconf 88' lang='lat' dir='ltr'>dem,</span> <span class='ocrx_word' id='word_1_34' title='bbox 240 726 278 782; x_wconf 92' lang='lat' dir='ltr'><strong><em>ut</em></strong></span> <span class='ocrx_word' id='word_1_35' title='bbox 299 739 333 782; x_wconf 89' lang='lat' dir='ltr'><strong><em>se</em></strong></span> <span class='ocrx_word' id='word_1_36' title='bbox 362 717 532 802; x_wconf 79' lang='lat' dir='ltr'><strong>ablegaret,</strong></span> <span class='ocrx_word' id='word_1_37' title='bbox 561 719 718 802; x_wconf 91' lang='lat' dir='ltr'><strong><em>repetivit.</em></strong></span> <span class='ocrx_word' id='word_1_38' title='bbox 762 656 909 782; x_wconf 71' lang='lat' dir='ltr'><strong><em>Conserie</em></strong></span> <span class='ocrx_word' id='word_1_39' title='bbox 912 727 1003 804; x_wconf 81' lang='lat' dir='ltr'><strong><em>rogat</em></strong></span> <span class='ocrx_word' id='word_1_40' title='bbox 1031 740 1166 798; x_wconf 88' lang='lat' dir='ltr'><strong><em>socrum,</em></strong></span> <span class='ocrx_word' id='word_1_41' title='bbox 1188 729 1226 788; x_wconf 89' lang='lat' dir='ltr'><strong><em>ut</em></strong></span> 
     </span>
    </p>

    <p class='ocr_par' dir='ltr' id='par_1_5' title="bbox 134 801 1225 888">
     <span class='ocr_line' id='line_1_6' title="bbox 134 801 1225 888; baseline 0.002 -22"><span class='ocrx_word' id='word_1_42' title='bbox 134 801 273 886; x_wconf 82' lang='lat' dir='ltr'><strong><em>aliquam</em></strong></span> <span class='ocrx_word' id='word_1_43' title='bbox 297 811 421 887; x_wconf 89' lang='lat' dir='ltr'><strong><em>partem</em></strong></span> <span class='ocrx_word' id='word_1_44' title='bbox 447 802 564 866; x_wconf 78' lang='lat' dir='ltr'><strong><em>aedium</em></strong></span> <span class='ocrx_word' id='word_1_45' title='bbox 583 823 715 866; x_wconf 84' lang='lat' dir='ltr'><strong><em>vacuam</em></strong></span> <span class='ocrx_word' id='word_1_46' title='bbox 740 803 865 881; x_wconf 86' lang='lat' dir='ltr'><strong><em>faceret,</em></strong></span> <span class='ocrx_word' id='word_1_47' title='bbox 887 824 951 888; x_wconf 94' lang='lat' dir='ltr'><strong><em>quo</em></strong></span> <span class='ocrx_word' id='word_1_48' title='bbox 973 803 1108 888; x_wconf 80' lang='lat' dir='ltr'><strong><em>Hispala</em></strong></span> <span class='ocrx_word' id='word_1_49' title='bbox 1129 804 1225 868; x_wconf 87' lang='lat' dir='ltr'><strong><em>inmi-</em></strong></span> 
     </span>
    </p>

    <p class='ocr_par' dir='ltr' id='par_1_6' title="bbox 135 886 1225 971">
     <span class='ocr_line' id='line_1_7' title="bbox 135 886 1225 971; baseline 0.004 -22"><span class='ocrx_word' id='word_1_50' title='bbox 135 898 250 970; x_wconf 78' lang='lat' dir='ltr'><strong><em>graret.</em></strong></span> <span class='ocrx_word' id='word_1_51' title='bbox 284 886 483 950; x_wconf 85' lang='lat' dir='ltr'><strong><em>coenaculum</em></strong></span> <span class='ocrx_word' id='word_1_52' title='bbox 508 908 604 971; x_wconf 89' lang='lat' dir='ltr'><strong><em>super</em></strong></span> <span class='ocrx_word' id='word_1_53' title='bbox 628 887 712 950; x_wconf 88' lang='lat' dir='ltr'><strong><em>aedes</em></strong></span> <span class='ocrx_word' id='word_1_54' title='bbox 733 887 844 950; x_wconf 82' lang='lat' dir='ltr'><strong><em>datum</em></strong></span> <span class='ocrx_word' id='word_1_55' title='bbox 861 897 920 966; x_wconf 89' lang='lat' dir='ltr'><strong><em>est,</em></strong></span> <span class='ocrx_word' id='word_1_56' title='bbox 942 887 1034 950; x_wconf 87' lang='lat' dir='ltr'><strong><em>scalis</em></strong></span> <span class='ocrx_word' id='word_1_57' title='bbox 1052 889 1225 954; x_wconf 79' lang='lat' dir='ltr'><strong><em>serentibus</em></strong></span> 
     </span>
    </p>

    <p class='ocr_par' dir='ltr' id='par_1_7' title="bbox 135 971 1225 1055">
     <span class='ocr_line' id='line_1_8' title="bbox 135 971 1225 1055; baseline 0.003 -21"><span class='ocrx_word' id='word_1_58' title='bbox 135 971 170 1034; x_wconf 90' lang='lat' dir='ltr'><strong><em>in</em></strong></span> <span class='ocrx_word' id='word_1_59' title='bbox 200 971 364 1055; x_wconf 87' lang='lat' dir='ltr'><strong><em>publicum</em></strong></span> <span class='ocrx_word' id='word_1_60' title='bbox 392 971 555 1048; x_wconf 85' lang='lat' dir='ltr'><strong><em>obseratis,</em></strong></span> <span class='ocrx_word' id='word_1_61' title='bbox 583 971 672 1034; x_wconf 86' lang='lat' dir='ltr'><strong><em>aditu</em></strong></span> <span class='ocrx_word' id='word_1_62' title='bbox 701 971 735 1034; x_wconf 89' lang='lat' dir='ltr'><strong><em>in</em></strong></span> <span class='ocrx_word' id='word_1_63' title='bbox 762 972 847 1034; x_wconf 87' lang='lat' dir='ltr'><strong><em>aedes</em></strong></span> <span class='ocrx_word' id='word_1_64' title='bbox 876 993 976 1035; x_wconf 89' lang='lat' dir='ltr'><strong><em>verso.</em></strong></span> <span class='ocrx_word' id='word_1_65' title='bbox 1021 973 1086 1036; x_wconf 88' lang='lat' dir='ltr'><strong><em>Res</em></strong></span> <span class='ocrx_word' id='word_1_66' title='bbox 1115 995 1225 1038; x_wconf 88' lang='lat' dir='ltr'><strong><em>omnes</em></strong></span> 
     </span>
    </p>

    <p class='ocr_par' dir='ltr' id='par_1_8' title="bbox 136 1055 1225 1140">
     <span class='ocr_line' id='line_1_9' title="bbox 136 1055 1225 1140; baseline 0.003 -22"><span class='ocrx_word' id='word_1_67' title='bbox 136 1055 278 1120; x_wconf 84' lang='lat' dir='ltr'><strong><em>Feceniae</em></strong></span> <span class='ocrx_word' id='word_1_68' title='bbox 294 1055 452 1140; x_wconf 85' lang='lat' dir='ltr'><strong><em>extemplo</em></strong></span> <span class='ocrx_word' id='word_1_69' title='bbox 468 1055 638 1134; x_wconf 78' lang='lat' dir='ltr'><strong><em>translatae,</em></strong></span> <span class='ocrx_word' id='word_1_70' title='bbox 653 1065 686 1120; x_wconf 89' lang='lat' dir='ltr'><strong><em>et</em></strong></span> <span class='ocrx_word' id='word_1_71' title='bbox 698 1055 815 1118; x_wconf 83' lang='lat' dir='ltr'><strong><em>familia</em></strong></span> <span class='ocrx_word' id='word_1_72' title='bbox 829 1056 987 1120; x_wconf 85' lang='lat' dir='ltr'><strong><em>arcessita.</em></strong></span> <span class='ocrx_word' id='word_1_73' title='bbox 1024 1065 1057 1120; x_wconf 89' lang='lat' dir='ltr'><strong><em>et</em></strong></span> <span class='ocrx_word' id='word_1_74' title='bbox 1071 1057 1225 1122; x_wconf 83' lang='lat' dir='ltr'><strong><em>AEbutius</em></strong></span> 
     </span>
    </p>

    <p class='ocr_par' dir='ltr' id='par_1_9' title="bbox 135 1139 1224 1224">
     <span class='ocr_line' id='line_1_10' title="bbox 135 1139 1224 1224; baseline 0.004 -22"><span class='ocrx_word' id='word_1_75' title='bbox 135 1139 270 1224; x_wconf 83' lang='lat' dir='ltr'><strong><em>migrare</em></strong></span> <span class='ocrx_word' id='word_1_76' title='bbox 284 1140 326 1202; x_wconf 89' lang='lat' dir='ltr'><strong><em>sd</em></strong></span> <span class='ocrx_word' id='word_1_77' title='bbox 340 1140 478 1204; x_wconf 88' lang='lat' dir='ltr'><strong><em>consulis</em></strong></span> <span class='ocrx_word' id='word_1_78' title='bbox 493 1139 640 1203; x_wconf 90' lang='lat' dir='ltr'><strong><em>clientem</em></strong></span> <span class='ocrx_word' id='word_1_79' title='bbox 650 1140 771 1224; x_wconf 87' lang='lat' dir='ltr'><strong><em>jussus.</em></strong></span> <span class='ocrx_word' id='word_1_80' title='bbox 815 1140 867 1203; x_wconf 89' lang='lat' dir='ltr'><strong><em>Ita</em></strong></span> <span class='ocrx_word' id='word_1_81' title='bbox 881 1162 981 1223; x_wconf 91' lang='lat' dir='ltr'><strong><em>quum</em></strong></span> <span class='ocrx_word' id='word_1_82' title='bbox 997 1140 1116 1206; x_wconf 89' lang='lat' dir='ltr'><strong><em>indices</em></strong></span> <span class='ocrx_word' id='word_1_83' title='bbox 1130 1142 1224 1206; x_wconf 91' lang='lat' dir='ltr'><strong><em>ambo</em></strong></span> 
     </span>
    </p>

    <p class='ocr_par' dir='ltr' id='par_1_10' title="bbox 134 1223 1224 1308">
     <span class='ocr_line' id='line_1_11' title="bbox 134 1223 1224 1308; baseline 0.004 -22"><span class='ocrx_word' id='word_1_84' title='bbox 134 1223 168 1286; x_wconf 89' lang='lat' dir='ltr'><strong><em>in</em></strong></span> <span class='ocrx_word' id='word_1_85' title='bbox 188 1233 345 1308; x_wconf 77' lang='lat' dir='ltr'><strong><em>potestate</em></strong></span> <span class='ocrx_word' id='word_1_86' title='bbox 359 1232 553 1301; x_wconf 86' lang='lat' dir='ltr'><strong><em>essent,rem</em></strong></span> <span class='ocrx_word' id='word_1_87' title='bbox 575 1225 617 1288; x_wconf 87' lang='lat' dir='ltr'><strong><em>sd</em></strong></span> <span class='ocrx_word' id='word_1_88' title='bbox 639 1231 785 1288; x_wconf 85' lang='lat' dir='ltr'><strong><em>senatum</em></strong></span> <span class='ocrx_word' id='word_1_89' title='bbox 801 1224 984 1288; x_wconf 81' lang='lat' dir='ltr'><strong><em>Postumius</em></strong></span> <span class='ocrx_word' id='word_1_90' title='bbox 999 1225 1107 1303; x_wconf 86' lang='lat' dir='ltr'><strong><em>defert,</em></strong></span> <span class='ocrx_word' id='word_1_91' title='bbox 1122 1227 1224 1290; x_wconf 84' lang='lat' dir='ltr'><strong><em>omui·</em></strong></span> 
     </span>
    </p>

    <p class='ocr_par' dir='ltr' id='par_1_11' title="bbox 134 1308 1224 1394">
     <span class='ocr_line' id='line_1_12' title="bbox 134 1308 1224 1394; baseline 0.002 -22"><span class='ocrx_word' id='word_1_92' title='bbox 134 1308 219 1372; x_wconf 67' lang='lat' dir='ltr'><strong><em>burri¹</em></strong></span> <span class='ocrx_word' id='word_1_93' title='bbox 244 1309 354 1372; x_wconf 89' lang='lat' dir='ltr'><strong><em>ordine</em></strong></span> <span class='ocrx_word' id='word_1_94' title='bbox 377 1309 539 1394; x_wconf 89' lang='lat' dir='ltr'><strong><em>expositis,</em></strong></span> <span class='ocrx_word' id='word_1_95' title='bbox 562 1330 633 1392; x_wconf 83' lang='lat' dir='ltr'><strong><em>quae</em></strong></span> <span class='ocrx_word' id='word_1_96' title='bbox 651 1308 755 1372; x_wconf 88' lang='lat' dir='ltr'><strong><em>delata</em></strong></span> <span class='ocrx_word' id='word_1_97' title='bbox 777 1308 890 1392; x_wconf 89' lang='lat' dir='ltr'><strong><em>primo,</em></strong></span> <span class='ocrx_word' id='word_1_98' title='bbox 912 1330 985 1392; x_wconf 80' lang='lat' dir='ltr'><strong><em>quae</em></strong></span> <span class='ocrx_word' id='word_1_99' title='bbox 1008 1309 1121 1374; x_wconf 90' lang='lat' dir='ltr'><strong><em>deinde</em></strong></span> <span class='ocrx_word' id='word_1_100' title='bbox 1134 1311 1174 1373; x_wconf 86' lang='lat' dir='ltr'><strong><em>ab</em></strong></span> <span class='ocrx_word' id='word_1_101' title='bbox 1191 1332 1224 1374; x_wconf 88' lang='lat' dir='ltr'><strong><em>se</em></strong></span> 
     </span>
    </p>

    <p class='ocr_par' dir='ltr' id='par_1_12' title="bbox 134 1393 1224 1478">
     <span class='ocr_line' id='line_1_13' title="bbox 134 1393 1224 1478; baseline 0.002 -22"><span class='ocrx_word' id='word_1_102' title='bbox 134 1393 287 1476; x_wconf 88' lang='lat' dir='ltr'><strong><em>inquisita</em></strong></span> <span class='ocrx_word' id='word_1_103' title='bbox 310 1393 422 1456; x_wconf 81' lang='lat' dir='ltr'><strong><em>forent.</em></strong></span> <span class='ocrx_word' id='word_1_104' title='bbox 468 1393 593 1456; x_wconf 84' lang='lat' dir='ltr'><strong><em>Patres¹</em></strong></span> <span class='ocrx_word' id='word_1_105' title='bbox 614 1414 712 1477; x_wconf 87' lang='lat' dir='ltr'><strong><em>pavor</em></strong></span> <span class='ocrx_word' id='word_1_106' title='bbox 732 1393 845 1476; x_wconf 85' lang='lat' dir='ltr'><strong><em>ingens</em></strong></span> <span class='ocrx_word' id='word_1_107' title='bbox 865 1393 960 1477; x_wconf 90' lang='lat' dir='ltr'><strong><em>cepit,</em></strong></span> <span class='ocrx_word' id='word_1_108' title='bbox 979 1414 1079 1476; x_wconf 91' lang='lat' dir='ltr'><strong><em>quum</em></strong></span> <span class='ocrx_word' id='word_1_109' title='bbox 1094 1395 1224 1478; x_wconf 86' lang='lat' dir='ltr'><strong><em>publico</em></strong></span> 
     </span>
    </p>

    <p class='ocr_par' dir='ltr' id='par_1_13' title="bbox 135 1477 1224 1562">
     <span class='ocr_line' id='line_1_14' title="bbox 135 1477 1224 1562; baseline 0.002 -22"><span class='ocrx_word' id='word_1_110' title='bbox 135 1477 274 1556; x_wconf 89' lang='lat' dir='ltr'><strong><em>nomine,</em></strong></span> <span class='ocrx_word' id='word_1_111' title='bbox 298 1499 338 1540; x_wconf 91' lang='lat' dir='ltr'><strong><em>ne</em></strong></span> <span class='ocrx_word' id='word_1_112' title='bbox 353 1477 431 1561; x_wconf 92' lang='lat' dir='ltr'><strong><em>quid</em></strong></span> <span class='ocrx_word' id='word_1_113' title='bbox 445 1499 490 1540; x_wconf 85' lang='lat' dir='ltr'><strong><em>eae</em></strong></span> <span class='ocrx_word' id='word_1_114' title='bbox 505 1477 737 1562; x_wconf 87' lang='lat' dir='ltr'><strong><em>conjurationes</em></strong></span> <span class='ocrx_word' id='word_1_115' title='bbox 751 1485 915 1560; x_wconf 81' lang='lat' dir='ltr'><strong><em>coetusque</em></strong></span> <span class='ocrx_word' id='word_1_116' title='bbox 938 1477 1086 1540; x_wconf 80' lang='lat' dir='ltr'><strong><em>nocturni</em></strong></span> <span class='ocrx_word' id='word_1_117' title='bbox 1104 1479 1224 1542; x_wconf 75' lang='lat' dir='ltr'><strong><em>fraudis</em></strong></span> 
     </span>
    </p>

    <p class='ocr_par' dir='ltr' id='par_1_14' title="bbox 136 1561 1225 1647">
     <span class='ocr_line' id='line_1_15' title="bbox 136 1561 1225 1647; baseline 0.003 -22"><span class='ocrx_word' id='word_1_118' title='bbox 136 1561 269 1625; x_wconf 73' lang='lat' dir='ltr'><strong><em>occultae</em></strong></span> <span class='ocrx_word' id='word_1_119' title='bbox 296 1569 353 1625; x_wconf 89' lang='lat' dir='ltr'><strong><em>aut</em></strong></span> <span class='ocrx_word' id='word_1_120' title='bbox 380 1561 512 1647; x_wconf 89' lang='lat' dir='ltr'><strong><em>periculi</em></strong></span> <span class='ocrx_word' id='word_1_121' title='bbox 546 1562 579 1624; x_wconf 93' lang='lat' dir='ltr'><strong><em>in</em></strong></span> <span class='ocrx_word' id='word_1_122' title='bbox 623 1569 754 1640; x_wconf 86' lang='lat' dir='ltr'><strong><em>rtarent,</em></strong></span> <span class='ocrx_word' id='word_1_123' title='bbox 783 1562 885 1624; x_wconf 81' lang='lat' dir='ltr'><strong><em>“tum</em></strong></span> <span class='ocrx_word' id='word_1_124' title='bbox 914 1561 1063 1646; x_wconf 85' lang='lat' dir='ltr'><strong><em>privatim</em></strong></span> <span class='ocrx_word' id='word_1_125' title='bbox 1093 1583 1225 1628; x_wconf 88' lang='lat' dir='ltr'><strong><em>suorum</em></strong></span> 
     </span>
    </p>

    <p class='ocr_par' dir='ltr' id='par_1_15' title="bbox 137 1645 1224 1730">
     <span class='ocr_line' id='line_1_16' title="bbox 137 1645 1224 1730; baseline 0.003 -22"><span class='ocrx_word' id='word_1_126' title='bbox 137 1645 270 1730; x_wconf 86' lang='lat' dir='ltr'><strong><em>quisque</em></strong></span> <span class='ocrx_word' id='word_1_127' title='bbox 285 1647 395 1725; x_wconf 88' lang='lat' dir='ltr'><strong><em>vicem,</em></strong></span> <span class='ocrx_word' id='word_1_128' title='bbox 416 1668 456 1710; x_wconf 87' lang='lat' dir='ltr'><strong><em>ne</em></strong></span> <span class='ocrx_word' id='word_1_129' title='bbox 471 1647 543 1730; x_wconf 90' lang='lat' dir='ltr'><strong><em>quis</em></strong></span> <span class='ocrx_word' id='word_1_130' title='bbox 558 1668 577 1710; x_wconf 88' lang='lat' dir='ltr'><strong>a</strong></span> <span class='ocrx_word' id='word_1_131' title='bbox 600 1647 671 1710; x_wconf 87' lang='lat' dir='ltr'><strong><em>finis</em></strong></span> <span class='ocrx_word' id='word_1_132' title='bbox 686 1646 715 1710; x_wconf 89' lang='lat' dir='ltr'><strong><em>ei</em></strong></span> <span class='ocrx_word' id='word_1_133' title='bbox 729 1667 820 1710; x_wconf 84' lang='lat' dir='ltr'><strong><em>noxae</em></strong></span> <span class='ocrx_word' id='word_1_134' title='bbox 834 1654 927 1711; x_wconf 88' lang='lat' dir='ltr'><strong><em>esset.</em></strong></span> <span class='ocrx_word' id='word_1_135' title='bbox 971 1645 1105 1710; x_wconf 87' lang='lat' dir='ltr'><strong><em>Censuit</em></strong></span> <span class='ocrx_word' id='word_1_136' title='bbox 1117 1655 1224 1712; x_wconf 86' lang='lat' dir='ltr'><strong><em>autem</em></strong></span> 
     </span>
    </p>

    <p class='ocr_par' dir='ltr' id='par_1_16' title="bbox 137 1731 1224 1816">
     <span class='ocr_line' id='line_1_17' title="bbox 137 1731 1224 1816; baseline 0.001 -22"><span class='ocrx_word' id='word_1_137' title='bbox 137 1739 275 1810; x_wconf 81' lang='lat' dir='ltr'><strong><em>senabu,</em></strong></span> <span class='ocrx_word' id='word_1_138' title='bbox 288 1731 404 1816; x_wconf 79' lang='lat' dir='ltr'><strong><em>gratias</em></strong></span> <span class='ocrx_word' id='word_1_139' title='bbox 418 1731 540 1796; x_wconf 88' lang='lat' dir='ltr'><strong><em>consuli</em></strong></span> <span class='ocrx_word' id='word_1_140' title='bbox 555 1731 703 1816; x_wconf 83' lang='lat' dir='ltr'><strong><em>agendas,</em></strong></span> <span class='ocrx_word' id='word_1_141' title='bbox 718 1731 804 1816; x_wconf 93' lang='lat' dir='ltr'><strong><em>quod</em></strong></span> <span class='ocrx_word' id='word_1_142' title='bbox 818 1751 887 1794; x_wconf 89' lang='lat' dir='ltr'><strong><em>eam</em></strong></span> <span class='ocrx_word' id='word_1_143' title='bbox 901 1751 968 1794; x_wconf 90' lang='lat' dir='ltr'><strong><em>rem</em></strong></span> <span class='ocrx_word' id='word_1_144' title='bbox 983 1739 1016 1794; x_wconf 89' lang='lat' dir='ltr'><strong><em>et</em></strong></span> <span class='ocrx_word' id='word_1_145' title='bbox 1029 1751 1102 1794; x_wconf 89' lang='lat' dir='ltr'><strong><em>cum</em></strong></span> <span class='ocrx_word' id='word_1_146' title='bbox 1115 1731 1224 1816; x_wconf 83' lang='lat' dir='ltr'><strong><em>singu-</em></strong></span> 
     </span>
    </p>

    <p class='ocr_par' dir='ltr' id='par_1_17' title="bbox 134 1815 1381 1900">
     <span class='ocr_line' id='line_1_18' title="bbox 134 1815 1381 1900; baseline 0.002 -22"><span class='ocrx_word' id='word_1_147' title='bbox 134 1815 192 1878; x_wconf 84' lang='lat' dir='ltr'><strong><em>lari</em></strong></span> <span class='ocrx_word' id='word_1_148' title='bbox 217 1837 302 1894; x_wconf 85' lang='lat' dir='ltr'><strong><em>eura,</em></strong></span> <span class='ocrx_word' id='word_1_149' title='bbox 323 1824 355 1880; x_wconf 92' lang='lat' dir='ltr'><strong><em>et</em></strong></span> <span class='ocrx_word' id='word_1_150' title='bbox 379 1816 446 1880; x_wconf 91' lang='lat' dir='ltr'><strong><em>sine</em></strong></span> <span class='ocrx_word' id='word_1_151' title='bbox 469 1815 535 1880; x_wconf 89' lang='lat' dir='ltr'><strong><em>ullo</em></strong></span> <span class='ocrx_word' id='word_1_152' title='bbox 560 1816 703 1880; x_wconf 89' lang='lat' dir='ltr'><strong><em>tumultu</em></strong></span> <span class='ocrx_word' id='word_1_153' title='bbox 731 1816 960 1900; x_wconf 78' lang='lat' dir='ltr'><strong><em>investigasset.</em></strong></span> <span class='ocrx_word' id='word_1_154' title='bbox 1004 1815 1223 1882; x_wconf 69' lang='lat' dir='ltr'><strong><em>Quaestionem</em></strong></span> <span class='ocrx_word' id='word_1_155' title='bbox 1237 1821 1381 1900; x_wconf 54' lang='lat' dir='ltr'><strong><em>annuere</em></strong></span> 
     </span>
    </p>

    <p class='ocr_par' dir='ltr' id='par_1_18' title="bbox 134 1885 1387 1996">
     <span class='ocr_line' id='line_1_19' title="bbox 134 1885 1387 1996; baseline 0 -32"><span class='ocrx_word' id='word_1_156' title='bbox 134 1900 248 1964; x_wconf 86' lang='lat' dir='ltr'><strong><em>deinde</em></strong></span> <span class='ocrx_word' id='word_1_157' title='bbox 272 1900 312 1964; x_wconf 90' lang='lat' dir='ltr'><strong><em>de</em></strong></span> <span class='ocrx_word' id='word_1_158' title='bbox 333 1899 583 1964; x_wconf 78' lang='lat' dir='ltr'><strong><em>Bacchanalibus</em></strong></span> <span class='ocrx_word' id='word_1_159' title='bbox 604 1899 762 1984; x_wconf 80' lang='lat' dir='ltr'><strong><em>sacrisque</em></strong></span> <span class='ocrx_word' id='word_1_160' title='bbox 780 1900 945 1964; x_wconf 86' lang='lat' dir='ltr'><strong><em>nocturnis</em></strong></span> <span class='ocrx_word' id='word_1_161' title='bbox 968 1909 1057 1964; x_wconf 84' lang='lat' dir='ltr'><strong><em>extra</em></strong></span> <span class='ocrx_word' id='word_1_162' title='bbox 1080 1901 1222 1966; x_wconf 87' lang='lat' dir='ltr'><strong><em>ordinem</em></strong></span> <span class='ocrx_word' id='word_1_163' title='bbox 1235 1885 1387 1996; x_wconf 56' lang='lat' dir='ltr'><strong>fflfffl&#39;h·</strong></span> 
     </span>
    </p>

    <p class='ocr_par' dir='ltr' id='par_1_19' title="bbox 134 1981 1367 2064">
     <span class='ocr_line' id='line_1_20' title="bbox 134 1981 1367 2064; baseline 0.002 -16"><span class='ocrx_word' id='word_1_164' title='bbox 134 1985 318 2050; x_wconf 90' lang='lat' dir='ltr'><strong><em>consulibus</em></strong></span> <span class='ocrx_word' id='word_1_165' title='bbox 332 1985 502 2050; x_wconf 85' lang='lat' dir='ltr'><strong><em>mandant:</em></strong></span> <span class='ocrx_word' id='word_1_166' title='bbox 519 1985 686 2063; x_wconf 88' lang='lat' dir='ltr'><strong><em>indicibus,</em></strong></span> <span class='ocrx_word' id='word_1_167' title='bbox 702 1985 835 2049; x_wconf 86' lang='lat' dir='ltr'><strong><em>AEbutio</em></strong></span> <span class='ocrx_word' id='word_1_168' title='bbox 851 2005 887 2048; x_wconf 82' lang='lat' dir='ltr'><strong><em>ac</em></strong></span> <span class='ocrx_word' id='word_1_169' title='bbox 901 1985 1053 2064; x_wconf 77' lang='lat' dir='ltr'><strong><em>Feceniae,</em></strong></span> <span class='ocrx_word' id='word_1_170' title='bbox 1065 2007 1105 2048; x_wconf 89' lang='lat' dir='ltr'><strong><em>ne</em></strong></span> <span class='ocrx_word' id='word_1_171' title='bbox 1120 1985 1222 2050; x_wconf 77' lang='lat' dir='ltr'><strong><em>baudi</em></strong></span> <span class='ocrx_word' id='word_1_172' title='bbox 1235 1981 1367 2061; x_wconf 63' lang='lat' dir='ltr'><strong><em>mutatui.</em></strong></span> 
     </span>
    </p>

    <p class='ocr_par' dir='ltr' id='par_1_20' title="bbox 134 2069 1222 2154">
     <span class='ocr_line' id='line_1_21' title="bbox 134 2069 1222 2154; baseline 0.002 -22"><span class='ocrx_word' id='word_1_173' title='bbox 134 2089 172 2132; x_wconf 86' lang='lat' dir='ltr'><strong><em>ea</em></strong></span> <span class='ocrx_word' id='word_1_174' title='bbox 185 2091 236 2132; x_wconf 87' lang='lat' dir='ltr'><strong><em>res</em></strong></span> <span class='ocrx_word' id='word_1_175' title='bbox 251 2069 303 2146; x_wconf 89' lang='lat' dir='ltr'><strong><em>sit,</em></strong></span> <span class='ocrx_word' id='word_1_176' title='bbox 324 2091 442 2148; x_wconf 87' lang='lat' dir='ltr'><strong><em>curare,</em></strong></span> <span class='ocrx_word' id='word_1_177' title='bbox 463 2070 485 2104; x_wconf 79' lang='lat'><strong><em>⁸⁵</em></strong></span> <span class='ocrx_word' id='word_1_178' title='bbox 496 2078 529 2132; x_wconf 88' lang='lat' dir='ltr'><strong><em>et</em></strong></span> <span class='ocrx_word' id='word_1_179' title='bbox 542 2070 620 2134; x_wconf 85' lang='lat' dir='ltr'><strong><em>alios</em></strong></span> <span class='ocrx_word' id='word_1_180' title='bbox 635 2069 754 2134; x_wconf 87' lang='lat' dir='ltr'><strong><em>indices</em></strong></span> <span class='ocrx_word' id='word_1_181' title='bbox 769 2069 909 2154; x_wconf 85' lang='lat' dir='ltr'><strong><em>praemiis</em></strong></span> <span class='ocrx_word' id='word_1_182' title='bbox 924 2070 938 2108; x_wconf 66' lang='lat'><strong><em>¹³</em></strong></span> <span class='ocrx_word' id='word_1_183' title='bbox 955 2069 1086 2132; x_wconf 84' lang='lat' dir='ltr'><strong><em>invitare</em></strong></span> <span class='ocrx_word' id='word_1_184' title='bbox 1096 2070 1222 2154; x_wconf 88' lang='lat' dir='ltr'><strong><em>jubent.</em></strong></span> 
     </span>
    </p>

    <p class='ocr_par' dir='ltr' id='par_1_21' title="bbox 136 2153 1223 2232">
     <span class='ocr_line' id='line_1_22' title="bbox 136 2153 1223 2232; baseline 0.004 -16"><span class='ocrx_word' id='word_1_185' title='bbox 136 2153 315 2217; x_wconf 80' lang='lat' dir='ltr'><strong><em>sacerdotes</em></strong></span> <span class='ocrx_word' id='word_1_186' title='bbox 338 2175 445 2218; x_wconf 88' lang='lat' dir='ltr'><strong><em>eorum</em></strong></span> <span class='ocrx_word' id='word_1_187' title='bbox 468 2175 639 2232; x_wconf 86' lang='lat' dir='ltr'><strong><em>sacrorum,</em></strong></span> <span class='ocrx_word' id='word_1_188' title='bbox 660 2175 717 2217; x_wconf 87' lang='lat' dir='ltr'><strong><em>seu</em></strong></span> <span class='ocrx_word' id='word_1_189' title='bbox 729 2153 789 2218; x_wconf 89' lang='lat' dir='ltr'><strong><em>viri</em></strong></span> <span class='ocrx_word' id='word_1_190' title='bbox 806 2175 863 2216; x_wconf 87' lang='lat' dir='ltr'><strong><em>seu</em></strong></span> <span class='ocrx_word' id='word_1_191' title='bbox 877 2153 1005 2216; x_wconf 83' lang='lat' dir='ltr'><strong><em>semime</em></strong></span> <span class='ocrx_word' id='word_1_192' title='bbox 1019 2163 1135 2231; x_wconf 90' lang='lat' dir='ltr'><strong><em>essent,</em></strong></span> <span class='ocrx_word' id='word_1_193' title='bbox 1157 2177 1223 2220; x_wconf 90' lang='lat' dir='ltr'><strong><em>non</em></strong></span> 
     </span>
    </p>

    <p class='ocr_par' dir='ltr' id='par_1_22' title="bbox 136 2237 1224 2323">
     <span class='ocr_line' id='line_1_23' title="bbox 136 2237 1224 2323; baseline 0.002 -23"><span class='ocrx_word' id='word_1_194' title='bbox 136 2237 251 2300; x_wconf 82' lang='lat' dir='ltr'><strong><em>Romae</em></strong></span> <span class='ocrx_word' id='word_1_195' title='bbox 265 2237 370 2316; x_wconf 91' lang='lat' dir='ltr'><strong><em>modo,</em></strong></span> <span class='ocrx_word' id='word_1_196' title='bbox 382 2239 436 2302; x_wconf 89' lang='lat' dir='ltr'><strong><em>sed</em></strong></span> <span class='ocrx_word' id='word_1_197' title='bbox 449 2261 506 2323; x_wconf 87' lang='lat' dir='ltr'><strong><em>per</em></strong></span> <span class='ocrx_word' id='word_1_198' title='bbox 520 2240 627 2303; x_wconf 90' lang='lat' dir='ltr'><strong><em>omnia</em></strong></span> <span class='ocrx_word' id='word_1_199' title='bbox 640 2239 708 2301; x_wconf 87' lang='lat' dir='ltr'><strong><em>sora</em></strong></span> <span class='ocrx_word' id='word_1_200' title='bbox 727 2247 760 2301; x_wconf 91' lang='lat' dir='ltr'><strong><em>et</em></strong></span> <span class='ocrx_word' id='word_1_201' title='bbox 783 2237 990 2300; x_wconf 88' lang='lat' dir='ltr'><strong><em>conciliabula</em></strong></span> <span class='ocrx_word' id='word_1_202' title='bbox 1010 2237 1164 2320; x_wconf 87' lang='lat' dir='ltr'><strong><em>conquiri,</em></strong></span> <span class='ocrx_word' id='word_1_203' title='bbox 1185 2247 1224 2302; x_wconf 91' lang='lat' dir='ltr'><strong><em>ut</em></strong></span> 
     </span>
    </p>

    <p class='ocr_par' dir='ltr' id='par_1_23' title="bbox 134 2320 1222 2407">
     <span class='ocr_line' id='line_1_24' title="bbox 134 2320 1222 2407; baseline -0.001 -23"><span class='ocrx_word' id='word_1_204' title='bbox 134 2320 168 2384; x_wconf 92' lang='lat' dir='ltr'><strong><em>in</em></strong></span> <span class='ocrx_word' id='word_1_205' title='bbox 194 2321 363 2385; x_wconf 89' lang='lat' dir='ltr'><strong><em>consulum</em></strong></span> <span class='ocrx_word' id='word_1_206' title='bbox 386 2331 540 2407; x_wconf 75' lang='lat' dir='ltr'><strong><em>potestate</em></strong></span> <span class='ocrx_word' id='word_1_207' title='bbox 558 2331 674 2387; x_wconf 89' lang='lat' dir='ltr'><strong><em>essent.</em></strong></span> <span class='ocrx_word' id='word_1_208' title='bbox 703 2322 784 2385; x_wconf 89' lang='lat' dir='ltr'><strong><em>edici</em></strong></span> <span class='ocrx_word' id='word_1_209' title='bbox 804 2329 956 2406; x_wconf 84' lang='lat' dir='ltr'><strong><em>praeterea</em></strong></span> <span class='ocrx_word' id='word_1_210' title='bbox 968 2321 1003 2384; x_wconf 90' lang='lat' dir='ltr'><strong><em>in</em></strong></span> <span class='ocrx_word' id='word_1_211' title='bbox 1017 2321 1095 2384; x_wconf 89' lang='lat' dir='ltr'><strong><em>urbe</em></strong></span> <span class='ocrx_word' id='word_1_212' title='bbox 1112 2322 1222 2400; x_wconf 84' lang='lat' dir='ltr'><strong><em>Roma,</em></strong></span> 
     </span>
    </p>

    <p class='ocr_par' dir='ltr' id='par_1_24' title="bbox 134 2407 1223 2490">
     <span class='ocr_line' id='line_1_25' title="bbox 134 2407 1223 2490; baseline 0 -20"><span class='ocrx_word' id='word_1_213' title='bbox 134 2413 167 2470; x_wconf 90' lang='lat' dir='ltr'><strong><em>et</em></strong></span> <span class='ocrx_word' id='word_1_214' title='bbox 180 2415 345 2490; x_wconf 86' lang='lat' dir='ltr'><strong><em>pertotam</em></strong></span> <span class='ocrx_word' id='word_1_215' title='bbox 357 2407 479 2472; x_wconf 89' lang='lat' dir='ltr'><strong><em>Italiam</em></strong></span> <span class='ocrx_word' id='word_1_216' title='bbox 489 2409 592 2472; x_wconf 88' lang='lat' dir='ltr'><strong><em>edicta</em></strong></span> <span class='ocrx_word' id='word_1_217' title='bbox 605 2407 701 2485; x_wconf 89' lang='lat' dir='ltr'><strong><em>mitti,</em></strong></span> <span class='ocrx_word' id='word_1_218' title='bbox 715 2408 765 2470; x_wconf 87' lang='lat' dir='ltr'><strong><em>Ne</em></strong></span> <span class='ocrx_word' id='word_1_219' title='bbox 778 2409 855 2488; x_wconf 84' lang='lat' dir='ltr'><strong><em>quic,</em></strong></span> <span class='ocrx_word' id='word_1_220' title='bbox 871 2407 923 2488; x_wconf 82' lang='lat' dir='ltr'><strong><em>qui</em></strong></span> <span class='ocrx_word' id='word_1_221' title='bbox 936 2407 1069 2470; x_wconf 76' lang='lat' dir='ltr'><strong><em>Bacchis</em></strong></span> <span class='ocrx_word' id='word_1_222' title='bbox 1082 2407 1223 2470; x_wconf 80' lang='lat' dir='ltr'><strong><em>initiatus</em></strong></span> 
     </span>
    </p>

    <p class='ocr_par' dir='ltr' id='par_1_25' title="bbox 134 2491 1223 2572">
     <span class='ocr_line' id='line_1_26' title="bbox 134 2491 1223 2572; baseline 0.002 -18"><span class='ocrx_word' id='word_1_223' title='bbox 134 2497 223 2567; x_wconf 68' lang='lat' dir='ltr'><strong><em>aar,</em></strong></span> <span class='ocrx_word' id='word_1_224' title='bbox 237 2495 330 2555; x_wconf 71' lang='lat' dir='ltr'><strong><em>roim</em></strong></span> <span class='ocrx_word' id='word_1_225' title='bbox 343 2499 397 2556; x_wconf 76' lang='lat' dir='ltr'><strong><em>arr</em></strong></span> <span class='ocrx_word' id='word_1_226' title='bbox 411 2495 581 2558; x_wconf 79' lang='lat' dir='ltr'><strong><em>corwenieae</em></strong></span> <span class='ocrx_word' id='word_1_227' title='bbox 596 2513 705 2556; x_wconf 79' lang='lat' dir='ltr'><strong><em>causeo</em></strong></span> <span class='ocrx_word' id='word_1_228' title='bbox 718 2512 875 2556; x_wconf 74' lang='lat' dir='ltr'><strong><em>sucronem</em></strong></span> <span class='ocrx_word' id='word_1_229' title='bbox 889 2493 971 2568; x_wconf 86' lang='lat' dir='ltr'><strong><em>velit,</em></strong></span> <span class='ocrx_word' id='word_1_230' title='bbox 994 2511 1051 2554; x_wconf 81' lang='lat' dir='ltr'><strong><em>neu</em></strong></span> <span class='ocrx_word' id='word_1_231' title='bbox 1065 2491 1223 2572; x_wconf 69' lang='lat' dir='ltr'><strong><em>quiritatio</em></strong></span> 
     </span>
    </p>

    <p class='ocr_par' dir='ltr' id='par_1_26' title="bbox 135 2575 1222 2661">
     <span class='ocr_line' id='line_1_27' title="bbox 135 2575 1222 2661; baseline 0.002 -25"><span class='ocrx_word' id='word_1_232' title='bbox 135 2577 184 2638; x_wconf 86' lang='lat' dir='ltr'><strong><em>rei</em></strong></span> <span class='ocrx_word' id='word_1_233' title='bbox 198 2575 431 2656; x_wconf 79' lang='lat' dir='ltr'><strong><em>dioirraeseciere.</em></strong></span> <span class='ocrx_word' id='word_1_234' title='bbox 468 2580 491 2612; x_wconf 82' lang='lat'><strong><em>¹⁰</em></strong></span> <span class='ocrx_word' id='word_1_235' title='bbox 501 2585 575 2642; x_wconf 87' lang='lat' dir='ltr'><strong><em>ante</em></strong></span> <span class='ocrx_word' id='word_1_236' title='bbox 587 2577 703 2655; x_wconf 84' lang='lat' dir='ltr'><strong><em>omnia,</em></strong></span> <span class='ocrx_word' id='word_1_237' title='bbox 718 2585 756 2640; x_wconf 92' lang='lat' dir='ltr'><strong><em>ut</em></strong></span> <span class='ocrx_word' id='word_1_238' title='bbox 770 2575 904 2661; x_wconf 84' lang='lat' dir='ltr'><strong><em>quaestio</em></strong></span> <span class='ocrx_word' id='word_1_239' title='bbox 924 2577 963 2640; x_wconf 88' lang='lat' dir='ltr'><strong><em>da</em></strong></span> <span class='ocrx_word' id='word_1_240' title='bbox 986 2575 1036 2640; x_wconf 90' lang='lat' dir='ltr'><strong><em>his</em></strong></span> <span class='ocrx_word' id='word_1_241' title='bbox 1059 2575 1222 2654; x_wconf 85' lang='lat' dir='ltr'><strong><em>habeatur,</em></strong></span> 
     </span>
    </p>

    <p class='ocr_par' dir='ltr' id='par_1_27' title="bbox 136 2659 1223 2746">
     <span class='ocr_line' id='line_1_28' title="bbox 136 2659 1223 2746; baseline 0.002 -25"><span class='ocrx_word' id='word_1_242' title='bbox 136 2659 192 2742; x_wconf 90' lang='lat' dir='ltr'><strong><em>qui</em></strong></span> <span class='ocrx_word' id='word_1_243' title='bbox 207 2660 345 2740; x_wconf 82' lang='lat' dir='ltr'><strong><em>coierint,</em></strong></span> <span class='ocrx_word' id='word_1_244' title='bbox 360 2661 629 2746; x_wconf 87' lang='lat' dir='ltr'><strong><em>conjuraverintve</em></strong></span> <span class='ocrx_word' id='word_1_245' title='bbox 641 2661 659 2740; x_wconf 90' lang='lat'><strong><em>¹,</em></strong></span> <span class='ocrx_word' id='word_1_246' title='bbox 681 2683 744 2746; x_wconf 91' lang='lat' dir='ltr'><strong><em>quo</em></strong></span> <span class='ocrx_word' id='word_1_247' title='bbox 759 2671 812 2724; x_wconf 91' lang='lat' dir='ltr'><strong><em>stu</em></strong></span> <span class='ocrx_word' id='word_1_248' title='bbox 835 2683 907 2724; x_wconf 92' lang='lat' dir='ltr'><strong><em>rum</em></strong></span> <span class='ocrx_word' id='word_1_249' title='bbox 921 2661 1114 2744; x_wconf 73' lang='lat' dir='ltr'><strong><em>flagitiumve</em></strong></span> <span class='ocrx_word' id='word_1_250' title='bbox 1128 2660 1223 2724; x_wconf 87' lang='lat' dir='ltr'><strong><em>inser-</em></strong></span> 
     </span>
    </p>

    <p class='ocr_par' dir='ltr' id='par_1_28' title="bbox 134 2745 1222 2811">
     <span class='ocr_line' id='line_1_29' title="bbox 134 2745 1222 2811; baseline 0.002 -5"><span class='ocrx_word' id='word_1_251' title='bbox 134 2751 231 2808; x_wconf 91' lang='lat' dir='ltr'><strong><em>retur.</em></strong></span> <span class='ocrx_word' id='word_1_252' title='bbox 276 2745 355 2810; x_wconf 88' lang='lat' dir='ltr'><strong><em>Haec</em></strong></span> <span class='ocrx_word' id='word_1_253' title='bbox 370 2754 500 2810; x_wconf 88' lang='lat' dir='ltr'><strong><em>senatus</em></strong></span> <span class='ocrx_word' id='word_1_254' title='bbox 519 2746 665 2811; x_wconf 88' lang='lat' dir='ltr'><strong><em>decrevit.</em></strong></span> <span class='ocrx_word' id='word_1_255' title='bbox 709 2745 796 2810; x_wconf 86' lang='lat' dir='ltr'><strong><em>Cous</em></strong></span> <span class='ocrx_word' id='word_1_256' title='bbox 831 2768 865 2810; x_wconf 89' lang='lat' dir='ltr'><strong><em>es</em></strong></span> <span class='ocrx_word' id='word_1_257' title='bbox 888 2746 1034 2810; x_wconf 72' lang='lat' dir='ltr'><strong><em>sedilibus</em></strong></span> <span class='ocrx_word' id='word_1_258' title='bbox 1057 2745 1222 2809; x_wconf 83' lang='lat' dir='ltr'><strong><em>curulibus</em></strong></span> 
     </span>
    </p>

    <p class='ocr_par' dir='ltr' id='par_1_29' title="bbox 133 2827 1222 2915">
     <span class='ocr_line' id='line_1_30' title="bbox 133 2827 1222 2915; baseline 0 -23"><span class='ocrx_word' id='word_1_259' title='bbox 133 2827 339 2912; x_wconf 86' lang='lat' dir='ltr'><strong><em>imperarunt,</em></strong></span> <span class='ocrx_word' id='word_1_260' title='bbox 368 2845 406 2894; x_wconf 86' lang='lat' dir='ltr'><strong><em>ut</em></strong></span> <span class='ocrx_word' id='word_1_261' title='bbox 435 2831 611 2896; x_wconf 88' lang='lat' dir='ltr'><strong><em>sacerdotes</em></strong></span> <span class='ocrx_word' id='word_1_262' title='bbox 637 2830 706 2915; x_wconf 88' lang='lat' dir='ltr'><strong><em>ejus</em></strong></span> <span class='ocrx_word' id='word_1_263' title='bbox 734 2831 814 2894; x_wconf 87' lang='lat' dir='ltr'><strong><em>sacri</em></strong></span> <span class='ocrx_word' id='word_1_264' title='bbox 845 2851 955 2894; x_wconf 91' lang='lat' dir='ltr'><strong><em>omnes</em></strong></span> <span class='ocrx_word' id='word_1_265' title='bbox 990 2831 1222 2913; x_wconf 86' lang='lat' dir='ltr'><strong><em>conquirerent,</em></strong></span> 
     </span>
    </p>

    <p class='ocr_par' dir='ltr' id='par_1_30' title="bbox 133 2913 1222 2999">
     <span class='ocr_line' id='line_1_31' title="bbox 133 2913 1222 2999; baseline 0.003 -24"><span class='ocrx_word' id='word_1_266' title='bbox 133 2934 205 2976; x_wconf 90' lang='lat' dir='ltr'><strong><em>com</em></strong></span> <span class='ocrx_word' id='word_1_267' title='bbox 228 2913 440 2999; x_wconf 86' lang='lat' dir='ltr'><strong><em>rebensosque</em></strong></span> <span class='ocrx_word' id='word_1_268' title='bbox 463 2915 561 2980; x_wconf 90' lang='lat' dir='ltr'><strong><em>libero</em></strong></span> <span class='ocrx_word' id='word_1_269' title='bbox 585 2915 725 2980; x_wconf 86' lang='lat' dir='ltr'><strong><em>conclavi</em></strong></span> <span class='ocrx_word' id='word_1_270' title='bbox 747 2917 788 2979; x_wconf 86' lang='lat' dir='ltr'><strong><em>ad</em></strong></span> <span class='ocrx_word' id='word_1_271' title='bbox 812 2914 1021 2998; x_wconf 74' lang='lat' dir='ltr'><strong><em>quaestionem</em></strong></span> <span class='ocrx_word' id='word_1_272' title='bbox 1043 2922 1222 2992; x_wconf 82' lang='lat' dir='ltr'><strong><em>servarent3</em></strong></span> 
     </span>
    </p>

    <p class='ocr_par' dir='ltr' id='par_1_31' title="bbox 133 2995 1222 3096">
     <span class='ocr_line' id='line_1_32' title="bbox 133 2995 1222 3096; baseline 0 -36"><span class='ocrx_word' id='word_1_273' title='bbox 133 2995 192 3060; x_wconf 77' lang='lat' dir='ltr'><strong><em>&#39;&#39;ae</em></strong></span> <span class='ocrx_word' id='word_1_274' title='bbox 217 2997 223 3010; x_wconf 86' lang='grc'><em>“</em></span> <span class='ocrx_word' id='word_1_275' title='bbox 238 3019 271 3062; x_wconf 87' lang='lat' dir='ltr'><strong><em>es</em></strong></span> <span class='ocrx_word' id='word_1_276' title='bbox 284 2998 386 3082; x_wconf 88' lang='lat' dir='ltr'><strong><em>plebis</em></strong></span> <span class='ocrx_word' id='word_1_277' title='bbox 398 3000 514 3078; x_wconf 78' lang='lat' dir='ltr'><strong><em>videre,</em></strong></span> <span class='ocrx_word' id='word_1_278' title='bbox 527 3021 567 3064; x_wconf 91' lang='lat' dir='ltr'><strong><em>ne</em></strong></span> <span class='ocrx_word' id='word_1_279' title='bbox 582 3020 646 3085; x_wconf 92' lang='lat' dir='ltr'><strong><em>qua</em></strong></span> <span class='ocrx_word' id='word_1_280' title='bbox 657 2999 787 3064; x_wconf 86' lang='lat' dir='ltr'><strong><em>sacrain</em></strong></span> <span class='ocrx_word' id='word_1_281' title='bbox 801 3007 911 3096; x_wconf 91' lang='lat' dir='ltr'><strong><em>operto</em></strong></span> <span class='ocrx_word' id='word_1_282' title='bbox 922 2997 1044 3060; x_wconf 89' lang='lat' dir='ltr'><strong><em>fierent.</em></strong></span> <span class='ocrx_word' id='word_1_283' title='bbox 1067 2997 1088 3028; x_wconf 83' lang='lat'><strong><em>¹¹</em></strong></span> <span class='ocrx_word' id='word_1_284' title='bbox 1097 2997 1222 3060; x_wconf 84' lang='lat' dir='ltr'><strong><em>Trium-</em></strong></span> 
     </span>
    </p>

    <p class='ocr_par' dir='ltr' id='par_1_32' title="bbox 133 3081 1223 3168">
     <span class='ocr_line' id='line_1_33' title="bbox 133 3081 1223 3168; baseline 0 -24"><span class='ocrx_word' id='word_1_285' title='bbox 133 3081 210 3144; x_wconf 87' lang='lat' dir='ltr'><strong><em>viris</em></strong></span> <span class='ocrx_word' id='word_1_286' title='bbox 233 3083 421 3168; x_wconf 87' lang='lat' dir='ltr'><strong><em>capitalibus</em></strong></span> <span class='ocrx_word' id='word_1_287' title='bbox 444 3085 630 3148; x_wconf 84' lang='lat' dir='ltr'><strong><em>mandatum</em></strong></span> <span class='ocrx_word' id='word_1_288' title='bbox 656 3091 715 3162; x_wconf 91' lang='lat' dir='ltr'><strong><em>est,</em></strong></span> <span class='ocrx_word' id='word_1_289' title='bbox 737 3092 774 3147; x_wconf 92' lang='lat' dir='ltr'><strong><em>ut</em></strong></span> <span class='ocrx_word' id='word_1_290' title='bbox 797 3082 920 3168; x_wconf 79' lang='lat' dir='ltr'><strong><em>ugilius</em></strong></span> <span class='ocrx_word' id='word_1_291' title='bbox 944 3081 1147 3164; x_wconf 88' lang='lat' dir='ltr'><strong><em>disponerent</em></strong></span> <span class='ocrx_word' id='word_1_292' title='bbox 1166 3101 1223 3164; x_wconf 91' lang='lat' dir='ltr'><strong><em>per</em></strong></span> 
     </span>
    </p>

    <p class='ocr_par' dir='ltr' id='par_1_33' title="bbox 133 3165 1221 3254">
     <span class='ocr_line' id='line_1_34' title="bbox 133 3165 1221 3254; baseline -0.003 -24"><span class='ocrx_word' id='word_1_293' title='bbox 133 3165 257 3246; x_wconf 90' lang='lat' dir='ltr'><strong><em>urbem,</em></strong></span> <span class='ocrx_word' id='word_1_294' title='bbox 276 3175 509 3254; x_wconf 77' lang='lat' dir='ltr'><strong><em>servmemque,</em></strong></span> <span class='ocrx_word' id='word_1_295' title='bbox 530 3190 570 3233; x_wconf 91' lang='lat' dir='ltr'><strong><em>ne</em></strong></span> <span class='ocrx_word' id='word_1_296' title='bbox 594 3168 649 3253; x_wconf 92' lang='lat' dir='ltr'><strong><em>qui</em></strong></span> <span class='ocrx_word' id='word_1_297' title='bbox 672 3167 820 3232; x_wconf 87' lang='lat' dir='ltr'><strong><em>nocturni</em></strong></span> <span class='ocrx_word' id='word_1_298' title='bbox 842 3175 944 3232; x_wconf 87' lang='lat' dir='ltr'><strong><em>coetus</em></strong></span> <span class='ocrx_word' id='word_1_299' title='bbox 969 3165 1100 3244; x_wconf 84' lang='lat' dir='ltr'><strong><em>fierent3</em></strong></span> <span class='ocrx_word' id='word_1_300' title='bbox 1122 3173 1221 3249; x_wconf 91' lang='lat' dir='ltr'><strong><em>utque</em></strong></span> 
     </span>
    </p>
   </div>
   <div class='ocr_carea' id='block_1_3' title="bbox 164 3320 1224 3452">
    <p class='ocr_par' dir='ltr' id='par_1_34' title="bbox 164 3320 1224 3452">
     <span class='ocr_line' id='line_1_35' title="bbox 164 3320 1224 3386; baseline -0.003 -11"><span class='ocrx_word' id='word_1_301' title='bbox 164 3320 179 3362; x_wconf 55' lang='grc' dir='ltr'>ὓ</span> <span class='ocrx_word' id='word_1_302' title='bbox 191 3323 271 3386; x_wconf 61' lang='lat' dir='ltr'><strong><em>defui.</em></strong></span> <span class='ocrx_word' id='word_1_303' title='bbox 306 3327 412 3376; x_wconf 68' lang='lat' dir='ltr'><strong><em>Onitae</em></strong></span> <span class='ocrx_word' id='word_1_304' title='bbox 421 3329 493 3375; x_wconf 88' lang='lat' dir='ltr'><strong><em>Gron.</em></strong></span> <span class='ocrx_word' id='word_1_305' title='bbox 503 3327 571 3376; x_wconf 85' lang='lat' dir='ltr'><strong><em>Crer.</em></strong></span> <span class='ocrx_word' id='word_1_306' title='bbox 667 3321 674 3360; x_wconf 88' lang='lat'><strong>¹</strong></span> <span class='ocrx_word' id='word_1_307' title='bbox 696 3334 765 3382; x_wconf 80' lang='lat' dir='ltr'><strong><em>orent,</em></strong></span> <span class='ocrx_word' id='word_1_308' title='bbox 778 3327 859 3374; x_wconf 75' lang='lat' dir='ltr'><strong><em>Patres</em></strong></span> <span class='ocrx_word' id='word_1_309' title='bbox 872 3327 937 3373; x_wconf 72' lang='lat' dir='ltr'><strong><em>lind.</em></strong></span> <span class='ocrx_word' id='word_1_310' title='bbox 1013 3320 1061 3372; x_wconf 69' lang='lat' dir='ltr'><strong><em>ker</em></strong></span> <span class='ocrx_word' id='word_1_311' title='bbox 1072 3325 1128 3372; x_wconf 81' lang='lat' dir='ltr'><strong><em>aliae</em></strong></span> <span class='ocrx_word' id='word_1_312' title='bbox 1138 3325 1224 3372; x_wconf 79' lang='lat' dir='ltr'><strong><em>illicere</em></strong></span> 
     </span>
     <span class='ocr_line' id='line_1_36' title="bbox 302 3387 1143 3452; baseline -0.005 -14"><span class='ocrx_word' id='word_1_313' title='bbox 302 3406 330 3438; x_wconf 83' lang='lat' dir='ltr'><strong><em>or</em></strong></span> <span class='ocrx_word' id='word_1_314' title='bbox 337 3395 439 3452; x_wconf 64' lang='lat' dir='ltr'><strong><em>panus</em></strong></span> <span class='ocrx_word' id='word_1_315' title='bbox 451 3392 518 3438; x_wconf 69' lang='lat' dir='ltr'><strong><em>cres.</em></strong></span> <span class='ocrx_word' id='word_1_316' title='bbox 693 3393 788 3438; x_wconf 71' lang='lat' dir='ltr'><strong><em>miscent</em></strong></span> <span class='ocrx_word' id='word_1_317' title='bbox 799 3389 979 3452; x_wconf 65' lang='lat' dir='ltr'><strong><em>conjurarentur</em></strong></span> <span class='ocrx_word' id='word_1_318' title='bbox 990 3389 1063 3436; x_wconf 88' lang='lat' dir='ltr'><strong><em>Gron.</em></strong></span> <span class='ocrx_word' id='word_1_319' title='bbox 1076 3387 1143 3435; x_wconf 85' lang='lat' dir='ltr'><strong><em>Crer.</em></strong></span> 
     </span>
    </p>
   </div>
   <div class='ocr_carea' id='block_1_4' title="bbox 166 3525 1383 3639">
    <p class='ocr_par' dir='ltr' id='par_1_35' title="bbox 166 3525 1383 3639">
     <span class='ocr_line' id='line_1_37' title="bbox 166 3525 1383 3638; baseline -0.002 -64"><span class='ocrx_word' id='word_1_320' title='bbox 166 3527 200 3574; x_wconf 78' lang='lat' dir='ltr'><strong><em>rt</em></strong></span> <span class='ocrx_word' id='word_1_321' title='bbox 217 3527 274 3574; x_wconf 68' lang='lat' dir='ltr'><strong><em>Tm</em></strong></span> <span class='ocrx_word' id='word_1_322' title='bbox 294 3529 401 3587; x_wconf 71' lang='lat' dir='ltr'><strong><em>privatin</em></strong></span> <span class='ocrx_word' id='word_1_323' title='bbox 429 3543 519 3576; x_wconf 72' lang='lat' dir='ltr'><strong><em>remur</em></strong></span> <span class='ocrx_word' id='word_1_324' title='bbox 543 3531 636 3638; x_wconf 72' lang='lat' dir='ltr'><strong><em>patique</em></strong></span> <span class='ocrx_word' id='word_1_325' title='bbox 657 3525 739 3589; x_wconf 70' lang='lat' dir='ltr'><strong><em>ouen]</em></strong></span> <span class='ocrx_word' id='word_1_326' title='bbox 776 3529 975 3576; x_wconf 72' lang='lat' dir='ltr'><strong><em>rionirstruendoe</em></strong></span> <span class='ocrx_word' id='word_1_327' title='bbox 985 3527 1092 3582; x_wconf 79' lang='lat' dir='ltr'><strong><em>mutatio,</em></strong></span> <span class='ocrx_word' id='word_1_328' title='bbox 1107 3526 1170 3585; x_wconf 90' lang='lat' dir='ltr'><strong><em>quod</em></strong></span> <span class='ocrx_word' id='word_1_329' title='bbox 1187 3531 1383 3572; x_wconf 79' lang='lat' dir='ltr'><strong><em>cererreerrerm·</em></strong></span> 
     </span>
     <span class='ocr_line' id='line_1_38' title="bbox 552 3609 567 3639; baseline 0 0"><span class='ocrx_word' id='word_1_330' title='bbox 552 3609 567 3639; x_wconf 89' lang='lat' dir='ltr'><strong><em>n</em></strong></span> 
     </span>
    </p>
   </div>
   <div class='ocr_carea' id='block_1_5' title="bbox 131 3588 1383 4471">
    <p class='ocr_par' dir='ltr' id='par_1_36' title="bbox 131 3588 1383 4471">
     <span class='ocr_line' id='line_1_39' title="bbox 135 3588 1383 3652; baseline -0.002 -17"><span class='ocrx_word' id='word_1_331' title='bbox 135 3590 347 3650; x_wconf 81' lang='lat' dir='ltr'><strong><em>Supple,metrrere</em></strong></span> <span class='ocrx_word' id='word_1_332' title='bbox 359 3592 437 3650; x_wconf 86' lang='lat' dir='ltr'><strong><em>coepit.</em></strong></span> <span class='ocrx_word' id='word_1_333' title='bbox 456 3593 542 3652; x_wconf 76' lang='lat' dir='ltr'><strong><em>Alloqu</em></strong></span> <span class='ocrx_word' id='word_1_334' title='bbox 579 3594 670 3640; x_wconf 90' lang='lat' dir='ltr'><strong><em>nullum</em></strong></span> <span class='ocrx_word' id='word_1_335' title='bbox 682 3600 744 3639; x_wconf 76' lang='lat' dir='ltr'><strong><em>erret</em></strong></span> <span class='ocrx_word' id='word_1_336' title='bbox 775 3593 876 3640; x_wconf 79' lang='lat' dir='ltr'><strong><em>consulti</em></strong></span> <span class='ocrx_word' id='word_1_337' title='bbox 888 3593 1018 3652; x_wconf 76' lang='lat' dir='ltr'><strong><em>rapitaper</em></strong></span> <span class='ocrx_word' id='word_1_338' title='bbox 1032 3591 1122 3648; x_wconf 68' lang='lat' dir='ltr'><strong><em>iqfiaita</em></strong></span> <span class='ocrx_word' id='word_1_339' title='bbox 1137 3588 1383 3648; x_wconf 75' lang='lat' dir='ltr'><strong><em>efferuntur,lrocper</em></strong></span> 
     </span>
     <span class='ocr_line' id='line_1_40' title="bbox 134 3652 1382 3718; baseline 0.005 -22"><span class='ocrx_word' id='word_1_340' title='bbox 134 3653 282 3708; x_wconf 56' lang='lat' dir='ltr'><strong><em>vertumni</em></strong></span> <span class='ocrx_word' id='word_1_341' title='bbox 301 3655 365 3714; x_wconf 86' lang='lat' dir='ltr'><strong><em>qaod</em></strong></span> <span class='ocrx_word' id='word_1_342' title='bbox 382 3655 507 3702; x_wconf 76' lang='lat' dir='ltr'><strong><em>referretur</em></strong></span> <span class='ocrx_word' id='word_1_343' title='bbox 524 3655 667 3718; x_wconf 66' lang='lat' dir='ltr'><strong><em>requieque.</em></strong></span> <span class='ocrx_word' id='word_1_344' title='bbox 700 3655 744 3702; x_wconf 92' lang='lat' dir='ltr'><strong><em>Vel</em></strong></span> <span class='ocrx_word' id='word_1_345' title='bbox 776 3657 914 3716; x_wconf 80' lang='lat' dir='ltr'><strong><em>particulam</em></strong></span> <span class='ocrx_word' id='word_1_346' title='bbox 939 3661 971 3700; x_wconf 87' lang='lat' dir='ltr'><strong><em>rrt.</em></strong></span> <span class='ocrx_word' id='word_1_347' title='bbox 1012 3653 1077 3700; x_wconf 84' lang='lat' dir='ltr'><strong><em>Nihil</em></strong></span> <span class='ocrx_word' id='word_1_348' title='bbox 1101 3653 1164 3699; x_wconf 82' lang='lat' dir='ltr'><strong><em>enim</em></strong></span> <span class='ocrx_word' id='word_1_349' title='bbox 1191 3652 1294 3700; x_wconf 75' lang='lat' dir='ltr'><strong><em>crebrius</em></strong></span> <span class='ocrx_word' id='word_1_350' title='bbox 1318 3653 1382 3712; x_wconf 77' lang='lat' dir='ltr'><strong><em>apud</em></strong></span> 
     </span>
     <span class='ocr_line' id='line_1_41' title="bbox 135 3716 1382 3779; baseline 0 -17"><span class='ocrx_word' id='word_1_351' title='bbox 135 3717 189 3777; x_wconf 67' lang='lat' dir='ltr'><strong><em>Iege</em></strong></span> <span class='ocrx_word' id='word_1_352' title='bbox 200 3731 315 3779; x_wconf 74' lang='lat' dir='ltr'><strong><em>que-qu,</em></strong></span> <span class='ocrx_word' id='word_1_353' title='bbox 329 3719 744 3779; x_wconf 70' lang='lat' dir='ltr'><strong><em>neregetunbeoquodprncesrlt,</em></strong></span> <span class='ocrx_word' id='word_1_354' title='bbox 778 3719 878 3766; x_wconf 69' lang='lat' dir='ltr'><strong><em>Liuium.</em></strong></span> <span class='ocrx_word' id='word_1_355' title='bbox 913 3718 951 3764; x_wconf 79' lang='lat' dir='ltr'><strong><em>sre</em></strong></span> <span class='ocrx_word' id='word_1_356' title='bbox 968 3719 984 3763; x_wconf 90' lang='lat' dir='ltr'><strong><em>l.</em></strong></span> <span class='ocrx_word' id='word_1_357' title='bbox 997 3716 1093 3764; x_wconf 85' lang='lat' dir='ltr'>XXXV.</span> <span class='ocrx_word' id='word_1_358' title='bbox 1110 3731 1129 3762; x_wconf 87' lang='lat' dir='ltr'><strong><em>c.</em></strong></span> <span class='ocrx_word' id='word_1_359' title='bbox 1149 3717 1172 3771; x_wconf 80' lang='lat' dir='ltr'><strong><em>s,</em></strong></span> <span class='ocrx_word' id='word_1_360' title='bbox 1190 3717 1286 3776; x_wconf 75' lang='lat' dir='ltr'><strong><em>Equites</em></strong></span> <span class='ocrx_word' id='word_1_361' title='bbox 1305 3731 1382 3762; x_wconf 75' lang='lat' dir='ltr'><strong><em>emur</em></strong></span> 
     </span>
     <span class='ocr_line' id='line_1_42' title="bbox 132 3777 1381 3840; baseline -0.004 -10"><span class='ocrx_word' id='word_1_362' title='bbox 132 3783 337 3840; x_wconf 61' lang='lat' dir='ltr'><strong><em>permeepit·</em></strong></span> <span class='ocrx_word' id='word_1_363' title='bbox 775 3783 937 3830; x_wconf 69' lang='lat' dir='ltr'><strong><em>retroactam.</em></strong></span> <span class='ocrx_word' id='word_1_364' title='bbox 951 3813 958 3826; x_wconf 98' lang='lat'>.</span> <span class='ocrx_word' id='word_1_365' title='bbox 973 3781 1090 3828; x_wconf 59' lang='lat' dir='ltr'><strong><em>Artium</em></strong></span> <span class='ocrx_word' id='word_1_366' title='bbox 1100 3777 1381 3838; x_wconf 68' lang='lat' dir='ltr'><strong><em>militanedrrcerejrueit.</em></strong></span> 
     </span>
     <span class='ocr_line' id='line_1_43' title="bbox 165 3841 1381 3908; baseline 0 -18"><span class='ocrx_word' id='word_1_367' title='bbox 165 3845 199 3890; x_wconf 73' lang='lat' dir='ltr'><strong><em>td</em></strong></span> <span class='ocrx_word' id='word_1_368' title='bbox 215 3845 248 3891; x_wconf 77' lang='lat' dir='ltr'><strong><em>Et</em></strong></span> <span class='ocrx_word' id='word_1_369' title='bbox 258 3847 315 3892; x_wconf 82' lang='lat' dir='ltr'><strong><em>attor</em></strong></span> <span class='ocrx_word' id='word_1_370' title='bbox 330 3847 417 3894; x_wconf 81' lang='lat' dir='ltr'><strong><em>illicere</em></strong></span> <span class='ocrx_word' id='word_1_371' title='bbox 427 3861 455 3894; x_wconf 83' lang='lat' dir='ltr'><strong><em>oc</em></strong></span> <span class='ocrx_word' id='word_1_372' title='bbox 465 3849 567 3908; x_wconf 61' lang='lat' dir='ltr'><strong><em>pentir</em></strong></span> <span class='ocrx_word' id='word_1_373' title='bbox 577 3843 686 3906; x_wconf 71' lang='lat' dir='ltr'><strong><em>ianime]</em></strong></span> <span class='ocrx_word' id='word_1_374' title='bbox 705 3845 743 3892; x_wconf 85' lang='lat' dir='ltr'><strong><em>Sic</em></strong></span> <span class='ocrx_word' id='word_1_375' title='bbox 775 3847 833 3892; x_wconf 84' lang='lat' dir='ltr'><strong><em>Irrdr</em></strong></span> <span class='ocrx_word' id='word_1_376' title='bbox 913 3847 1018 3904; x_wconf 70' lang='lat' dir='ltr'><strong><em>impetun</em></strong></span> <span class='ocrx_word' id='word_1_377' title='bbox 1037 3859 1065 3890; x_wconf 78' lang='lat' dir='ltr'><strong><em>ea</em></strong></span> <span class='ocrx_word' id='word_1_378' title='bbox 1082 3849 1160 3904; x_wconf 80' lang='lat' dir='ltr'><strong><em>aperto</em></strong></span> <span class='ocrx_word' id='word_1_379' title='bbox 1171 3841 1283 3904; x_wconf 76' lang='lat' dir='ltr'><strong><em>jacerent.</em></strong></span> <span class='ocrx_word' id='word_1_380' title='bbox 1304 3841 1331 3888; x_wconf 71' lang='lat' dir='ltr'><strong><em>l..</em></strong></span> <span class='ocrx_word' id='word_1_381' title='bbox 1351 3841 1381 3890; x_wconf 85' lang='lat' dir='ltr'><strong><em>X.</em></strong></span> 
     </span>
     <span class='ocr_line' id='line_1_44' title="bbox 134 3905 1381 3970; baseline 0 -18"><span class='ocrx_word' id='word_1_382' title='bbox 134 3905 221 3954; x_wconf 65' lang='lat' dir='ltr'><strong><em>halare</em></strong></span> <span class='ocrx_word' id='word_1_383' title='bbox 234 3907 300 3954; x_wconf 76' lang='lat' dir='ltr'><strong><em>tiss.</em></strong></span> <span class='ocrx_word' id='word_1_384' title='bbox 314 3923 368 3956; x_wconf 81' lang='lat' dir='ltr'><strong><em>eaor</em></strong></span> <span class='ocrx_word' id='word_1_385' title='bbox 379 3917 403 3956; x_wconf 88' lang='lat' dir='ltr'><strong><em>et</em></strong></span> <span class='ocrx_word' id='word_1_386' title='bbox 414 3919 469 3956; x_wconf 82' lang='lat' dir='ltr'><strong><em>vett.</em></strong></span> <span class='ocrx_word' id='word_1_387' title='bbox 481 3910 556 3957; x_wconf 76' lang='lat' dir='ltr'><strong><em>editoe</em></strong></span> <span class='ocrx_word' id='word_1_388' title='bbox 569 3917 668 3956; x_wconf 69' lang='lat' dir='ltr'><strong><em>uelatur</em></strong></span> <span class='ocrx_word' id='word_1_389' title='bbox 680 3909 741 3956; x_wconf 83' lang='lat' dir='ltr'><strong><em>Gro·</em></strong></span> <span class='ocrx_word' id='word_1_390' title='bbox 774 3924 794 3956; x_wconf 88' lang='lat' dir='ltr'><strong><em>c.</em></strong></span> <span class='ocrx_word' id='word_1_391' title='bbox 814 3907 853 3964; x_wconf 74' lang='lat' dir='ltr'><strong><em>tr,</em></strong></span> <span class='ocrx_word' id='word_1_392' title='bbox 871 3909 982 3970; x_wconf 73' lang='lat' dir='ltr'><strong><em>Legatum</em></strong></span> <span class='ocrx_word' id='word_1_393' title='bbox 1000 3923 1050 3954; x_wconf 78' lang='lat' dir='ltr'><strong><em>caer</em></strong></span> <span class='ocrx_word' id='word_1_394' title='bbox 1072 3907 1157 3967; x_wconf 74' lang='lat' dir='ltr'><strong><em>legione</em></strong></span> <span class='ocrx_word' id='word_1_395' title='bbox 1177 3909 1253 3968; x_wconf 77' lang='lat' dir='ltr'><strong><em>prino</em></strong></span> <span class='ocrx_word' id='word_1_396' title='bbox 1278 3935 1321 3954; x_wconf 85' lang='lat'><strong><em>.·.</em></strong></span> <span class='ocrx_word' id='word_1_397' title='bbox 1346 3907 1381 3952; x_wconf 82' lang='lat' dir='ltr'><strong><em>ire</em></strong></span> 
     </span>
     <span class='ocr_line' id='line_1_45' title="bbox 134 3969 1381 4032; baseline 0 -16"><span class='ocrx_word' id='word_1_398' title='bbox 134 3971 225 4020; x_wconf 78' lang='lat' dir='ltr'><strong><em>coriae.</em></strong></span> <span class='ocrx_word' id='word_1_399' title='bbox 250 3972 373 4020; x_wconf 60' lang='lat' dir='ltr'><strong><em>&amp;mentis</em></strong></span> <span class='ocrx_word' id='word_1_400' title='bbox 384 3982 462 4020; x_wconf 79' lang='lat' dir='ltr'><strong><em>noster</em></strong></span> <span class='ocrx_word' id='word_1_401' title='bbox 474 3974 533 4020; x_wconf 80' lang='lat' dir='ltr'><strong><em>Vlct</em></strong></span> <span class='ocrx_word' id='word_1_402' title='bbox 546 3973 591 4020; x_wconf 83' lang='lat' dir='ltr'><strong><em>uiri</em></strong></span> <span class='ocrx_word' id='word_1_403' title='bbox 603 3974 665 4032; x_wconf 81' lang='lat' dir='ltr'><strong><em>quod</em></strong></span> <span class='ocrx_word' id='word_1_404' title='bbox 678 3979 743 4019; x_wconf 78' lang='lat' dir='ltr'><strong><em>caret</em></strong></span> <span class='ocrx_word' id='word_1_405' title='bbox 774 3974 881 4020; x_wconf 74' lang='lat' dir='ltr'><strong><em>adversar</em></strong></span> <span class='ocrx_word' id='word_1_406' title='bbox 898 3973 1022 4018; x_wconf 58' lang='lat' dir='ltr'><strong><em>minitare</em></strong></span> <span class='ocrx_word' id='word_1_407' title='bbox 1032 3973 1127 4018; x_wconf 70' lang='lat' dir='ltr'><strong><em>lutiam</em></strong></span> <span class='ocrx_word' id='word_1_408' title='bbox 1139 3969 1229 4030; x_wconf 81' lang='lat' dir='ltr'><strong><em>jarritr</em></strong></span> <span class='ocrx_word' id='word_1_409' title='bbox 1246 3983 1381 4030; x_wconf 74' lang='lat' dir='ltr'><strong><em>qumque</em></strong></span> 
     </span>
     <span class='ocr_line' id='line_1_46' title="bbox 135 4032 1380 4096; baseline 0 -18"><span class='ocrx_word' id='word_1_410' title='bbox 135 4033 171 4092; x_wconf 67' lang='grc' dir='ltr'><strong><em>τᾷ</em></strong></span> <span class='ocrx_word' id='word_1_411' title='bbox 182 4049 216 4080; x_wconf 80' lang='lat' dir='ltr'><strong><em>ae.</em></strong></span> <span class='ocrx_word' id='word_1_412' title='bbox 245 4035 322 4094; x_wconf 67' lang='lat' dir='ltr'><strong><em>Vulgo</em></strong></span> <span class='ocrx_word' id='word_1_413' title='bbox 331 4039 517 4084; x_wconf 79' lang='lat' dir='ltr'><strong><em>ataliarirrdicer</em></strong></span> <span class='ocrx_word' id='word_1_414' title='bbox 526 4039 626 4096; x_wconf 70' lang='lat' dir='ltr'><strong><em>praeriis</em></strong></span> <span class='ocrx_word' id='word_1_415' title='bbox 637 4039 741 4084; x_wconf 70' lang='lat' dir='ltr'><strong><em>Imitare.</em></strong></span> <span class='ocrx_word' id='word_1_416' title='bbox 774 4039 798 4083; x_wconf 89' lang='lat' dir='ltr'><strong><em>irr</em></strong></span> <span class='ocrx_word' id='word_1_417' title='bbox 816 4032 957 4096; x_wconf 74' lang='lat' dir='ltr'><strong><em>lccofuiuet</em></strong></span> <span class='ocrx_word' id='word_1_418' title='bbox 974 4036 1186 4090; x_wconf 59' lang='lat' dir='ltr'><strong><em>occlusurum</em></strong></span> <span class='ocrx_word' id='word_1_419' title='bbox 1203 4049 1231 4080; x_wconf 83' lang='lat' dir='ltr'><strong><em>ac</em></strong></span> <span class='ocrx_word' id='word_1_420' title='bbox 1247 4037 1380 4086; x_wconf 72' lang='lat' dir='ltr'><strong><em>moraretur,</em></strong></span> 
     </span>
     <span class='ocr_line' id='line_1_47' title="bbox 135 4093 1373 4161; baseline -0.003 -17"><span class='ocrx_word' id='word_1_421' title='bbox 135 4097 237 4144; x_wconf 56' lang='grc' dir='ltr'>δήιοι</span> <span class='ocrx_word' id='word_1_422' title='bbox 258 4101 343 4147; x_wconf 74' lang='lat' dir='ltr'><strong><em>iudicer</em></strong></span> <span class='ocrx_word' id='word_1_423' title='bbox 361 4101 428 4147; x_wconf 79' lang='lat' dir='ltr'><strong><em>facile</em></strong></span> <span class='ocrx_word' id='word_1_424' title='bbox 445 4115 475 4148; x_wconf 77' lang='lat' dir='ltr'><strong><em>er</em></strong></span> <span class='ocrx_word' id='word_1_425' title='bbox 494 4101 523 4146; x_wconf 87' lang='lat' dir='ltr'><strong><em>iir</em></strong></span> <span class='ocrx_word' id='word_1_426' title='bbox 541 4100 743 4161; x_wconf 68' lang='lat' dir='ltr'><strong><em>quaprocedunt</em></strong></span> <span class='ocrx_word' id='word_1_427' title='bbox 775 4115 925 4160; x_wconf 71' lang='lat' dir='ltr'><strong><em>nasumque.</em></strong></span> <span class='ocrx_word' id='word_1_428' title='bbox 940 4095 1095 4158; x_wconf 75' lang='lat' dir='ltr'><strong><em>..conferret</em></strong></span> <span class='ocrx_word' id='word_1_429' title='bbox 1130 4098 1161 4143; x_wconf 85' lang='lat' dir='ltr'><strong><em>Et</em></strong></span> <span class='ocrx_word' id='word_1_430' title='bbox 1171 4094 1227 4142; x_wconf 83' lang='lat' dir='ltr'><strong><em>alibi</em></strong></span> <span class='ocrx_word' id='word_1_431' title='bbox 1239 4093 1373 4152; x_wconf 70' lang='lat' dir='ltr'><strong><em>rapturum.</em></strong></span> 
     </span>
     <span class='ocr_line' id='line_1_48' title="bbox 134 4157 1380 4222; baseline -0.002 -17"><span class='ocrx_word' id='word_1_432' title='bbox 134 4161 238 4220; x_wconf 81' lang='lat' dir='ltr'><strong><em>suppleri</em></strong></span> <span class='ocrx_word' id='word_1_433' title='bbox 250 4171 334 4221; x_wconf 79' lang='lat' dir='ltr'><strong><em>potest.</em></strong></span> <span class='ocrx_word' id='word_1_434' title='bbox 807 4163 839 4217; x_wconf 76' lang='lat'><strong><em>57</em></strong></span> <span class='ocrx_word' id='word_1_435' title='bbox 856 4163 946 4209; x_wconf 77' lang='lat' dir='ltr'><strong><em>AEdr&#39;ler</em></strong></span> <span class='ocrx_word' id='word_1_436' title='bbox 962 4164 1035 4222; x_wconf 77' lang='lat' dir='ltr'><strong><em>platta</em></strong></span> <span class='ocrx_word' id='word_1_437' title='bbox 1054 4157 1142 4220; x_wconf 80' lang='lat' dir='ltr'><strong><em>nidera]</em></strong></span> <span class='ocrx_word' id='word_1_438' title='bbox 1160 4159 1247 4220; x_wconf 85' lang='lat' dir='ltr'><strong><em>Supple</em></strong></span> <span class='ocrx_word' id='word_1_439' title='bbox 1260 4169 1290 4200; x_wconf 84' lang='lat' dir='ltr'><strong><em>ex</em></strong></span> <span class='ocrx_word' id='word_1_440' title='bbox 1300 4169 1380 4212; x_wconf 69' lang='lat' dir='ltr'><strong><em>nuru,</em></strong></span> 
     </span>
     <span class='ocr_line' id='line_1_49' title="bbox 166 4223 908 4288; baseline 0.003 -18"><span class='ocrx_word' id='word_1_441' title='bbox 166 4223 198 4270; x_wconf 79' lang='lat' dir='ltr'><strong><em>cc</em></strong></span> <span class='ocrx_word' id='word_1_442' title='bbox 215 4227 277 4272; x_wconf 83' lang='lat' dir='ltr'><strong><em>Arrtr</em></strong></span> <span class='ocrx_word' id='word_1_443' title='bbox 288 4230 369 4280; x_wconf 62' lang='lat' dir='ltr'><strong><em>omma,</em></strong></span> <span class='ocrx_word' id='word_1_444' title='bbox 380 4234 406 4273; x_wconf 85' lang='lat' dir='ltr'><strong><em>ut</em></strong></span> <span class='ocrx_word' id='word_1_445' title='bbox 414 4225 520 4288; x_wconf 75' lang='lat' dir='ltr'><strong><em>quartia]</em></strong></span> <span class='ocrx_word' id='word_1_446' title='bbox 539 4227 743 4274; x_wconf 65' lang='lat' dir='ltr'><strong><em>universarum</em></strong></span> <span class='ocrx_word' id='word_1_447' title='bbox 773 4227 832 4286; x_wconf 65' lang='lat' dir='ltr'><strong><em>turcl</em></strong></span> <span class='ocrx_word' id='word_1_448' title='bbox 845 4234 908 4272; x_wconf 82' lang='lat' dir='ltr'><strong><em>runt.</em></strong></span> 
     </span>
     <span class='ocr_line' id='line_1_50' title="bbox 132 4280 1379 4349; baseline -0.003 -17"><span class='ocrx_word' id='word_1_449' title='bbox 132 4289 338 4345; x_wconf 69' lang='lat' dir='ltr'><strong><em>unumunurn,</em></strong></span> <span class='ocrx_word' id='word_1_450' title='bbox 347 4305 394 4338; x_wconf 84' lang='lat' dir='ltr'><strong><em>con</em></strong></span> <span class='ocrx_word' id='word_1_451' title='bbox 403 4292 486 4338; x_wconf 66' lang='lat' dir='ltr'><strong><em>edictis</em></strong></span> <span class='ocrx_word' id='word_1_452' title='bbox 498 4299 569 4349; x_wconf 78' lang='lat' dir='ltr'><strong><em>arque</em></strong></span> <span class='ocrx_word' id='word_1_453' title='bbox 580 4290 639 4336; x_wconf 85' lang='lat' dir='ltr'><strong><em>adeo</em></strong></span> <span class='ocrx_word' id='word_1_454' title='bbox 650 4291 743 4336; x_wconf 76' lang='lat' dir='ltr'><strong><em>diverso</em></strong></span> <span class='ocrx_word' id='word_1_455' title='bbox 807 4291 839 4336; x_wconf 76' lang='lat' dir='ltr'><strong><em>ca</em></strong></span> <span class='ocrx_word' id='word_1_456' title='bbox 856 4291 870 4322; x_wconf 77' lang='lat'>⁸</span> <span class='ocrx_word' id='word_1_457' title='bbox 882 4291 1015 4338; x_wconf 79' lang='lat' dir='ltr'><strong><em>I&#39;riarruirir</em></strong></span> <span class='ocrx_word' id='word_1_458' title='bbox 1025 4280 1175 4348; x_wconf 77' lang='lat' dir='ltr'><strong><em>capitaliter]</em></strong></span> <span class='ocrx_word' id='word_1_459' title='bbox 1194 4283 1245 4330; x_wconf 88' lang='lat' dir='ltr'><strong><em>Vid.</em></strong></span> <span class='ocrx_word' id='word_1_460' title='bbox 1258 4287 1305 4327; x_wconf 85' lang='lat' dir='ltr'><strong><em>not.</em></strong></span> <span class='ocrx_word' id='word_1_461' title='bbox 1314 4281 1337 4338; x_wconf 78' lang='lat'><strong><em>5,</em></strong></span> <span class='ocrx_word' id='word_1_462' title='bbox 1348 4282 1379 4332; x_wconf 77' lang='lat' dir='ltr'><strong><em>ad</em></strong></span> 
     </span>
     <span class='ocr_line' id='line_1_51' title="bbox 133 4349 886 4414; baseline 0.005 -18"><span class='ocrx_word' id='word_1_463' title='bbox 133 4349 261 4398; x_wconf 78' lang='lat' dir='ltr'><strong><em>formarum</em></strong></span> <span class='ocrx_word' id='word_1_464' title='bbox 281 4355 502 4414; x_wconf 72' lang='lat' dir='ltr'><strong><em>typographicarum</em></strong></span> <span class='ocrx_word' id='word_1_465' title='bbox 522 4355 663 4408; x_wconf 83' lang='lat' dir='ltr'><strong><em>charactere,</em></strong></span> <span class='ocrx_word' id='word_1_466' title='bbox 680 4353 743 4412; x_wconf 88' lang='lat' dir='ltr'><strong><em>quod</em></strong></span> <span class='ocrx_word' id='word_1_467' title='bbox 775 4353 850 4400; x_wconf 88' lang='lat' dir='ltr'>XXV.</span> <span class='ocrx_word' id='word_1_468' title='bbox 865 4353 886 4400; x_wconf 95' lang='lat' dir='ltr'><strong><em>I.</em></strong></span> 
     </span>
     <span class='ocr_line' id='line_1_52' title="bbox 131 4413 742 4471; baseline 0.003 -11"><span class='ocrx_word' id='word_1_469' title='bbox 131 4413 239 4471; x_wconf 72' lang='lat' dir='ltr'><strong><em>feriatus,</em></strong></span> <span class='ocrx_word' id='word_1_470' title='bbox 257 4417 356 4464; x_wconf 81' lang='lat' dir='ltr'><strong><em>edenda.</em></strong></span> <span class='ocrx_word' id='word_1_471' title='bbox 391 4419 440 4465; x_wconf 86' lang='lat' dir='ltr'><strong><em>Nec</em></strong></span> <span class='ocrx_word' id='word_1_472' title='bbox 460 4417 578 4464; x_wconf 73' lang='lat' dir='ltr'><strong><em>offendere</em></strong></span> <span class='ocrx_word' id='word_1_473' title='bbox 601 4419 672 4464; x_wconf 86' lang='lat' dir='ltr'><strong><em>debet</em></strong></span> <span class='ocrx_word' id='word_1_474' title='bbox 688 4431 742 4463; x_wconf 79' lang='lat' dir='ltr'><strong><em>cra·</em></strong></span> 
     </span>
    </p>
   </div>
   <div class='ocr_carea' id='block_1_6' title="bbox 0 0 1558 4982">
    <p class='ocr_par' dir='ltr' id='par_1_37' title="bbox 0 0 1558 4982">
     <span class='ocr_line' id='line_1_53' title="bbox 0 0 1558 4982; baseline 0 0"><span class='ocrx_word' id='word_1_475' title='bbox 0 0 1558 4982; x_wconf 95' lang='lat' dir='ltr'><strong><em> </em></strong></span> 
     </span>
    </p>
   </div>
  </div>
 </body>
</html>
