3086 4952
686 1013 739 1099 T.
780 1011 925 1098 LIVII
963 1011 1250 1094 PATAVINI

807 1213 949 1280 ornan
974 1213 1118 1280 xxxu

854 1409 1033 1420 ——--—...

305 1549 332 1596 c.
343 1547 397 1595 ors.
429 1537 621 1602 Pnruorrro
637 1536 722 1615 anni,
736 1559 800 1621 quo
812 1537 883 1601 haec
898 1545 987 1622 gesto
1000 1543 1086 1616 sunt,
1109 1535 1181 1600 Sex.
1197 1533 1338 1620 Digitius
1350 1541 1456 1681 Fraeto

263 1549 411 1735 {hchliffin
430 1623 587 1772 gisgania
601 1621 743 1684 citeriore
756 1643 830 1685 cum
846 1621 1026 1686 civitatibus
1038 1621 1089 1700 iis,
1106 1643 1178 1769 qqae
1197 1629 1272 1719 post
1290 1641 1349 1705 pro
1362 1619 1457 1682 eetior

264 1740 317 1786 nia.
471 1754 479 1770 ·

523 1705 626 1769 atonis
640 1706 807 1790 permultae
821 1706 1057 1786 rebellaverant,
1068 1727 1119 1770 cre
1142 1727 1178 1768 ra
1189 1727 1302 1790 magis,
1317 1704 1455 1820 quamdi

430 1791 528 1869 dictu,
543 1790 654 1875 proelia
667 1790 752 1869 fecit,
766 1799 799 1854 et
813 1791 892 1854 adeo
906 1791 1056 1876 pleraque
1067 1791 1207 1868 adversa,
1217 1799 1254 1852 ut
1263 1789 1317 1853 vix
1354 1789 1457 1850 dimid

430 1875 579 1954 militum,
601 1895 697 1958 quam
720 1875 807 1958 quod
834 1883 1007 1973 occeperat,
1034 1876 1207 1938 successori
1234 1873 1408 1937 tradiderit.
1432 1872 1457 1969 ,ἶ

432 1960 566 2023 dubium
582 1967 640 2038 est,
655 1959 733 2042 quin
749 1959 852 2022 omnis
869 1960 1026 2046 Hispania
1041 1959 1204 2022 sublatura
1219 1959 1340 2022 annuos
1360 1957 1457 2032 suerit

432 2045 511 2108 alter
525 2053 643 2128 praetor
663 2043 698 2106 P.
715 2041 882 2108 Cornelius
904 2043 964 2108 Cn.
980 2045 1017 2108 F.
1033 2043 1138 2128 Scipio
1157 2051 1245 2106 trans
1271 2041 1400 2105 Iberum
1422 2061 1458 2102 m*

434 2129 573 2192 secunda
586 2127 697 2213 proelia
710 2127 854 2191 fecissen
877 2150 942 2212 quo
957 2137 1074 2194 terrore
1089 2149 1155 2192 non
1169 2128 1276 2192 minus
1292 2127 1458 2210 quinquag

433 2213 552 2360 ogpidn
580 2213 621 2276 nd
647 2234 720 2276 eum
749 2213 942 2312 defecerunt.
990 2214 1111 2277 Praetor
1138 2213 1208 2276 haec
1236 2219 1378 2310 gesserat
1406 2210 1458 2306 Sci

434 2297 1458 2477 {usurusdestructurus.utu

434 2465 692 2614 diffidi
708 2464 1459 2632 ttffttssttttttttdtttutts

435 2631 564 2696 armatis
578 2631 728 2778 sdquqhus
742 2567 874 2778 iiim
890 2639 923 2694 et
937 2631 1115 2778 ifnpeditqrm
1129 2631 1224 2730 turta
1238 2653 1390 2717 pecorum
1401 2653 1459 2716 agn

435 2724 637 2866 iffi..
660 2723 1459 2884 ..ttttttttt.tttttt.ttttt

436 2894 502 2950 tres
517 2885 640 2950 diurnae
678 2906 741 2948 orae
756 2893 970 2950 accesserant:
992 2907 1052 2950 nec
1071 2883 1137 2950 ulla
1155 2885 1260 2984 quiete
1281 2885 1365 2964 data,
1387 2885 1459 2948 labo

437 2969 666 3119 nutu
687 2978 871 3119 etr
908 2969 1459 3120 senseresensere

490 3159 619 3204 manos:
642 3076 756 3202 diiiirde
777 3063 1097 3224 aeqffirdlispei
1105 3161 1215 3226 pugna
1228 3148 1287 3204 est.
1333 3139 1373 3203 ln
1388 3077 1450 3202 hoii

440 3223 571 3288 crimine
585 3223 679 3286 ludos
692 3223 777 3302 Jovi,
800 3223 914 3288 'sivi'
929 3225 1062 3290 fudisset
1077 3224 1302 3308 cecidissetque
1317 3224 1436 3301 hostes,
1456 3245 1459 3308 j

439 3315 559 3394 praetor
572 3307 669 3372 vovit.
713 3307 856 3372 Tandem
927 3309 1005 3372 dum
1020 3309 1122 3372 acrius
1140 3309 1275 3372 intrdere
1296 3307 1444 3386 Romani,

442 3392 545 3476 sitque
574 3392 759 3456 Lusitanus.
802 3392 874 3456 dein
897 3413 915 3456 e
942 3413 1073 3478 prorsus
1100 3401 1131 3456 te
1216 3393 1314 3458 dedit.
1357 3401 1399 3472 et,
1430 3415 1459 3475 qr

441 3476 634 3542 institissent
647 3475 844 3562 fugientibus
857 3477 1002 3556 victores,
1024 3478 1065 3541 ad
1084 3478 1127 3542 du
1189 3479 1252 3542 cim
1273 3478 1372 3542 millis
1389 3479 1459 3540 host

442 3569 519 3624 sunt
533 3582 632 3624 caess:
654 3561 738 3646 cepti
754 3561 920 3645 quingenti
933 3561 1151 3646 quadraginta,
1164 3585 1275 3626 omnes
1288 3563 1374 3626 fereb
1388 3562 1459 3645 equi

441 3654 474 3709 et
488 3645 580 3730 signa
592 3645 738 3708 militaria
751 3653 845 3732 cepta
859 3654 988 3710 centum
1003 3646 1134 3731 triginta
1151 3655 1296 3730 quotuor.
1333 3647 1373 3710 de
1392 3669 1459 3710 exer

442 3731 587 3794 Romano
601 3730 803 3816 septuaginta
815 3737 848 3794 et
860 3739 925 3794 tres
943 3729 1059 3795 amissi.
1104 3732 1287 3816 Rrgnatum
1310 3731 1397 3796 haud
1420 3753 1459 3815 pr

443 3813 526 3899 Ilipa
550 3813 628 3878 urbe
651 3821 709 3878 est.
753 3815 803 3878 Eo
824 3815 976 3879 victorem
1000 3815 1190 3901 opulentum
1217 3817 1334 3902 praedae
1359 3817 1459 3880 exerci

444 3899 480 3962 P.
495 3897 662 3962 Cornelius
686 3898 822 3963 reduxit.
859 3920 896 3962 ea
918 3900 1022 3964 omnis
1051 3909 1124 3966 ante
1149 3901 1262 3966 urbem
1291 3901 1435 3986 exposita

443 3991 647 4067 potestasque
682 3983 818 4048 dominis
852 4004 927 4048 suos
960 4006 1011 4048 res
1046 3985 1259 4071 cognoscendi
1284 3985 1395 4050 seue.
1429 4007 1459 4048 cc

502 4133 517 4162 ⁸
526 4132 549 4177 ot
560 4131 606 4178 del.
617 4129 713 4191 Xreyrr.
727 4130 804 4178 sess.
1172 4129 1267 4196 bseme
1280 4133 1352 4182 Gron.
1366 4135 1433 4182 Creu.

822 4200 833 4228 ⁰
844 4196 899 4242 add.
911 4202 945 4242 ert
958 4196 1053 4256 Kreyu.
1067 4197 1142 4244 Beki.

311 4317 323 4364 1
341 4318 466 4366 mune
483 4319 587 4374 nttttoa,
599 4335 665 4380 qun
682 4321 742 4380 quod
756 4317 888 4381 mma]
921 4319 962 4375 78.

278 4381 332 4428 Non
352 4383 457 4441 agnoscit
474 4397 535 4430 unua
554 4397 568 4432 e
587 4383 699 4430 Gmnovii
721 4383 787 4429 MSS.
807 4397 888 4430 vocem
953 4380 1163 4444 2Stotfudtmt]
1181 4385 1270 4444 Sigonii
1281 4385 1380 4442 libenct
1391 4392 1459 4432 noste:

276 4446 654 4520 quodquoeneeneccssarirert.
684 4447 887 4494 Similemendum
921 4449 1019 4505 toriuus,
1029 4445 1172 4508 ctfediesetr
1188 4457 1259 4496 recte.

278 4517 403 4570 irrepserat
421 4525 492 4570 cupra
503 4509 614 4558 XXXIV.
626 4511 665 4558 52.
699 4511 778 4557 ‘vid
790 4511 822 4557 ibi
839 4519 887 4558 not.
