3118 5002
149 335 213 400 294
716 323 809 388 'l'l'l'l
839 323 952 388 LlVll

151 503 180 549 u.
192 501 218 547 c.
230 497 282 556 sta.
313 485 368 544 est.
414 481 455 542 Te
469 495 560 540 uuum
574 475 678 554 iubeo,
693 493 779 556 quem
794 474 917 555 dipuum
938 491 1030 554 repro
1043 471 1189 552 judicem.
1218 473 1406 536 serentum

151 569 179 614 Α·
192 567 218 612 ⁰·
233 565 284 619 ¹⁷⁰·
314 566 464 641 tabum,
482 563 588 644 perire
612 567 642 623 et
662 560 815 640 eortiupui
838 558 873 619 id
892 558 1022 634 mollem,
1038 577 1128 638 quum
1144 559 1256 620 Perseo
1275 559 1407 620 rocheto

306 649 434 731 fraudis
446 647 606 728 premium
620 665 692 708 esee.
735 643 924 706 Demetrium
942 643 1108 704 recitatum
1130 641 1169 704 ob
1190 639 1298 724 inseris
1318 644 1406 704 resti

315 741 469 815 tutoresque
484 732 606 794 credam
618 731 703 806 mitti,
716 729 744 790 si
759 728 861 808 tuqui
875 727 1155 803 montismontis,
1171 727 1222 807 qui
1242 747 1307 789 meo
1329 725 1407 806 iufe-

316 819 482 882 tietmari
503 835 581 878 uuus
604 813 868 889 intumueritis
891 812 988 873 locum
1010 811 1074 890 p'ue
1097 811 1291 872 substitutum
1314 813 1408 874 retier-

316 923 416 985 quom.
459 901 512 964 Ab
525 901 587 962 hoc
603 919 748 961 sermone
762 895 849 959 omni
865 915 978 978 genere
997 895 1127 958 honoris
1144 895 1318 978 producere
1333 915 1406 957 eum

316 1009 381 1050 non
405 985 536 1049 destitit.
579 1005 679 1066 quum
709 982 742 1045 in
764 981 899 1043 'l'hracia
926 981 1058 1042 Perseus
1081 979 1215 1056 obesset,
1241 979 1406 1042 circumire

318 1071 516 1134 Macedoniae
540 1069 645 1146 urbes,
668 1065 929 1152 principibusque
944 1064 1143 1148 Antigonum
1166 1063 1406 1127 commendare:

317 1163 359 1234 et,
375 1157 401 1218 si
419 1155 485 1219 vita
504 1153 628 1237 longior
651 1151 853 1235 subpetisset,
875 1150 961 1212 haud
982 1149 1114 1211 dubium
1137 1149 1208 1226 fuit,
1232 1149 1309 1232 quin
1333 1169 1407 1212 eum

317 1241 352 1304 in
370 1239 570 1326 possessione
591 1237 681 1320 regni
703 1235 871 1298 relicturus
895 1233 999 1296 firerit.
1043 1233 1095 1296 Ab
1110 1233 1312 1295 Demetriade
1332 1255 1407 1331 pro-

318 1326 430 1404 iectus,
445 1323 679 1388 Thessalonicae
693 1320 867 1405 plurimum
878 1319 1029 1402 temporis
1044 1325 1185 1380 moratus
1198 1319 1310 1380 fuerat.
1333 1319 1406 1380 rode

319 1433 420 1494 quum
442 1407 651 1494 Amphipolin
666 1407 813 1480 venisset,
828 1403 916 1488 gravi
937 1403 1049 1466 morbo
1073 1410 1124 1464 est
1146 1402 1319 1486 inplicitus.
1351 1403 1408 1466 sed

319 1496 425 1558 animo
446 1503 552 1557 tamen
577 1511 698 1574 oegrnm
722 1489 822 1572 magis
847 1488 955 1565 fuisse,
981 1509 1077 1571 quam
1101 1507 1241 1571 corpore,
1264 1495 1407 1553 constat:

319 1581 466 1663 curisque
476 1586 508 1641 et
519 1577 633 1660 vigiliis
646 1575 680 1656 (¹⁸
689 1593 789 1657 quum
799 1573 982 1636 idemtidem
996 1571 1116 1658 species
1127 1580 1159 1634 et
1169 1572 1290 1634 umbrae
1300 1571 1409 1635 inson-

318 1664 361 1727 tis
385 1661 543 1725 interemti
558 1660 637 1722 tilii¹
652 1659 817 1742 agitarent)
836 1657 1030 1720 exstinctum
1050 1677 1118 1721 esse
1142 1677 1215 1719 cum
1231 1655 1306 1718 diris
1321 1677 1411 1719 exse-

319 1747 514 1810 crationibus
543 1743 681 1808 alterius.
738 1743 860 1806 Tamen
891 1742 911 1776 ¹⁴
924 1741 1109 1805 admoneriy
1137 1741 1294 1825 potuisset
1315 1741 1411 1804 Anti-

319 1851 434 1916 gonus,
448 1831 468 1862 ¹⁸
480 1830 506 1892 si
520 1827 627 1891 haud·
643 1827 750 1890 statim
764 1827 869 1912 palam
884 1826 967 1888 foeta
981 1835 1064 1890 esset
1078 1847 1164 1890 mors
1177 1826 1270 1910 regis.
1303 1825 1411 1889 Medi-

319 1937 376 1978 cus
400 1915 588 1998 Calligenes,
604 1911 659 1996 qui
685 1911 841 1975 curationi
864 1920 1008 1996 praeerat,
1021 1933 1085 1974 non
1107 1918 1288 1995 exspectata
1307 1919 1410 1974 morte

319 2000 412 2084 regis,
428 1999 570 2084 oprimis
585 1997 813 2082 desperationis
837 1997 922 2060 notis
946 1996 1080 2060 nuncios
1101 1995 1350 2081 praedispositus,
1366 1996 1412 2059 ita

319 2094 357 2148 ut
372 2091 570 2162 convenerat,
585 2083 673 2146 misit
687 2083 727 2144 ad
744 2083 914 2160 Perseum3
941 2089 974 2144 et
988 2090 1122 2144 mortem
1144 2081 1227 2165 regis
1244 2081 1278 2144 io
1293 2081 1411 2144 adven-

319 2178 390 2234 tum
406 2170 474 2252 ejus
489 2191 609 2247 omnes,
625 2169 680 2252 qui
695 2175 784 2230 extra
797 2167 916 2251 regiam
931 2174 1030 2244 erant,
1046 2165 1167 2229 celavit.

363 2255 471 2319 LVII.
488 2253 657 2340 Obpressit
668 2253 766 2337 igitur
775 2251 1000 2337 necopinantes
1015 2251 1203 2336 ignarosque
1215 2271 1324 2314 omnes
1336 2251 1412 2314 Per-

320 2361 404 2419 seus,
414 2349 446 2402 et
460 2361 594 2424 regnum
608 2339 722 2402 scelere
737 2345 865 2422 partum
879 2336 1003 2400 invasit.
1038 2338 1058 2372 ¹⁸
1072 2335 1312 2421 Peropportune
1325 2357 1412 2400 mors

321 2425 461 2509 Philippi
485 2424 607 2486 suited
629 2423 871 2500 dilationem,et
894 2421 934 2484 ad
958 2421 1040 2484 vires
1064 2420 1146 2484 bello
1170 2421 1410 2484 contrahendas.

319 2531 394 2572 nam
410 2517 483 2593 post
498 2509 608 2592 paucis
624 2508 736 2570 diebus
754 2527 832 2589 gens
848 2507 1086 2583 Bastarnarum,
1101 2505 1157 2568 diu
1179 2505 1355 2582 sollicitata,
1371 2505 1411 2568 ab

320 2594 386 2654 suis
402 2593 530 2654 sedibus
540 2609 654 2674 magna
666 2591 809 2674 peditum
820 2591 1026 2674 equitumque
1037 2611 1135 2653 manu
1147 2591 1266 2653 Istrum
1277 2589 1410 2673 trajecit.

320 2676 393 2737 inde
417 2675 611 2758 praegressis,
636 2673 691 2757 qui
717 2674 907 2738 nunciarent
930 2675 1006 2758 regi,
1022 2675 1184 2774 Antigono
1207 2683 1239 2737 et
1259 2674 1412 2738 Cottoni·

157 2761 276 2836 suteris
323 2758 356 2840 (¹¹
370 2759 484 2820 nobilis
507 2767 573 2822 erat
593 2759 767 2836 Bastarna3
789 2767 821 2821 et
845 2759 1028 2843 Antigonus
1049 2759 1224 2844 perinvitus
1244 2781 1318 2822 cum
1339 2759 1410 2843 ipso

156 2833 291 2934 ffiflmu?
321 2843 458 2908 Cottone
473 2843 597 2928 legatus
612 2843 651 2906 ad
660 2843 865 2906 concitandos
881 2843 1051 2908 Basternas
1061 2844 1189 2928 missus)
1202 2845 1289 2907 haud
1298 2844 1410 2928 procul

171 2901 300 2999 ›srliiddn
320 2929 508 3014 Amphipoli
523 2927 667 3008 “tarnat
682 2928 755 2992 inde
777 2928 854 2992 certi
877 2929 987 2992 nuncii
1007 2929 1225 3008 obcurrersmt,
1247 2938 1410 2992 mortuum

348 3106 363 3136 ²
375 3103 431 3150 Filii
451 3117 500 3150 esst
517 3104 576 3150 diris
590 3104 706 3163 agitarent
719 3103 791 3147 Gron.
826 3101 885 3147 Filii
896 3115 945 3148 euru
956 3101 1072 3161 agitarent
1083 3099 1150 3146 Cres.
1182 3099 1261 3159 paullo
1280 3107 1332 3158 post
1351 3101 1410 3146 diris

317 3165 364 3211 del.
378 3167 451 3212 Gron.
611 3168 748 3212 iudmoocri
760 3167 831 3210 Gron.
845 3166 912 3211 Cres.
1090 3164 1175 3209 ‘houd
1185 3164 1250 3209 uocis
1262 3163 1316 3208 incl.
1331 3163 1408 3210 sets.

317 3231 467 3289 ⁸praegresri,
476 3245 496 3288 q.
510 3245 532 3274 n.
545 3245 563 3272 r.
579 3231 706 3289 Antigonus
722 3235 744 3276 et
758 3229 837 3274 Cotto:
855 3229 935 3273 nobilis
946 3243 964 3273 e.
978 3225 1101 3282 Bastaruo,
1118 3241 1137 3274 e.
1150 3229 1179 3272 A.
1190 3243 1216 3286 p.
1229 3243 1248 3273 c.
1261 3229 1275 3273 i.
1290 3227 1315 3273 0.
1327 3228 1342 3272 t
1354 3243 1374 3272 rs
1388 3243 1408 3274 c.

318 3291 348 3337 B.
360 3295 446 3338 sstseus⁸
459 3293 531 3336 Gran.
545 3293 613 3337 Cres.
742 3286 756 3323 b
761 3289 832 3350 sume
843 3293 924 3338 incerti
935 3293 1012 3337 mucii
1025 3289 1087 3337 seo

194 3437 224 3484 1³
242 3439 312 3487 Qum
325 3438 444 3484 identidem
457 3437 541 3496 speeies
558 3441 581 3482 ei
599 3437 684 3482 mere
798 3439 912 3486 docueri
939 3440 1049 3498 potuim
1078 3438 1216 3498 Antigones,
1242 3441 1264 3485 si
1290 3445 1331 3485 urst
1360 3446 1406 3485 tues

160 3503 283 3562 agitarent,
293 3502 537 3548 exstinctumessecum
547 3501 604 3545 diris
615 3501 765 3546 execrationi-
798 3499 918 3561 adficisset,
937 3507 978 3548 aut
999 3505 1077 3548 etatis·
1095 3503 1172 3562 pulsus
1187 3499 1255 3562 sarta
1273 3509 1332 3550 esset
1350 3519 1407 3550 soors

162 3566 202 3611 ius
220 3561 326 3624 utemur]
345 3564 382 3608 Sic
401 3563 474 3609 edidit
484 3563 588 3609 Clericus
606 3577 634 3608 ex
653 3563 766 3623 probabili
800 3568 868 3626 regis.

161 3629 293 3686 conjecturs
311 3627 432 3682 Grououii,
452 3627 491 3686 qui
509 3627 568 3673 nihil
584 3627 649 3672 aliud
667 3629 767 3674 mutauit
833 3628 862 3674 lo
887 3629 1054 3689 Peropportune
1074 3643 1132 3676 nors
1151 3625 1325 3689 Phiiippifuit]
1352 3630 1407 3676 l‘er·

65 3689 72 3702 '
162 3691 206 3738 hoc
217 3691 274 3746 loco,
286 3690 330 3736 nisi
342 3692 405 3749 quod
422 3692 501 3736 lussts
519 3699 542 3736 et
561 3699 700 3752 prepostero
717 3693 764 3738 col·
797 3701 928 3752 opportune
951 3693 1035 3738 recidit
1058 3693 1178 3749 Romanis,
1202 3705 1259 3752 quos
1281 3693 1407 3753 imperatos

162 3756 236 3801 lorots
247 3753 271 3798 in
284 3754 423 3800 Germanico
440 3756 567 3815 exemplari
583 3758 654 3802 rerba
665 3755 689 3802 in
701 3755 763 3802 ordi-
797 3769 919 3814 aggressus
930 3765 990 3802 esset
1004 3757 1127 3816 Philippus.

163 3817 350 3866 nemrerocavit.
834 3819 862 3872 17
888 3821 977 3866 Nobilis
1004 3827 1055 3867 erut
1076 3819 1200 3874 Bastarna,
1222 3826 1244 3866 et
1266 3817 1406 3882 Antigones]

197 3881 226 3929 lt
243 3875 375 3940 Admoneri]
394 3881 430 3926 Ad
442 3895 506 3940 spem
518 3882 592 3940 regni.
801 3883 888 3928 Reddit
906 3884 1019 3929 rationem
1031 3897 1072 3929 cur
1084 3885 1152 3928 Cotto
1164 3893 1188 3928 et
1200 3883 1332 3940 Antigonus
1343 3885 1407 3930 mini

198 3945 228 3992 lo
245 3947 270 3991 Si
287 3945 350 3991 trud
367 3946 444 3990 statiis
460 3947 536 4004 potres
547 3943 616 4005 fautu
634 3953 691 3993 esset
709 3961 768 3992 orors
799 3947 846 3992 sint
857 3949 887 3993 sd
898 3947 1059 3993 nunciandum
1070 3947 1119 4004 regi
1133 3947 1300 3993 Bastarnarum
1318 3949 1406 3994 adren-

164 4007 237 4072 rrgis]
267 4009 374 4068 Explicat
400 4009 529 4054 Gruterus:
557 4009 575 4053 si
598 4008 661 4056 haud
689 4011 767 4055 statim
800 4019 857 4055 tnm.
891 4012 960 4057 Cotto
981 4011 1092 4056 nimirum
1111 4011 1196 4056 nobilis
1213 4017 1264 4056 esst
1280 4011 1406 4064 Bastarnn

164 4075 262 4122 Perseus
281 4075 310 4120 de
328 4080 403 4118 morte
422 4071 482 4130 regis
502 4073 586 4118 certior
605 4073 679 4118 iactus
700 4081 767 4119 esset.
802 4073 943 4132 Antigonus,
955 4073 1046 4133 legatus
1064 4075 1137 4134 ipsius
1152 4074 1261 4134 Philippi.
1297 4075 1406 4121 Ceterum

165 4139 211 4184 seu
231 4137 274 4184 hoc
292 4136 403 4198 loquendi
418 4149 493 4195 genus
508 4133 663 4196 patrissatis,
677 4138 769 4182 videtur
801 4137 839 4182 hic
858 4152 951 4196 quoqne
970 4140 1034 4184 lorus
1056 4147 1164 4198 corrupte
1186 4138 1272 4196 legitur
1291 4139 1315 4184 in
1338 4140 1407 4185 unico

165 4203 235 4248 latius
256 4199 443 4260 intelligendum,
467 4213 537 4258 quom
560 4201 589 4244 de
611 4215 658 4245 uno
678 4202 768 4246 Perseo.
801 4202 943 4260 exemplari:
961 4203 1103 4248 rotiliserot
1118 4201 1271 4248 Bortornseo
1289 4205 1407 4248 resiteti-

166 4267 246 4316 Quum
264 4267 336 4324 igitur
353 4263 414 4310 inira
433 4263 523 4308 dicatur
544 4264 649 4309 medicus
670 4273 769 4309 mortem
799 4279 871 4325 gesur
882 4281 939 4325 sepe
952 4268 1034 4312 isaim
1045 4268 1153 4324 urnipro
1166 4265 1263 4311 Cottone.
1294 4265 1408 4312 Nessum

165 4329 227 4387 regis
248 4330 272 4375 in
296 4331 422 4375 adrentum
443 4327 520 4374 Persei
541 4341 621 4372 ornnes
642 4327 681 4386 qui
703 4337 770 4373 extro
802 4329 918 4374 edidimus
928 4331 1087 4382 emendatum,
1104 4331 1189 4388 partim
1200 4343 1230 4374 es
1243 4329 1340 4386 digesti,
1354 4345 1408 4391 pss-

165 4393 254 4450 regism
266 4401 333 4438 erant
350 4393 444 4446 eelssse,
455 4401 478 4436 et
492 4389 624 4450 Antigonus
640 4392 769 4450 perinvitus
802 4393 844 4437 tim
856 4407 884 4437 ex
897 4394 1008 4438 Gronarii
1020 4395 1158 4452 conlatura

166 4454 282 4511 shiuisses
299 4455 366 4502 facile
386 4455 548 4501 descendimus
566 4455 590 4499 in
611 4455 699 4515 Sigonii
718 4470 770 4501 sen·
836 4455 865 4502 lt
882 4457 956 4502 Ferre
973 4459 1054 4504 tuenti
1070 4453 1160 4516 suarii]
1180 4456 1240 4501 ldire
1252 4455 1329 4515 piaret
1342 4457 1409 4504 Peri-

167 4519 272 4574 tentiam,
292 4520 332 4579 qui
350 4527 417 4579 putet
436 4521 528 4566 dedisse
549 4519 655 4566 Livium:
686 4519 769 4566 Turres
802 4520 1021 4580 sonticoojeeturs:
1033 4517 1242 4580 sesso,deisserti
1253 4523 1338 4568 mut
