3094 4954
223 295 287 358 124
806 292 902 357 'l'l'l'I
932 287 1048 356 Ltvtt

225 457 293 506 uc.
306 455 360 504 am.
388 435 475 521 quod
504 435 719 500 Hannibalem
748 443 902 500 rectorem
930 434 1053 498 militine
1081 431 1223 512 haberet,
1251 432 1339 496 visus
1365 433 1480 496 fluerat.

225 522 255 570 Α*
266 523 292 568 ⁰·
306 521 359 570 ¹⁸⁹·
388 521 468 586 nihil
482 529 589 583 temen
603 527 659 582 aut
674 519 713 582 de
727 520 856 584 consule
870 519 1027 583 mittendo
1041 517 1075 580 in
1090 517 1199 580 Asiam
1210 517 1410 596 mutandum,
1424 527 1481 580 aut

389 605 576 669 minuendas
600 603 693 688 ejusl
716 604 835 690 copias,
857 610 1070 681 censuerunt;
1092 609 1191 680 metu,
1212 623 1252 664 ne
1277 623 1352 665 curn
1377 603 1480 667 Gallis

389 691 470 754 soret
485 689 678 752 bellandum.

434 773 510 837 LII.
535 773 634 836 Haud
646 772 747 834 multo
762 777 837 855 post
852 771 901 834 M.
916 769 1065 832 Aurelius
1086 768 1192 846 Cotta,
1213 769 1336 852 legatus
1356 769 1394 832 L.
1412 769 1481 832 Sci-

416 857 506 935 ionis,
521 878 594 920 cum
603 855 754 920 Antiochi
762 855 844 939 regis
854 855 975 938 legatis,
986 863 1018 916 et
1030 854 1190 916 Eumenes
1202 875 1257 915 rex
1269 854 1480 936 “Rhodiique

444 963 528 1006 mam
541 950 706 1004 venerunt.
750 939 846 1003 Cotta
868 939 902 1000 in
923 947 1034 1000 senatu
1052 937 1203 1022 primum,
1225 937 1338 1000 deinde
1357 937 1389 1000 in
1404 960 1481 1001 con-

393 1027 482 1090 cione
491 1025 586 1110 jussu
599 1026 739 1103 Patmm,
755 1046 827 1108 quae
842 1031 912 1086 acte
923 1023 956 1085 in
972 1023 1049 1086 Asia
1064 1031 1179 1098 essent,
1195 1021 1352 1106 exposuit.
1396 1022 1481 1106 Sup-

416 1111 521 1174 licatio
536 1110 609 1172 inde
628 1109 661 1172 in
680 1110 823 1172 triduum
846 1109 972 1170 decreta
988 1115 1047 1184 est,
1070 1115 1103 1170 et
1121 1105 1330 1189 quadraginta
1346 1105 1481 1190 majores

393 1133 506 1258 iostiae
516 1193 659 1257 inmolari
664 1194 774 1278 jussae.
795 1193 880 1254 Tum
890 1191 1032 1254 omnium
1043 1191 1181 1275 primum
1198 1190 1336 1252 Eumeni
1351 1201 1481 1254 senatus

230 1286 329 1330 mestus
395 1279 488 1342 datus
507 1291 564 1342 est.
609 1279 642 1342 Is
656 1299 755 1360 quum
770 1277 907 1340 breviter
921 1285 953 1338 et
967 1275 1083 1360 egisset
1095 1275 1211 1360 gratias
1226 1275 1384 1352 Patribus,
1402 1275 1484 1356 quod

231 1347 333 1458 Ἠῶ
395 1365 546 1427 obsidione
567 1383 599 1426 ee
618 1383 656 1426 uc
666 1362 802 1444 fratrem
821 1363 1007 1438 cranmere,
1022 1380 1203 1442 repnurnque
1217 1360 1256 1422 ab
1270 1359 1392 1439 injuriis
1413 1363 1482 1423 Aa·

395 1451 488 1512 tiocli
515 1448 737 1510 vindicassent:
759 1454 792 1508 et
819 1445 996 1528 gratulatus
1019 1453 1113 1522 esset,
1138 1444 1219 1524 qaod
1238 1446 1319 1506 mari
1339 1451 1482 1526 ter-reque

388 1553 536 1614 prospere
549 1553 599 1595 ree
609 1533 792 1613 pemiseentr
815 1531 949 1610 quodque
962 1550 1062 1611 repem
1075 1529 1267 1606 Antiochum,
1274 1527 1380 1608 susum
1386 1527 1483 1611 supa·

395 1623 515 1698 tumque
527 1623 556 1680 et
570 1622 693 1678 erutum
707 1616 827 1691 castris,
843 1616 935 1694 prius
951 1615 1089 1695 Europa,
1104 1619 1176 1694 poet
1191 1619 1220 1676 et
1238 1615 1328 1691 Aria,
1348 1634 1413 1694 pue
1438 1615 1484 1676 cir

398 1703 530 1764 Teumem
544 1706 673 1762 montem
687 1705 742 1776 erl,
756 1700 958 1778 repulissent.-
980 1719 1036 1760 euu
1060 1697 1173 1760 deinde
1192 1699 1302 1760 neemia
1320 1699 1411 1760 melle
1432 1720 1483 1761 ece

395 1805 433 1847 ea·
447 1783 679 1864 imperatoribus
692 1785 756 1846 ruis
769 1784 942 1864 tepolieque,
955 1803 1045 1864 quam
1059 1803 1092 1846 ee
1105 1788 1361 1859 commorante,
1383 1781 1404 1812 ‘⁹
1413 1803 1483 1864 cep-

395 1889 525 1946 noecere,
555 1866 644 1930 dixit.
689 1867 770 1930 Haec
799 1866 1049 1950 adprobantibus
1078 1865 1212 1944 cunctis,
1229 1865 1482 1950 jubentibusque

395 1951 497 2016 dicere
522 1952 638 2036 ipsum,
660 1951 805 2014 '‘omissa
826 1950 860 2014 in
886 1950 919 2014 id
938 1951 1137 2030 verecundia,
1159 1952 1233 2033 quid
1254 1951 1313 2014 eibi
1337 1973 1357 2014 a
1374 1960 1483 2015 senatu

388 2038 558 2118 populoque
580 2037 716 2099 Romano
734 2036 829 2098 tribui
849 2055 964 2117 equum
983 2043 1116 2100 censeret
1126 2065 1136 2098 .·
1156 2038 1335 2116 prmreneius
1348 2039 1483 2100 cumula·

395 2123 521 2202 tiaeque,
535 2123 628 2202 eiquo
636 2122 742 2201 poerit,
757 2123 778 2153 ⁵¹
786 2127 879 2200 prout
889 2121 1070 2200 eiuemerila
1080 2122 1152 2198 sint,
1162 2119 1481 2200 analemmatorum·

394 2205 435 2268 ad
450 2227 486 2268 ee
500 2227 570 2268 rex:
590 2206 625 2268 Si
640 2205 679 2268 cl
694 2207 764 2267 aliie
778 2205 837 2267 eibi
845 2207 1042 2286 premiorum
1057 2207 1137 2286 optio
1151 2205 1330 2286 deferretur,
1345 2205 1482 2284 libenter,

395 2291 469 2352 data
482 2291 569 2354 modo
576 2289 728 2370 facultate
747 2290 919 2352 comulendi
937 2297 1073 2352 cereatum
1086 2291 1265 2367 Romanum,
1281 2291 1404 2352 romilio
1417 2313 1482 2352 am-

388 2374 523 2455 plissimi
537 2375 653 2438 ordinis
666 2395 790 2436 usurum
799 2373 909 2454 suieee,
929 2395 966 2436 ne
986 2375 1060 2456 quid
1077 2381 1131 2437 aut
1152 2375 1338 2438 inmoderate
1354 2377 1482 2456 cupiere,

394 2465 447 2520 aut
456 2461 570 2538 petiere
579 2479 692 2538 parum
705 2459 835 2520 nmdeete
849 2459 946 2521 cidari
953 2465 1078 2539 perrel:
1101 2479 1204 2522 verum
1218 2461 1377 2538 enimvero,
1392 2481 1483 2541 quum

393 2543 452 2621 ipen
467 2543 571 2603 daturi
585 2544 656 2618 sint,
672 2543 765 2602 multo
779 2545 877 2623 mapie
894 2543 1128 2622 munificentiam
1144 2564 1246 2606 eorum
1261 2545 1293 2606 in
1305 2564 1338 2606 re
1345 2543 1482 2624 fratres-

394 2645 450 2706 que
462 2645 533 2686 ruer
547 2627 680 2704 ipsorum
693 2625 816 2687 arbitrii
832 2627 938 2688 debere
952 2649 1025 2691 esse.
1070 2627 1160 2690 Nihil
1179 2629 1238 2690 hec
1258 2629 1398 2691 oratione
1413 2629 1482 2714 ejus

395 2707 503 2769 Patres
517 2708 687 2791 conscripti
703 2708 841 2771 deterriti
858 2719 943 2788 sunt,
959 2711 1142 2794 quominus
1157 2712 1259 2776 dicere
1274 2713 1381 2798 ipsum
1388 2715 1483 2798 jube-

393 2799 473 2853 rent.
509 2799 542 2854 et
564 2813 663 2874 quum
685 2792 888 2876 aliquamdiu,
910 2795 985 2858 hinc
1001 2797 1208 2881 indulgentia,
1227 2797 1302 2860 hinc
1317 2799 1482 2878 modestia,

394 2875 415 2908 ⁸¹
424 2874 506 2938 inter
518 2877 736 2975 permittentes
751 2878 784 2940 in
799 2879 910 2957 vicem,
923 2901 987 2943 uon
1003 2881 1103 2965 magis
1119 2891 1346 2965 mutumquam
1362 2883 1484 2946 ”inex-

392 2959 530 3108 plicabih
545 2961 702 3040 facilitate,
718 2971 872 3026 certatum
887 2971 980 3042 esset,
994 2965 1156 3030 Eumenes
1171 2967 1192 2998 ⁵⁴
1202 2967 1321 3051 templo
1336 2969 1483 3031 excessit.

418 3055 530 3109 enatus
544 3047 576 3110 in
592 3047 701 3110 eadem
715 3057 854 3132 perstare
870 3049 1035 3128 sententia,
1051 3059 1088 3113 ut
1101 3051 1265 3114 absurdum
1279 3072 1343 3114 cere
1353 3052 1484 3131 diceret,

392 3131 534 3210 ipnorare
548 3153 657 3212 repam,
673 3133 747 3213 quid
757 3155 893 3214 sperans,
909 3141 962 3195 aul
971 3141 1079 3214 petens
1089 3138 1213 3199 eeneii.
1235 3157 1300 3216 quse
1311 3137 1484 3200 adcommo-

391 3213 466 3274 data
488 3235 579 3294 repro
602 3235 656 3278 ereo
673 3219 745 3294 rint,
767 3220 865 3296 meam
883 3221 992 3299 optime
1011 3221 1111 3282 scire:
1134 3221 1244 3282 Asiam
1262 3221 1349 3303 lerme
1364 3225 1483 3300 melius,

391 3317 481 3376 pesam
494 3304 639 3375 cereatum,
655 3321 750 3362 neree.
786 3303 987 3364 revocandum
998 3305 1093 3384 ipitar
1107 3311 1143 3367 et·
1152 3306 1325 3386 copendum,
1340 3327 1406 3388 pue
1422 3309 1484 3370 vel-

391 3381 441 3456 let,
455 3400 575 3461 qumque
588 3385 723 3461 sentiret,
742 3405 925 3466 eapremere.

227 3489 307 3536 omno
433 3463 528 3526 LIII.
552 3465 715 3529 Reductus
730 3479 895 3552 apraetore
910 3470 942 3533 in
955 3471 1110 3556 templum
1121 3494 1186 3550 rex,
1198 3481 1230 3536 et
1240 3473 1342 3537 dicere
1348 3473 1483 3558 jussus:

227 3551 347 3600 remeate
390 3547 643 3630 Perseveraarem,
657 3550 771 3636 inquit,
786 3560 897 3633 tacere,
911 3557 1024 3620 Patres
1033 3560 1208 3639 conscripti,
1222 3559 1484 3624 nirierodierum

786 3721 849 3774 keas
861 3729 934 3776 Gron.
948 3731 1015 3777 Cres.

256 3875 288 3922 ee
304 3873 443 3938 mortique]
461 3879 503 3925 Vel
516 3881 671 3941 intelligeret
683 3885 743 3932 adde
754 3887 831 3946 legati.
863 3889 989 3944 offendere,
1010 3889 1065 3936 ideo
1083 3891 1113 3938 ad
1135 3905 1186 3938 rem
1211 3894 1365 3941 molliendam
1386 3897 1483 3943 ridetur

256 3941 287 3986 49
305 3939 451 4001 Cognoscere]
470 3944 553 4004 Seripti
565 3949 665 4006 cognosci
671 3965 679 3994 .-
697 3951 758 3996 unde
770 3951 830 3996 Gro-
863 3951 951 3998 inserts
961 3967 1011 3999 esre
1023 3954 1073 4001 hee
1084 3955 1238 4016 parenthesis,
1249 3961 1270 4004 ss'
1288 3959 1370 4019 qenai
1391 3975 1440 4020 qua
1457 3963 1483 4008 in

224 4003 305 4048 nesius
318 4003 441 4060 legendum
454 4015 521 4066 putet
532 4023 640 4068 cognosse.
863 4028 888 4060 re
899 4019 976 4075 pessit.

255 4065 286 4112 50
305 4067 391 4113 Onchea
402 4069 426 4114 in
437 4071 462 4114 id
472 4069 618 4132 verecundia]
637 4073 695 4119 Due
707 4075 793 4122 rocula
804 4079 829 4123 in
893 4081 925 4126 ὅθ
943 4077 957 4105 “
967 4081 1030 4127 Ister
1046 4084 1203 4141 permittentes
1221 4081 1328 4146 laricem]
1347 4085 1415 4134 inter
1429 4087 1482 4134 liu·

221 4127 248 4172 id
258 4129 400 4188 restringunt
413 4146 494 4190 pssum
506 4135 610 4194 alioquin
622 4136 729 4183 decoram
741 4140 827 4186 editor·
860 4155 953 4188 menem
972 4145 1147 4204 permittentem
1165 4148 1272 4194 Patribus
1283 4149 1342 4207 quid
1359 4151 1418 4196 dare
1431 4154 1482 4198 rel·

222 4191 332 4237 tstionem
344 4193 374 4238 sd
385 4195 539 4266 omittendam
551 4199 721 4246 verecundisnr.
860 4205 916 4260 lent,
924 4216 947 4252 et
958 4207 1036 4254 Patres
1048 4211 1211 4268 permittentes
1220 4211 1321 4258 Eumeni
1331 4215 1389 4273 quid
1398 4227 1482 4274 petere

252 4254 281 4299 at
301 4255 371 4300 Praut
383 4273 431 4316 eyes
442 4265 524 4308 reerr'tu
534 4257 593 4320 siet]
612 4261 688 4309 Facile
705 4271 740 4310 est
755 4265 828 4312 inter·
860 4269 882 4314 ei
894 4271 1003 4328 placeret.

219 4317 398 4376 pretart,quurn
416 4329 481 4369 tants
498 4329 548 4385 ejus
565 4325 648 4371 merite
665 4327 719 4372 sint.
753 4329 829 4389 Magis
893 4333 926 4380 53
943 4331 1137 4396 'trementem
1172 4335 1217 4383 Cui
1246 4339 1325 4386 nullus
1354 4343 1482 4400 terminus,

230 4391 297 4424 nmen
310 4381 423 4452 plaeeretr
444 4387 579 4449 Propensim
597 4390 792 4451 cumulatiusque.
804 4427 810 4440 .
822 4425 829 4440 .
862 4396 927 4441 nulls
938 4395 1048 4444 finiende
1060 4401 1093 4445 rei
1107 4401 1144 4446 vis
1155 4401 1305 4460 reperiretur.

270 4457 283 4480 r
294 4457 342 4502 eyes
354 4449 499 4500 nemesim.
532 4452 602 4504 Quod
620 4465 650 4498 ne
667 4467 745 4513 regem
758 4457 829 4516 possit
893 4459 926 4506 64
946 4459 1047 4522 Tempta]
1066 4463 1408 4518 truculentiam.
