3094 4954
441 353 529 418 LIII.
552 353 751 418 XXXVIII.
780 353 875 416 CAP.
900 353 944 418 II.
1332 361 1392 424 137

130 523 152 565 a
167 501 318 565 Zenone⁶
333 501 483 585 praeieoto
497 500 637 586 praesidii
651 500 845 585 interceptis,
859 507 891 564 et
901 521 970 564 arce
979 500 1019 564 ab
1028 500 1122 584 regiis
1135 523 1228 566 occu·
1243 521 1273 570 u.
1283 521 1309 568 c.
1321 523 1374 570 aaa

130 595 221 672 pata,
250 607 371 672 paucos
400 585 467 648 dies
497 585 718 648 obsidentibus
747 585 880 648 restitits
903 585 1016 648 deinde
1044 585 1078 648 id
1100 607 1227 670 quoque
1241 586 1308 632 bc·
1323 586 1372 634 189-

132 671 290 734 traditum
316 669 524 755 Amynandro
545 677 605 748 est,
626 677 659 732 et
679 669 783 732 omnis
803 669 994 734 Athamania
1014 669 1047 732 in
1070 679 1226 754 potestate

130 763 213 854 erat,
240 763 358 840 praeter
381 755 575 818 Athenaeum
598 753 773 833 castellum,
793 753 913 818 finibus
937 753 1134 818 Macedoniae
1150 755 1225 819 sub-

125 847 429 1008 JecIi¹.mI‘hilippus,
444 923 552 986 audita
566 922 740 986 defectione
755 923 965 1002 Athamaniae,
988 944 1062 987 cum
1080 944 1135 987 sex
1153 923 1224 988 mii·
1238 927 1358 989 Philippu·

131 1007 221 1070 libus
244 1017 437 1070 armatorum
462 1007 633 1092 proiectus,
652 1007 773 1092 ingenti
798 1008 955 1071 celeritate
970 1007 1138 1092 Gomphos
1153 1031 1224 1093 per·
1237 993 1351 1101 mm·

131 1091 233 1154 venit.
254 1091 300 1154 ibi
314 1091 423 1155 relicta
435 1092 553 1176 majore
566 1101 656 1178 parte
670 1092 836 1169 exercitus,
854 1094 967 1176 (neque
980 1093 1065 1156 enirn
1081 1093 1122 1156 ad
1136 1101 1225 1156 tanta
1237 1119 1374 1180 ingreditur.

131 1175 250 1238 itinera
262 1175 273 1206 ⁸
283 1175 524 1258 subiecissent⁶)
541 1197 615 1239 cum
629 1176 755 1239 duobus
769 1177 909 1240 millibus
922 1177 1123 1255 Athenaeum,
1138 1177 1225 1260 quod

131 1281 238 1324 unum
251 1281 270 1322 a
284 1261 432 1344 praesidIo
448 1281 506 1324 suo
520 1269 679 1324 retentum
701 1261 813 1340 iuerat,
834 1259 986 1346 pervenit.
1021 1259 1104 1336 inde,
1119 1261 1225 1346 proxi-

133 1345 197 1408 mis
210 1345 351 1423 tentatis,
365 1367 470 1430 quum
479 1345 569 1408 saciie
584 1345 868 1423 animadvertisset,
890 1353 993 1408 cetera
1006 1345 1133 1408 hostilia
1145 1365 1224 1424 esse,

134 1429 306 1514 Gomphos
333 1449 505 1513 regressus,
533 1429 681 1493 omnibus
703 1451 740 1492 co
764 1429 803 1492 iis
828 1429 923 1492 simul
945 1429 979 1492 in
1002 1429 1225 1492 Athamaniam

133 1513 240 1577 rediit.
283 1515 445 1578 Zenonem
473 1513 557 1592 inde,
586 1535 661 1576 cum
696 1513 738 1576 m'
765 1535 782 1576 e
816 1513 979 1598 peditibus
1014 1513 1224 1598 praemissum,

135 1598 327 1685 ‘Ethopiam
340 1619 495 1697 occupare
509 1597 613 1682 jubet,
633 1606 812 1682 opportune
822 1597 984 1683 Argitheoe
998 1597 1223 1664 inminentem:

136 1703 233 1768 quem
258 1683 314 1747 ubi
336 1691 438 1746 tenen
453 1703 472 1745 a
485 1682 551 1745 suis
566 1683 671 1745 iocum
683 1682 773 1760 vidit,
786 1682 854 1766 ipse
869 1682 952 1746 circa
964 1681 1119 1766 tempium
1134 1681 1156 1746 J
1157 1681 1225 1746 ovis

133 1768 242 1832 Acraei
254 1767 363 1854 posuit
377 1775 490 1830 eastra.
511 1765 555 1829 ibi
566 1787 668 1830 unum
681 1766 765 1830 diem
777 1766 861 1830 ioeda
869 1775 1056 1852 tempestate
1070 1773 1225 1846 retentus,

134 1862 262 1937 postero
290 1853 340 1916 die
366 1851 482 1915 ducere
510 1851 551 1913 ad
579 1851 766 1936 Argitheam
793 1851 939 1916 intendit.
983 1851 1146 1915 Euntibus
1171 1871 1224 1914 ex-

133 1937 255 2022 tempio
284 1938 457 2021 adparueru
485 1936 689 2014 Athamanes,
717 1935 751 1999 in
779 1936 920 2000 tumulos
949 1935 1140 2000 inminentes
1164 1935 1224 1999 vise

134 2021 357 2085 discurrentes.
390 2021 432 2084 ad
446 2041 582 2104 quorum
595 2029 802 2118 conspectum
817 2021 985 2084 constitere
1001 2021 1104 2105 prima
1124 2019 1225 2104 signa,

133 2113 268 2189 totoque
366 2105 374 2120 ⁹
400 2127 417 2168 e
440 2125 538 2190 pavor
557 2112 589 2168 et
610 2104 777 2189 trepidatio
797 2113 881 2168 erat:
905 2113 938 2168 et
978 2126 1014 2168 ro
1032 2127 1066 2168 se
1081 2104 1135 2188 qui
1174 2125 1224 2181 ue,

135 2189 292 2273 quidnam
342 2199 416 2252 turu
462 2197 555 2267 esset,
570 2209 608 2252 co
632 2189 718 2266 'tare‚
734 2189 760 2251 si
770 2187 804 2252 in
814 2189 911 2252 valles
923 2127 1081 2272 subjectas
1090 2187 1163 2272 rupi
1186 2209 1225 2250 us

134 2295 255 2358 agmen
270 2275 351 2336 foret
364 2274 541 2336 demissum.
625 2295 671 2336 aec
686 2273 892 2337 tumultuatio
903 2293 1020 2356 regem,
1035 2272 1225 2355 cupientem,
1239 2293 1376 2355 sapertun.

133 2359 162 2422 si
177 2380 212 2422 se
228 2367 441 2442 sequerentur,
454 2358 569 2443 raptim
583 2357 714 2421 evadere
734 2357 906 2441 angustias,
928 2377 1072 2418 revocare
1096 2355 1226 2440 primos,

133 2453 168 2507 et
183 2444 305 2522 eadem,
324 2465 387 2541 qua
399 2453 534 2521 venerat,
552 2442 604 2506 ria
622 2442 737 2505 referre
760 2441 863 2526 coegit
888 2441 988 2525 signa.
1032 2441 1226 2504 Athamanes

133 2529 242 2613 primo
265 2549 304 2590 ex
327 2527 491 2592 mtervallo
512 2527 610 2611 quieti
631 2527 862 2610 sequebantur:
884 2533 1054 2612 postquam
1077 2525 1179 2588 AEtoii
1193 2546 1226 2588 se

134 2613 381 2711 conjunxerunt,
397 2613 466 2690 hos,
480 2622 517 2710 ut
530 2612 570 2675 ab
585 2621 675 2696 tergo
693 2611 812 2696 agmini
824 2611 994 2710 instarent,
1012 2609 1208 2694 reliquerunt
1216 2635 1225 2688 ;

132 2695 1226 2866 ttuttttt'shttffiittt..tttttttttttttit

132 2875 187 2928 tus
204 2865 438 2929 Macedonibus
457 2873 507 2928 est
526 2865 689 2949 injectum,
711 2873 749 2928 ut
770 2865 855 2949 fugae
874 2865 975 2948 magis
992 2865 1111 2942 effusas,
1130 2885 1227 2948 quarn

133 2949 257 3014 itineris
273 2949 411 3014 ordinati
426 2950 532 3028 modo,
547 2949 656 3012 multis
670 2949 765 3012 armis
780 2949 917 3031 virisque
937 2947 1064 3026 relictis,
1087 2949 1227 3010 ‘flumen

133 3035 324 3120 trajecerint.
362 3035 415 3098 hic
437 3034 511 3097 tinia
536 3033 689 3118 sequendi
717 3033 788 3098 fuit.
832 3032 912 3096 Inde
941 3039 1012 3094 tuto
1036 3031 1228 3094 Macedones

135 3119 316 3204 Gomphos,
334 3128 366 3181 et
387 3141 406 3182 a
427 3118 586 3203 Gomphis
608 3117 642 3181 in
667 3115 889 3180 Macedoniam
913 3116 1084 3180 redierunt.
1128 3116 1228 3178 Atha·

133 3225 244 3268 manes
260 3203 425 3288 AEtoiique
440 3203 622 3288 Ethopiam,
647 3203 687 3266 ad
707 3203 868 3266 Zenonem
883 3223 919 3265 ac
933 3201 1019 3265 mille
1035 3200 1228 3264 Macedonas

133 3289 372 3374 obprimendos,
387 3287 529 3371 undique
544 3295 781 3354 concurrerunt.
814 3287 1017 3365 Macedones,
1031 3307 1145 3370 parum
1158 3285 1228 3348 ioco

133 3374 217 3452 freti,
233 3374 275 3436 ab
288 3373 428 3457 Ethopia
436 3372 469 3436 in
480 3372 622 3436 altiorem
633 3371 908 3457 deruptioremque
918 3370 1057 3455 undique
1067 3369 1228 3434 tumulum

134 3477 331 3522 concessere.
367 3479 433 3541 quo
454 3456 600 3542 pluribus
623 3455 700 3520 locis
724 3456 812 3522 aditu
835 3455 974 3533 invento,
997 3455 1145 3540 expulere
1174 3475 1228 3516 eos

135 3543 356 3607 Athamanes:
378 3541 610 3627 dispersosque,
631 3548 664 3603 et
680 3561 738 3638 per
751 3539 851 3604 invias
872 3547 966 3622 atque
987 3539 1111 3636 ignotas
1133 3559 1229 3623 rupes

134 3627 195 3691 iter
208 3628 297 3711 fugae
311 3648 375 3692 non
391 3625 603 3711 expedientes,
617 3633 733 3710 partun
747 3632 909 3708 cepenrut,
929 3631 1044 3721 partim
1067 3623 1229 3686 interiece-

133 3719 235 3776 runt:
265 3709 359 3774 multi
386 3731 501 3796 pavore
527 3709 562 3774 in
592 3709 727 3795 derupta
753 3707 952 3793 praecipitati,
979 3707 1128 3792 perpauci
1156 3727 1229 3770 cum

264 3879 381 3932 dream
394 3884 470 3932 Bekis.
846 3879 993 3938 'afferrent
1005 3877 1063 3925 Esd.

164 4043 357 4108 Messe-istest]
381 4046 477 4106 Aliquot
494 4046 562 4093 MSS.
581 4045 675 4101 hebent,
692 4052 750 4092 teste
782 4043 807 4090 in
820 4041 961 4089 membranis
972 4039 1019 4088 suis
1031 4042 1074 4087 sub
1086 4039 1155 4085 iinern
1174 4037 1244 4096 hujus
1255 4030 1336 4092 cepitis
1347 4029 1393 4088 iegi

133 4111 182 4160 ise.
198 4111 328 4166 Gronorio,
346 4112 478 4168 marest.
513 4110 609 4156 Accedit
627 4110 655 4155 iis
672 4117 751 4155 noster
782 4109 894 4167 Aiopem
912 4107 975 4165 culus
984 4105 1085 4152 nominis
1093 4103 1171 4164 piures
1183 4101 1251 4146 urbes
1261 4107 1395 4168 memqrqn·

134 4176 277 4222 Victorinus.
312 4173 392 4234 Atque
409 4175 433 4219 id
446 4174 538 4219 ridetur
555 4173 616 4218 mele
635 4179 750 4218 mantum
782 4167 1059 4222 tursStrsbone.I.IX.
1079 4163 1189 4214 Meminit
1201 4171 1293 4220 quoque
1305 4157 1394 4232 Pirntus

133 4241 163 4286 sb
180 4238 270 4299 iisqui
290 4238 408 4284 nescirent
427 4237 469 4282 iras
487 4243 619 4295 temporum
636 4237 661 4282 in
672 4235 749 4281 serbis
782 4235 864 4294 Alopes
875 4234 899 4279 tn
915 4231 1024 4286 boeriai.
1037 4231 1109 4277 iV.e.
1122 4229 1144 4282 7.
1178 4225 1206 4270 in
1219 4219 1394 4294 victoneosipcs

135 4303 276 4350 nristiorm
292 4303 322 4347 ab
341 4301 436 4362 optimis
456 4301 586 4360 quibusque
600 4299 749 4360 scriptoribus
782 4297 938 4343 detonsarum
963 4305 1062 4353 utroque
1090 4293 1141 4337 ioco
1169 4299 1254 4334 nemea
1278 4291 1393 4330 oetuntts

134 4369 216 4412 erebro
228 4365 346 4424 usurpari.
782 4361 999 4422 prImoEtts'oposs,
1012 4355 1171 4414 deinEopsfl·
1297 4411 1302 4424 .
1337 4411 1342 4422 Ι

166 4431 323 4490 smptus·
341 4423 463 4488 occepere]
481 4425 593 4474 Similiter
605 4425 666 4472 inire
676 4427 752 4472 Atta·
814 4425 941 4471 tFlanes
962 4413 1106 4481 trajecerint]
1135 4412 1260 4490 quodsum
1285 4421 1315 4459 stt
1337 4409 1395 4458 riiuti

134 4509 210 4540 usses
229 4493 346 4554 AEtotiqse
369 4493 496 4552 Ethopiam.
530 4491 577 4536 Sed
599 4489 643 4536 hoe
664 4503 750 4536 nomen
783 4479 1215 4542 dumen,tndicsredebserstinatus.

134 4558 284 4618 Geogrsphis
300 4557 447 4614 incognitum
465 4561 508 4601 est.
543 4553 636 4600 ModIus
654 4559 752 4600 testetur
