3118 5002
183 309 247 374 804
775 304 868 371 'l'l'l'l
891 301 1007 370 LIVIl

186 469 216 517 u.
226 469 253 516 c.
264 468 319 524 ma
349 457 430 520 sorte
444 455 511 520 dies
526 456 575 521 M.
589 456 612 522 J
613 455 709 520 unius
722 455 835 520 consnl
849 475 890 518 ex
909 452 1005 517 lstria
1022 449 1225 516 comitiorum
1248 471 1361 516 caussa
1374 453 1445 516 Ro-

185 535 214 580 ¹¹·
227 533 253 582 ⁰·
267 533 319 588 ¹⁷⁸
349 563 435 606 mam
456 541 553 605 venit.
597 542 684 605 Eum
707 563 808 626 quum
826 539 861 603 in
879 547 992 602 senatu
1011 537 1198 621 fatigassent
1221 535 1339 600 interro
1380 537 1445 600 tio-

349 626 445 690 nibus
458 626 579 690 tribuni
592 626 697 726 plebis
713 624 859 712 Papirius
874 631 907 687 et
922 622 1064 686 Licinius
1079 621 1118 684 de
1132 621 1194 700 his,
1208 643 1281 706 quae
1296 621 1330 684 in
1364 621 1446 684 stria

350 719 456 774 essent
484 718 563 789 acta,
590 733 624 774 m
649 710 834 774 concionem
858 729 985 792 quoque
1012 705 1243 792 produxerunt
1285 707 1340 769 Ad
1368 727 1446 790 quae

350 815 451 878 quum
466 795 588 874 consul,
602 817 635 860 se
649 797 714 859 dies
728 817 788 859 nou
801 796 875 876 plus
894 793 1033 856 undecim
1052 793 1087 854 io
1106 811 1143 854 eo
1155 792 1318 872 provincia
1330 790 1445 871 fisiaco,

350 881 574 966 responderet,·
596 901 661 962 pasc
683 899 715 944 se
739 881 861 943 obrem
885 883 956 940 octo
987 881 1145 952 errentur
1163 895 1288 958 quoqsoe,
1307 881 1342 938 ut
1362 876 1445 952 iilos,
1544 945 1547 957 Δ

343 965 434 1046 samu
447 971 600 1047 comperto
614 965 745 1038 hobere,·
760 961 1014 1047 exsequebantur
1029 960 1142 1023 deinde
1157 967 1346 1043 quaerentes‚
1363 960 1449 1032 Qrcid

351 1051 396 1112 ito
411 1069 471 1112 ooo
478 1051 584 1132 potius
596 1051 637 1113 Α.
653 1049 792 1112 Manlius
805 1049 935 1111 Romam
943 1047 1287 1123 maturationem
1299 1044 1446 1107 redderet

345 1135 458 1216 populo
472 1133 620 1212 Romano,
634 1154 690 1198 cur
703 1153 743 1196 eo·
763 1133 867 1196 Gallio
875 1131 1047 1212 provincio,
1059 1149 1150 1210 ossam
1161 1131 1289 1192 sortitus
1301 1135 1388 1204 esset,
1411 1131 1446 1190 io

351 1219 478 1281 latriam
487 1220 646 1282 transisset
657 1221 673 1282 ?
686 1217 826 1300 ”quoodo
835 1217 870 1278 id
877 1215 985 1278 beilum
995 1219 1118 1278 senatus
1127 1213 1314 1290 decrerrieset,
1323 1213 1446 1294 qumodo

351 1303 387 1364 id
411 1303 540 1366 hemme
548 1306 681 1385 populus
695 1303 850 1366 Romam
867 1299 1038 1382 jeomsetr
1078 1299 1134 1376 At,
1154 1299 1297 1375 Hercule,
1317 1299 1446 1379 privato

352 1387 473 1469 quidem
502 1389 627 1452 coneilio
649 1389 757 1450 beilum
779 1391 948 1466 susceptum
971 1403 1044 1461 erse,
1065 1384 1121 1445 sed
1138 1388 1257 1464 partum
1273 1383 1447 1463 pnsdeater

343 1472 540 1555 sortiterqroe.
582 1474 689 1550 Immo,
707 1477 812 1534 uirum
833 1474 1003 1549 susceptum
1018 1469 1060 1530 m
1080 1469 1215 1548 nequius,
1234 1487 1275 1530 aa
1292 1467 1446 1528 ioscomui-

352 1559 414 1619 tius
431 1564 560 1639 psoium,
583 1557 647 1620 dici
670 1577 730 1618 oon
747 1575 848 1636 posse.
893 1554 1048 1616 Stationea
1072 1552 1148 1614 duas
1170 1553 1382 1632 necopinantes
1407 1551 1446 1612 oi

351 1641 444 1703 Istos's
466 1641 633 1722 obpressos,
656 1645 760 1704 cotra
781 1640 921 1702 Βοηιαπα
947 1643 1048 1718 copto,
1070 1635 1092 1668 ¹⁹
1157 1635 1181 1698 d
1193 1635 1343 1716 peditans,
1366 1635 1449 1716 quod
1555 1687 1556 1714 ,

351 1726 483 1806 cortitum
495 1727 528 1787 in
541 1727 653 1787 castris
658 1723 768 1804 sumit.
798 1728 913 1786 ceteros
926 1724 1056 1784 inomao
1069 1719 1089 1752 ⁸⁰
1181 1739 1246 1802 osse,
1257 1726 1329 1784 ante
1343 1739 1447 1782 omnes

351 1809 499 1872 casualem
512 1811 619 1890 ipsum
638 1809 682 1871 ad
698 1827 784 1870 mare
798 1827 835 1870 oc
848 1827 939 1870 naves
944 1804 1076 1888 Μέθη.
1118 1805 1280 1868 Privatum
1293 1806 1446 1867 rationem

350 1892 540 1955 redditurum
554 1913 659 1956 aarum
673 1913 775 1956 rerum
789 1911 863 1970 esse,
877 1893 1019 1973 quoniam
1032 1890 1136 1954 comui
1148 1891 1302 1952 misisset.

186 1987 293 2034 Comitis.
393 1975 490 2040 VIII.
515 1975 654 2040 Comitia
668 1977 782 2042 deinde
796 1975 914 2040 habits.
950 1975 1097 2038 consules
1112 1973 1218 2052 creati,
1235 1973 1273 2037 C.
1290 1971 1446 2036 claudius
1550 2022 1553 2035 ,

352 2060 499 2160 Pulcher,
514 2061 564 2125 Ti.
579 2061 787 2147 Sempronius
812 2061 997 2125 Gracchus:
1020 2067 1053 2123 et
1070 2065 1197 2144 postero
1220 2058 1270 2121 die
1292 2065 1446 2156 praetores

350 2145 435 2225 iactr,
452 2146 487 2210 P.
506 2147 613 2210 AElius
627 2147 755 2211 Tubero
772 2146 898 2224 itemm,
921 2143 959 2209 C.
979 2143 1151 2210 Quinctius
1175 2143 1383 2218 Flamininus,
1406 2142 1445 2206 C.

351 2230 530 2311 Numisius,
551 2231 572 2264 ¹¹
584 2231 645 2297 CA
667 2231 858 2310 Mummius,
882 2229 942 2294 Cn.
958 2229 1125 2294 Cornelius
1141 2227 1258 2312 Scipio,
1280 2227 1337 2291 (λ’
1350 2226 1445 2290 Vale-
1555 2283 1556 2310 3

349 2315 417 2378 rius
443 2315 605 2382 Laevinus.
647 2315 809 2382 Tuberoni
832 2315 955 2378 urbana
979 2313 1169 2399 jurisdictio,
1196 2311 1348 2378 Quinctio
1431 2350 1446 2362 -

351 2401 460 2484 egrina
487 2402 601 2480 evenit,
628 2401 777 2465 Numisio
802 2399 918 2479 Sicilia,
942 2397 1103 2462 Mummio
1127 2397 1291 2462 Sardinia:
1409 2417 1446 2460 ea

144 2465 149 2474 ¹
186 2505 321 2554 Provincia.
350 2493 482 2570 propter
495 2486 570 2549 belli
584 2485 837 2583 magnitudinem
830 2482 1012 2633 cprovincio
1026 2481 1199 2580 consularis
1212 2481 1304 2580 facta.
1344 2480 1445 2544 Grac-

351 2569 431 2631 chus
446 2589 515 2632 eam
530 2577 670 2646 sortitur,
688 2569 815 2632 Istriam
871 2567 985 2632 audius
994 2591 1003 2647 3
1027 2567 1135 2652 Scipio
1148 2575 1180 2631 et
1195 2567 1347 2630 Laevrnm
1368 2565 1444 2628 Gal-

187 2649 216 2696 0·
230 2649 256 2694 ⁰·
267 2648 321 2704 ⁶⁷⁶·
351 2651 435 2730 ham,
449 2652 482 2714 in
498 2653 577 2716 duas
591 2652 725 2716 divisam
761 2652 927 2731 rovincias,
942 2652 1046 2716 sortiti
1059 2658 1145 2715 sunt.
1178 2649 1291 2714 Idibus
1306 2650 1443 2729 Martiis,

186 2712 216 2822 ἐξ
226 2711 332 2834 ἓῐιὲὲξρ,
351 2755 415 2818 quo
431 2735 481 2798 die
498 2736 705 2821 Sempronius
715 2675 932 2820 Claudiusque
945 2735 1146 2800 consulatum
1159 2735 1309 2814 inierunt,
1323 2733 1444 2798 mentio

187 2839 337 2900 msempm-
351 2827 477 2883 tantum
501 2819 540 2884 de
563 2820 733 2907 provinciis
757 2819 902 2886 Sardinia
927 2821 1084 2905 Istriaque
1103 2821 1169 2883 ”et
1186 2820 1352 2904 utriusque
1370 2820 1444 2882 hos-
1552 2883 1556 2897 .

186 2903 299 2950 ⁰¹⁰⁰⁰⁸²
351 2905 438 2968 tibus
452 2905 524 2985 fuit,
540 2905 595 2991 qui
609 2905 643 2969 in
657 2905 708 2970 his
721 2905 892 2992 provinciis
905 2905 1025 2970 bellum
1037 2905 1247 2969 concivissent
1257 2914 1277 2969 ¹.
1313 2904 1444 2966 Postero
1555 2911 1556 2918 ’

352 2990 403 3055 die
421 2990 547 3078 ”legati
572 2991 755 3072 Sardorum,
778 2991 834 3076 qui
848 2992 890 3056 sd
902 3011 1002 3056 novos
1017 2989 1222 3076 magistratus
1237 2988 1325 3052 dilati
1343 2997 1444 3068 erant,

381 3151 497 3212 somam
507 3153 533 3199 id
543 3152 624 3198 baliam
636 3151 702 3198 uncis
713 3151 767 3198 incl.
778 3151 855 3198 sesa
979 3155 993 3194 i
1006 3150 1031 3196 0.
1043 3149 1058 3195 l.
1072 3149 1100 3196 1..
1114 3150 1181 3196 Cres.
1194 3149 1288 3210 Kreyss.
1302 3147 1378 3194 maa.

569 3219 580 3247 ¹
591 3215 616 3262 G.
629 3215 644 3260 l.
656 3215 683 3262 Ρ.
696 3215 769 3262 Gron.
778 3217 846 3262 cres.
943 3219 953 3248 Ι
964 3217 1120 3262 conscivissent
1133 3213 1197 3260 aaa
1348 3241 1352 3246 ·

219 3359 252 3406 28
270 3360 365 3408 Qsosdo
385 3360 411 3406 id
432 3361 513 3407 taliam
534 3367 626 3408 motas
653 3362 798 3416 memoror,
831 3362 872 3421 qui
885 3361 948 3408 idem
960 3361 1178 3408 videturessecuns
1191 3359 1351 3420 hocproetore.

187 3424 313 3482 quandoid
324 3423 403 3469 helian
412 3420 519 3484 popalus]
539 3423 602 3470 Male
611 3424 714 3484 proiecta
726 3426 797 3471 iters-
863 3425 895 3472 ³2
912 3427 944 3472 m
956 3427 1073 3486 atriasqse
1083 3425 1289 3483 hostibus...qrsi
1307 3425 1330 3468 s's
1343 3423 1379 3468 iia
1387 3437 1440 3482 pro·

188 3495 227 3530 tur
244 3487 270 3532 td
282 3486 369 3532 bedan.
405 3486 471 3532 Tolle
489 3487 606 3547 ingratam
624 3489 798 3548 repetidouem,
831 3490 913 3536 vinciis
926 3491 1006 3536 muns·
1016 3483 1184 3547 ooascioissest]
1205 3487 1255 3532 iloc
1268 3488 1402 3546 totumque·
1418 3489 1441 3531 is
1550 3485 1556 3520 ἵ

188 3556 283 3595 auctore
295 3549 421 3596 Gronosio.
830 3554 867 3600 iis
882 3555 1005 3614 proviaciis
1018 3553 1099 3598 tetiam
1114 3553 1278 3605 conscivissem,
1291 3565 1338 3596 non
1350 3551 1442 3595 ridetur

221 3612 252 3659 29
271 3613 336 3662 Quod
352 3615 461 3673 peditam,
480 3616 539 3676 quod
557 3615 699 3676 equitassem
717 3617 799 3664 rostris
831 3630 881 3663 esse
905 3617 980 3662 Livii:
998 3617 1036 3664 cui
1055 3616 1178 3662 suffecerat
1197 3617 1314 3674 striamae
1333 3615 1440 3668 torribus,

182 3672 271 3750 suerit]
290 3675 389 3723 Videtur
403 3678 471 3738 adlici
489 3679 583 3734 debere,
600 3694 688 3727 caessm.
722 3681 799 3727 Nemo
831 3681 855 3726 id
881 3689 924 3736 ast,
948 3681 1054 3727 hostibus
1083 3679 1124 3740 qui
1146 3679 1170 3724 in
1199 3685 1300 3738 utraque
1321 3677 1442 3736 provincia

189 3753 253 3785 anam
264 3747 345 3800 captus
356 3740 381 3786 in
393 3743 474 3788 castrii
489 3757 539 3790 esse
556 3743 642 3790 dIcitur
659 3759 730 3804 supra
742 3758 760 3790 a
774 3745 796 3791 2
830 3751 904 3790 erant.

190 3803 237 3848 Sed
249 3803 282 3849 M.
297 3803 401 3851 Licinius
413 3807 496 3853 Strabo
513 3821 568 3853 cum
586 3808 658 3854 trium
677 3809 798 3868 signorum
863 3807 894 3854 33
912 3807 997 3869 Legati
1015 3807 1138 3854 Sardorum
1157 3835 1222 3852 ....
1246 3811 1270 3852 at
1285 3805 1314 3851 L.
1326 3803 1442 3850 Miasciss

189 3865 302 3913 militibus
324 3881 404 3914 casua
439 3869 489 3915 Nisi
510 3870 570 3917 forte
590 3871 629 3918 hic
650 3871 797 3932 intelligendi
833 3871 941 3916 ihomas
1040 3872 1065 3916 is
1086 3876 1189 3918 motans
1208 3864 1282 3928 usit]
1309 3867 1441 3913 Gronovius

189 3930 312 3990 suntagri
324 3931 398 3978 relicti
417 3933 441 3979 in
458 3935 547 3990 castris,
560 3949 660 3994 qnorum
671 3935 798 3983 mentioiit
831 3935 911 3981 mallet
928 3940 1044 3982 oemrsst.
1078 3934 1124 3980 Sed
1144 3933 1203 3979 nihil
1216 3933 1310 3978 videtur
1325 3943 1376 3977 esse
1388 3945 1440 3975 mu·

190 4007 210 4039 θ·
223 3995 247 4040 4·
831 3997 920 4044 tatione
939 4011 1006 4058 opus.
1039 3998 1144 4044 Verbum
1163 3997 1265 4043 refertur
1284 3996 1314 4041 ad
1332 3995 1441 4054 eumqui

222 4057 254 4104 ³⁰
270 4055 395 4119 Fssosqse]
424 4059 529 4120 spanos,
549 4059 614 4106 nulio
636 4061 719 4109 ordine
739 4061 799 4108 dila·
831 4061 1113 4116 ultimonominatuaest,
1126 4069 1150 4107 et
1168 4059 1353 4120 intelligendum
1370 4058 1442 4104 relin·
1555 4083 1556 4114 1

189 4123 278 4167 bentes.
312 4121 350 4168 Sia
366 4121 381 4167 1.
395 4122 427 4169 11.
439 4138 459 4168 c.
471 4123 510 4169 M.
536 4124 674 4172 Siculorias
688 4123 800 4186 funditur
832 4125 912 4184 quitur
923 4125 947 4170 in
959 4125 1035 4185 primo
1046 4126 1159 4171 membro.
1186 4125 1223 4170 Sic
1237 4123 1357 4176 Horatius,
1372 4123 1441 4172 Quem

190 4186 337 4232 mmmmm.
371 4186 402 4232 m
414 4187 496 4233 Cicero
507 4201 550 4247 pro
562 4187 650 4244 Sextio,
664 4203 689 4236 n.
701 4187 800 4250 91‚ssai
825 4188 895 4251 juvat
913 4189 1003 4244 elamor,
1019 4191 1135 4251 goieoqae
1153 4187 1442 4236 martinimontis

187 4250 462 4310 perogroaacdispmi.
832 4259 853 4300 te
877 4253 936 4299 Diuo
956 4262 1036 4313 potem
1058 4254 1137 4314 Cypri,
1167 4254 1201 4299 sic
1223 4249 1315 4312 srotres
1339 4250 1440 4306 Helene,

221 4311 249 4357 31
270 4312 299 4358 L,
307 4312 442 4376 Mummius]
455 4313 592 4360 Pranomen
601 4315 682 4361 aberat
690 4317 714 4361 in
724 4316 801 4377 prima
833 4317 910 4363 lucido
921 4319 1004 4373 sidero,
1016 4324 1174 4377 scutorumque
1186 4322 1252 4378 regat
1263 4321 1336 4375 poter.
1372 4315 1442 4360 Corn-

190 4375 301 4422 editione.
335 4376 411 4438 Vulgo
431 4391 493 4424 nunc
516 4378 603 4438 legitur
623 4379 647 4424 C.
670 4379 799 4427 Mummius.
832 4379 899 4441 pluia
920 4379 1006 4426 similis
1033 4394 1062 4426 ea
1087 4379 1185 4426 librarlo
1213 4379 1322 4438 exempla
1350 4378 1443 4438 collegit

191 4437 236 4483 Sed
248 4445 343 4484 vocatur
354 4439 382 4488 1..
391 4442 452 4488 inira
460 4456 479 4488 c
488 4442 511 4498 9,
520 4451 544 4488 et
555 4457 625 4503 snpra
637 4443 651 4488 Ι.
662 4443 799 4493 xxxviii.
834 4443 954 4492 Bentleius
963 4445 988 4493 in
1000 4453 1048 4492 not.
1060 4445 1091 4491 ad
1105 4445 1160 4490 lior.
1174 4443 1218 4490 Od.
1231 4441 1251 4488 l.
1263 4442 1302 4489 24.

190 4513 211 4546 c.
223 4501 262 4559 Μ,
284 4503 373 4550 mentio
392 4505 420 4552 fis
441 4505 467 4552 is.
480 4505 589 4554 Mummii
609 4507 696 4554 tribuni
716 4507 798 4569 piebis,
