3094 4954
426 305 515 372 LlB.
538 303 739 370 xxxviii.
770 307 867 373 CAP.
890 311 984 378 XIV.
1311 327 1373 392 147

106 454 220 520 eastris
235 455 278 520 sd
292 453 477 538 Harpasum
491 455 613 518 flamen
625 463 758 518 ventum
777 461 844 522 est:
866 465 932 543 quo
954 460 1050 546 legati
1069 462 1110 527 ab
1130 466 1206 530 Ala-
1220 487 1249 535 o.
1260 486 1287 536 c.
1299 482 1353 538 aaa.

105 541 221 605 bandis
235 547 404 617 venerunt,
416 546 456 602 ut
470 539 647 618 castellum,
662 541 750 623 quod
764 539 805 605 ab
818 542 897 628 ipsis
916 563 1020 630 nuper
1042 548 1204 630 descisset,
1218 552 1247 598 Α·
1260 553 1286 599 0·
1300 553 1354 602 ¹⁸⁹·

104 633 162 689 aut
177 624 377 703 auctoritate,
391 631 448 687 aut
461 623 568 701 umis,
583 645 621 686 co
661 633 710 687 ret
718 625 792 710 jura
811 628 942 712 antiqua
960 631 1036 714 pati.
1081 633 1204 698 Eodem

105 719 139 774 ct
161 711 350 786 Athamas,
378 708 535 772 Eumenis
555 717 588 771 et
639 709 709 771 ttali
723 709 830 788 irater,
844 731 919 776 cum
935 714 1081 778 Cretensi
1096 717 1203 783 Leuso

105 804 138 858 et
164 793 306 878 Corrago
332 793 510 856 Macedone
533 792 631 856 venit.
666 793 753 856 mille
777 795 901 880 pedites
927 799 1098 863 mixtarum
1125 818 1203 887 gen.

105 880 190 944 tium
203 895 236 943 et
250 886 409 942 accensae
422 877 545 962 equites
559 897 668 940 secum
683 879 893 945 adduxerunt.
927 882 1059 963 Consul,
1071 886 1203 952 tribuno

106 963 245 1028 miiitum
259 962 358 1027 misso
373 983 448 1026 oum
462 962 588 1026 modios
601 963 883 1042 mamacastcium
898 967 929 1029 vi
938 967 954 1006 ¹
964 970 1111 1053 captum¹
1125 972 1201 1035 Ala·

105 1047 325 1112 bandensihus
339 1047 454 1110 reddit.
476 1047 556 1132 ipse,
569 1045 650 1110 nihil
664 1047 716 1110 via
729 1047 900 1133 digressus,
909 1051 950 1114 ad
964 1053 1167 1118 Antiochiam
1177 1065 1200 1098 ¹⁰

105 1155 144 1196 sn
217 1131 422 1195 Maeandrum
436 1151 563 1194 amnem
577 1129 686 1216 posuit
700 1141 812 1196 castra.
858 1135 966 1220 Hujus
980 1139 1082 1201 amnis
1095 1139 1199 1204 fontes
1214 1145 1364 1196 iissnderet

105 1217 152 1281 Ce
193 1217 245 1280 uis
267 1216 425 1280 oriuutrrr.
468 1216 605 1280 Celenae
628 1216 706 1279 urbs
735 1226 834 1302 caput
860 1221 1023 1304 quondam
1052 1223 1200 1309 Phrygiae
1212 1211 1320 1258 ΜΨ·

104 1301 177 1365 hut
204 1301 377 1386 migratum
391 1299 466 1364 inde
481 1301 567 1364 haud
581 1301 693 1386 proord
707 1303 868 1366 veteribus
884 1303 1030 1384 Celaenis,
1045 1327 1200 1393 noveque

103 1385 178 1450 urbi
190 1387 343 1472 Apameae
359 1405 477 1449 nornen
497 1385 635 1449 inditam
659 1385 732 1450 ”ab
753 1389 898 1472 Apamea
907 1399 932 1467 ¹¹,
948 1406 1053 1454 sorore
1076 1391 1199 1458 Seleuci

104 1471 198 1570 regis,
241 1471 288 1534 lit
309 1471 456 1556 Marsyas
478 1470 591 1550 amnis,
613 1471 700 1534 haud
723 1473 835 1556 procul
849 1491 868 1536 a
883 1472 1042 1538 Maeandri
1056 1477 1198 1541 sontibus
1212 1493 1316 1555 umyu

104 1575 220 1634 orrens,
248 1556 283 1619 in
311 1553 516 1619 Mnandrum
545 1555 639 1620 cadit.
683 1552 844 1641 Famaque
871 1557 917 1621 ito
940 1567 1038 1642 tenet,
1061 1561 1197 1626 Celaenis
1209 1559 1292 1606 amnia.

105 1641 269 1725 Marsyam
284 1659 359 1704 cnm
373 1640 522 1726 Apolline
541 1639 692 1704 tibiarum
712 1649 809 1705 cantu
831 1649 977 1708 certasse.
1022 1645 1197 1726 Maeander,

104 1747 145 1788 ex
159 1745 229 1789 aroc
243 1745 369 1790 summa
383 1725 584 1789 Celaenmum
604 1733 704 1805 ortus,
723 1727 828 1790 media
844 1722 924 1792 urbe
939 1727 1118 1809 decurrens,
1140 1744 1199 1816 per

104 1809 203 1874 Caras
216 1811 367 1896 primurm
382 1809 497 1874 deinde
512 1809 619 1889 lonas,
638 1809 673 1874 in
689 1811 795 1874 sinum
807 1811 903 1876 maris
916 1813 1100 1900 editur‚'qui
1114 1816 1198 1880 inter

104 1895 263 1959 Prienen·
285 1903 319 1959 ct
333 1895 484 1959 Miletum
499 1903 558 1959 ost.
600 1895 654 1959 Ad
668 1895 871 1960 Antiochiam
885 1897 919 1961 in
934 1907 1036 1962 casira
1055 1901 1198 1965 consulis

103 1977 267 2059 &lcum
287 1977 440 2044 Antiochi
462 1979 559 2059 fliius,
583 1998 623 2043 ex
645 1980 762 2044 soedece
787 1981 851 2045 icto
874 2000 948 2046 oum
974 1983 1134 2070 Scipione,
1156 1987 1198 2050 ad

101 2065 300 2128 humentum
325 2065 475 2128 exerdtui
505 2065 647 2128 danum
671 2066 768 2130 venit.
813 2067 914 2131 Parra
941 2068 1131 2154 disceptatio
1157 2071 1198 2134 de

101 2149 207 2212 Attali
234 2147 436 2213 auxiliaribus
462 2157 532 2213 orta
560 2158 630 2230 est3
674 2151 749 2230 uod,
772 2149 916 2215 Murano
941 2159 1068 2217 tantum
1092 2154 1196 2234 militi,

101 2243 238 2350 pactum
252 2233 453 2313 Antiochum,
467 2243 505 2298 ut
519 2235 647 2298 daretur
747 2243 869 2314 onium,
892 2236 1044 2300 Seleucus
1062 2237 1196 2302 dicebat.

134 2319 294 2382 Discussa
307 2335 344 2382 ea
358 2337 481 2404 quoque
495 2327 546 2383 est
564 2319 745 2383 constantia
767 2319 918 2399 consulis,
943 2319 998 2404 qui
1013 2319 1034 2352 ‘⁸
1044 2319 1199 2384 dimissui

100 2403 234 2468 tribuno
249 2403 357 2482 edixit,
372 2421 412 2467 nc
427 2404 563 2469 Romani
575 2403 692 2468 milites
702 2401 890 2489 acciperent,
901 2403 1087 2490 priusquam
1096 2405 1197 2471 Attali

101 2489 220 2552 auxilia
248 2490 452 2576 accepissent.
471 2491 475 2500 '
496 2490 576 2554 lude
605 2489 646 2554 sd
669 2487 692 2521 ‘⁸
704 2489 943 2588 Gordiutichos,
959 2491 1056 2590 'quod
1071 2498 1198 2572 vocant,

100 2573 751 2758 effluiuu‘iuuullll‘lllt,
758 2582 985 2746 ῗῖἓῗὲὲἶ
997 2584 1197 2748 imisit

99 2743 141 2808 ud
158 2741 382 2830 Pamphylium
396 2765 493 2808 mare.
529 2741 634 2808 ‘'lnte
674 2743 829 2809 'auribus
839 2743 977 2830 regionis
987 2744 1066 2831 ejus,
1077 2745 1196 2812 feroces

99 2829 140 2894 ad
155 2829 339 2894 bellandum
353 2829 492 2894 hahebat
505 2829 599 2892 viros.
745 2848 873 2914 quoque
886 2831 1019 2914 equites,
1033 2831 1068 2894 in
1081 2853 1195 2916 agmen

100 2915 283 2978 Romanum
297 2916 465 3000 eruptione
479 2914 572 2994 facta,
587 2913 674 2977 haud
688 2913 812 2977 modice
831 2914 933 2998 primo
952 2914 1064 3012 inpetu
1086 2917 1196 2979 turba-

98 3021 192 3064 vere:
215 2999 339 3079 deinde,
354 3009 392 3064 ut
406 2999 564 3085 adparuit,
583 3019 642 3064 nec
655 3020 789 3062 numero
812 3007 879 3076 sel,
898 3019 958 3062 neo
971 3005 1089 3062 arunte
1103 3020 1198 3082 pares

98 3105 180 3164 esse,
205 3083 238 3148 in
263 3085 376 3148 urbem
404 3083 574 3170 compulsi,
598 3083 723 3148 veniam
753 3081 867 3146 erroris
895 3082 1057 3168 petebant,
1083 3083 1197 3146 dedere

97 3169 212 3233 urbem
227 3170 340 3256 parati.
369 3169 390 3202 ‘⁸
399 3169 542 3254 quinque
556 3175 589 3232 et
602 3167 716 3254 viginti
731 3167 851 3232 talenta
864 3167 997 3266 argenti,
1012 3175 1044 3232 et
1058 3167 1080 3200 ‘⁹
1088 3169 1197 3232 decem

97 3253 198 3318 millia
212 3251 409 3318 medimnum
423 3253 519 3318 tritici
533 3253 576 3318 im
619 3259 695 3318 rata
729 3253 775 3316 ita
787 3251 821 3317 in
837 3248 1029 3318 deditionem
1044 3253 1174 3354 accepti.

139 3339 237 3404 xlv.
259 3339 368 3404 Tertio
389 3339 464 3404 inde
485 3339 535 3402 dia
610 3338 736 3403 Chaum
751 3359 877 3402 amnem
891 3345 1098 3424 perventuris
1122 3339 1196 3402 inde

97 3424 234 3509 protecti
257 3423 385 3488 Erizam
408 3424 522 3488 urbem
541 3423 645 3510 primo
667 3423 700 3486 in
724 3430 779 3486 etu
794 3431 957 3508 ceperunt.
1001 3423 1052 3486 Ad
1067 3423 1197 3487 Thabu-

97 3509 170 3574 sion
186 3507 364 3588 oastallum,
377 3509 538 3574 inminens
552 3505 677 3574 flumini
708 3508 784 3586 ndo,
793 3515 926 3572 ventum
937 3513 987 3572 est
995 3533 1004 3588 ;
1018 3507 1071 3572 cui
1081 3507 1198 3572 iecerat

98 3663 339 3730 ιιιικρᾱωιι.
403 3663 700 3730 immanem.
780 3665 1197 3716 emaum-acernaacerna

98 3733 414 3795 ¹msmaess
478 3733 694 3782 amora.
765 3731 945 3779 sumsere
1021 3731 1196 3778 aureuma

128 3875 165 3923 1
188 3875 227 3922 At
241 3876 343 3936 Apono
357 3887 432 3923 more
445 3873 545 3937 deusd]
569 3875 621 3922 imo
643 3886 717 3922 uxore
748 3875 820 3922 hahet
831 3875 891 3921 vict
902 3873 968 3922 iiber.

98 3939 201 3994 mand,
214 3939 263 3986 iliis
276 3939 392 3996 Ansbssi,
408 3947 484 3986 matre
496 3939 606 3986 Antiochi
621 3939 717 3995 soreos,
781 3938 814 3986 td
832 3939 996 3994 Gordiutichos,
1005 3937 1066 4000 qaod
1074 3935 1166 4002 amosi]
1179 3937 1218 3987 Sic
1228 3937 1363 3988 emendavit

97 4005 331 4064 quimaditorurirts
340 3999 451 4064 Apamea
462 4003 514 4051 mit.
549 4003 607 4050 lloec
617 4009 718 4051 testatam
750 4003 889 4050 &unauna
908 4003 973 4048 Prin·
984 4003 1112 4062 legebatur,
1123 4003 1363 4066 quamanimae.

98 4069 191 4122 smus,
203 4067 219 4113 h
233 4067 289 4115 Xll.
301 4081 324 4129 p.
335 4067 389 4123 tlt.
752 4067 794 4113 Est
811 4064 874 4114 enim
891 4062 993 4132 l'opdiou
1009 4065 1100 4130 ηῐχος,
1120 4067 1184 4114 urhis
1202 4077 1296 4120 nomen,
1315 4077 1362 4112 noa

128 4133 162 4179 44
181 4123 602 4196 Discumoqsoqsrerteoristonilo
610 4121 719 4192 remiis]
750 4131 838 4194 popuii

98 4195 223 4246 monde
236 4197 300 4243 nolis
311 4197 358 4244 sias
368 4197 536 4256 disceptatione
548 4196 637 4243 mentio
648 4209 718 4258 sups-
784 4195 815 4253 47
831 4195 932 4260 Integris
955 4193 1053 4260 virilu]
1079 4195 1149 4250 Olim,
1171 4203 1245 4253 quam
1265 4189 1363 4250 integra

96 4261 147 4306 rias
170 4259 234 4306 ints
258 4261 295 4315 ds,
318 4275 365 4308 non
387 4269 423 4308 est
444 4261 483 4308 hic
507 4261 571 4307 bens
597 4261 718 4322 panical-
750 4262 906 4308 virescerent

96 4339 192 4386 μην.
228 4324 311 4386 ltaque
326 4337 355 4372 ss
371 4335 412 4372 sut
432 4325 564 4383 recidenda,
580 4327 717 4372 suclmmu·
781 4323 815 4370 td
832 4325 876 4376 Qat
906 4337 934 4371 aa
945 4327 967 4370 ei
978 4317 1168 4384 rigimiiaienic]
1179 4315 1364 4378 massmanni

97 4390 171 4434 ssu&
183 4395 227 4436 ssi.
750 4395 863 4434 nostmtes
960 4401 1012 4432 curn
1025 4383 1133 4432 unciisdt

129 4455 163 4500 tt
182 4453 283 4501 m
296 4449 399 4516 tritsso]
418 4453 464 4500 Per
473 4453 578 4513 legion&
589 4461 612 4499 si
623 4463 719 4513 corpora
782 4451 814 4498 49
832 4449 913 4498 Decem
931 4451 1002 4496 salillo
1014 4438 1159 4508 medianam]
1177 4439 1251 4494 itocu
1265 4445 1365 4496 Romani

96 4519 226 4566 exereitus.
261 4517 339 4578 ttsgla
361 4526 441 4566 tamen
463 4518 540 4578 placet
561 4520 634 4574 misso,
656 4513 720 4576 quod
751 4507 1078 4571 dictitamuscestdmd.

1055 4573 1111 4634 n2
