3094 4954
402 277 491 341 LIB.
514 275 715 342 XXXVIII.
739 273 835 340 CAP.
859 277 1041 343 XXXVII.
1330 285 1389 354 167

129 431 283 490 senatum
307 424 548 500 consuluerunt.
591 425 643 488 De
664 424 786 490 AEtolia
809 432 842 489 et
864 425 941 488 Asia
962 425 1044 490 nihil
1066 436 1225 496 mutatum
1240 453 1306 503 uc.
1319 455 1374 506 aaa

130 520 191 574 est.
237 507 445 588 Consulibus,
467 508 557 574 alteri
582 508 664 574 Pisae
696 531 770 574 eum
796 509 981 594 Liguribus,
1007 511 1097 576 alteri
1121 514 1226 582 Gallia
1239 519 1305 567 Μ·
1320 521 1373 569 18ᾶ

130 595 297 682 provincia
311 595 438 658 decreta
452 602 510 658 est
545 615 727 680 comparare
742 594 825 658 inter
839 615 884 674 se,
898 603 954 658 aut
969 595 1074 660 sortiri
1082 597 1177 683 jussi,
1192 611 1225 666 et

131 701 233 744 novos
258 679 427 758 exercitus,
445 677 537 742 binas
560 678 710 764 legiones,
730 679 874 758 scribere,
890 687 922 744 et
946 689 985 744 ut
1010 681 1102 745 sociis
1117 683 1224 750 Latini

132 764 271 828 nominis
286 765 386 848 quina
404 763 486 828 dena
506 762 605 826 millia
627 764 783 849 peditum,
798 763 842 826 im
866 773 999 843 erarent,
1015 775 1047 829 et
1064 767 1148 832 mille
1171 781 1223 834 et⁶

131 850 287 912 ducentos
301 849 434 933 equites.
466 847 626 916 Messallae
641 848 824 932 ligneas
857 849 864 862 '
890 850 969 914 atori
980 850 1096 936 obtigit
1108 853 1221 920 Gallie.

132 935 290 998 Praetores
312 933 387 996 inde
410 933 513 996 sortiti
536 941 622 998 sunt.
667 933 716 996 M.
732 933 866 997 Claudio
887 935 1018 1014 urbana,
1034 937 1069 1000 P.
1086 937 1221 1004 Claudio

131 1017 1220 1166 ‘a

400 1149 411 1181 s
457 1149 464 1166 ·
1020 1153 1030 1184 ι
1069 1153 1077 1170 ·

131 1188 313 1252 ulteriorem
328 1196 377 1250 est
392 1187 533 1251 sortitus.
658 1251 666 1266 ‚

174 1271 338 1336 XXXVI.
361 1273 411 1336 De
434 1271 624 1336 exercitibus
647 1271 692 1336 ita
740 1271 848 1336 lacuit.
884 1273 923 1336 e‘¹
939 1273 1044 1338 Gallia
1066 1275 1215 1361 legiones,
1231 1293 1360 1340 sxerdtus.

151 1379 204 1421 uoe
229 1357 290 1420 sub
313 1357 351 1420 C.
365 1357 466 1420 Laelio
487 1358 623 1436 fuerant,
638 1357 678 1422 ad
728 1403 742 1420 ι.
757 1356 913 1420 Tuccium
934 1367 1161 1458 propraetorem
1183 1363 1216 1428 in

130 1379 277 1506 bruttios
298 1441 440 1506 traduci:
462 1449 505 1522 et,
520 1442 576 1528 qui
598 1441 633 1505 in
648 1441 755 1506 Sicilia
776 1449 870 1522 esset,
886 1441 1003 1506 dimitti
1023 1445 1215 1512 exercitum

130 1535 164 1590 et
179 1525 321 1605 ebsecro,
336 1548 409 1611 quae
431 1525 476 1590 ibi
498 1535 591 1606 esset,
608 1527 744 1590 Romam
763 1527 913 1590 reducere
927 1527 976 1592 M.
992 1529 1217 1614 Sempronium

131 1620 368 1697 propraetorem.
412 1611 578 1696 Hispaniis
601 1611 740 1697 legiones
764 1610 909 1696 singulm,
931 1633 1003 1696 quae
1023 1621 1094 1676 tum
1118 1613 1153 1678 in
1177 1615 1216 1680 iis

129 1695 300 1781 provinciis
315 1703 415 1775 erant,
429 1695 581 1760 decreta:
604 1705 637 1760 et
650 1705 688 1760 ut
700 1703 790 1760 terna
802 1695 900 1760 millia
912 1697 1067 1782 peditum,
1076 1699 1216 1765 ducenos

127 1781 252 1866 equites
273 1783 368 1846 ambo
392 1789 543 1867 prmtores
564 1781 599 1846 in
622 1781 880 1880 supplementum
904 1781 996 1846 sociis
1014 1783 1215 1882 imperarent,

128 1887 301 1951 secumque
332 1875 421 1930 trena
463 1874 593 1930 rtarent.
638 1867 827 1950 Priusquam
858 1867 893 1930 in
928 1867 1106 1952 provincias
1140 1871 1216 1935 novi

126 1951 333 2036 magistratus
357 1973 416 2037 pro
440 1950 642 2030 ciscerentur,
671 1973 733 2036 sup
756 1951 861 2015 licatio
889 1951 924 2015 in
953 1952 1096 2018 triduum
1124 1953 1146 1986 ¹⁸
1152 1977 1215 2054 pro

126 2035 262 2120 collegio
287 2036 534 2100 decemviromm
559 2036 714 2121 imperata
733 1973 795 2100 luit
817 2036 852 2099 in
881 2037 1028 2100 omnibus
1056 2039 1214 2124 compitis,

129 2123 151 2152 '⁴
164 2121 254 2204 quod
267 2121 337 2184 luce
358 2121 440 2184 inter
461 2123 572 2185 horam
593 2121 720 2184 tertiam
741 2122 838 2185 ferme
854 2129 886 2184 et
904 2129 1050 2205 quartam
1074 2124 1213 2189 tenebrae
1228 2137 1289 2184 nuce
1302 2145 1368 2184 tene-

126 2205 254 2270 obortae
286 2205 419 2268 fuerant.
453 2215 486 2269 et
514 2205 711 2270 novemdiale
752 2205 940 2269 sacrificium
970 2206 1127 2268 indictum
1154 2215 1213 2288 est,
1226 2203 1377 2250 '’¹⁸⁰¹’0‘¹⁸·

126 2290 217 2373 qnod
232 2289 267 2352 in
280 2289 437 2354 Aventino
448 2291 608 2375 lapidibus
622 2289 767 2376 pluisset
811 2288 977 2373 Campani,
992 2311 1092 2374 quum
1106 2312 1160 2354 eos
1174 2313 1214 2356 ex

126 2374 416 2454 senatusconsulto,
439 2376 526 2458 quod
553 2377 675 2439 sactum
704 2382 771 2438 erat
793 2373 897 2459 priore
925 2383 1043 2451 anno&
1068 2395 1213 2441 censores

129 2459 241 2523 Romae
265 2459 384 2522 censeri
398 2459 605 2544 co'e'gisscnt',
630 2461 715 2542 (nem
736 2467 829 2522 antea
842 2458 999 2522 incertum
1022 2459 1135 2539 fuerat,
1157 2461 1214 2525 ubi

127 2548 342 2626 censerentur)
357 2545 528 2629 petierunt,
543 2555 581 2608 ut
603 2543 664 2608 sibi
679 2545 762 2608 cives
778 2545 938 2607 Romanas
960 2544 1074 2608 ducere
1097 2567 1213 2610 uxores

127 2628 253 2708 liceret3
275 2639 317 2708 et,
331 2629 358 2692 si
372 2630 427 2714 qui
442 2629 532 2714 prius
556 2629 731 2708 duxissent,
746 2639 783 2692 ut
797 2629 912 2693 habere
926 2649 988 2708 eas,
1002 2637 1035 2692 et
1055 2637 1128 2694 unte
1144 2652 1213 2694 eam

126 2713 211 2777 diem
225 2714 324 2794 natiss,
337 2713 386 2778 uti
395 2713 477 2798 justi
492 2714 553 2778 sibi
565 2714 655 2778 liben·
664 2715 867 2798 haeredesque
883 2721 997 2777 essent
1019 2722 1154 2799 utraque
1163 2737 1213 2779 res

125 2799 292 2884 inpetrata.
336 2799 386 2862 De
402 2799 578 2862 Formianis
594 2799 820 2883 Fundanisque
840 2797 1056 2882 municipibus
1072 2808 1104 2862 et
1118 2801 1214 2885 Arpi·

125 2883 255 2948 natibus
270 2883 310 2948 C.
323 2883 469 2948 Valerius
483 2884 638 2970 'l'appusl
650 2885 799 2947 tribunus
810 2883 916 2981 plebis
931 2883 1153 2980 promulgavit,
1165 2885 1214 2948 uti

125 2969 192 3032 iiss
297 2969 314 2983 '⁰
330 2965 406 3033 latio
419 2971 505 3050 (nam
519 2976 592 3033 ante
606 2968 674 3032 sine
689 2969 839 3052 suffragio
849 2966 1026 3029 habuerant
1041 2967 1211 3050 civitatem)

125 3063 219 3117 esset
299 3054 351 3118 uic
369 3054 526 3138 rogationi
551 3061 687 3138 quatuor
709 3052 831 3117 tribuni
854 3049 966 3135 plebis,
991 3049 1153 3133 quianon
1176 3073 1215 3114 ex

124 3139 313 3202 auctoritate
351 3147 480 3204 senatus
517 3139 661 3216 ferretur,
689 3159 790 3222 quum
825 3135 1064 3212 intercederent,
1100 3135 1214 3214 edocti,

126 3223 237 3309 populi
249 3245 328 3302 esse,
338 3245 404 3286 non
418 3231 546 3288 renatus
552 3223 608 3308 jus
618 3223 813 3306 suffragium,
825 3219 942 3305 quibus
952 3219 1038 3298 velit,
1047 3219 1191 3318 inpartiri
1196 3220 1214 3300 ¹,

126 3309 318 3372 destitenmt
339 3307 476 3393 incepto.
520 3309 655 3392 nogotio
675 3309 796 3393 perlata
810 3314 868 3384 est,
886 3303 970 3368 utin
985 3305 1116 3369 AEmiha
1128 3305 1214 3368 tribu

127 3393 288 3456 Formiani
309 3401 342 3456 et
367 3391 524 3472 Fundani,
544 3393 579 3456 in
604 3392 751 3456 Cornelia
765 3391 936 3476 Arpinates
958 3389 1085 3454 ferrent.
1119 3397 1213 3473 atque

126 3477 159 3540 in
173 3477 225 3540 his
238 3477 387 3541 tribubus
406 3485 477 3541 tum
532 3477 539 3492 '
575 3499 632 3540 um
652 3499 691 3541 ex
704 3477 830 3540 Valerio
845 3473 1011 3561 plebiscito
1026 3474 1112 3537 censi
1127 3483 1213 3538 sunt.

127 3561 177 3625 Μ.
201 3561 356 3626 Claudius
380 3499 695 3640 Merceddlncensor,
719 3569 802 3625 sorte
825 3565 973 3644 superato
996 3559 1033 3620 T.
1051 3557 1213 3638 Quinctio,

124 3645 264 3710 lustrum
288 3645 439 3711 condidit.
471 3668 566 3710 censa
591 3647 689 3710 suntl
703 3645 820 3710 civium
842 3643 946 3728 capita
966 3642 1103 3705 ducents
1121 3643 1213 3727 quin-

125 3729 279 3878 quaginta
292 3739 365 3793 octo
387 3731 485 3794 millia
504 3739 646 3794 trecenta
670 3731 778 3794 decem
803 3737 836 3792 et
858 3736 930 3791 octo
941 3725 959 3789 ¹.
1002 3727 1121 3791 Lustro
1141 3749 1213 3813 per-

137 3823 218 3892 ecto,
233 3814 380 3878 consules
394 3815 428 3878 in
442 3815 621 3900 provincias
635 3815 768 3901 profecti
785 3822 871 3878 sunt.

167 3899 351 3963 XXXVII.
374 3899 489 3964 Hieme
513 3921 560 3979 ea,
574 3919 637 3984 qua
660 3901 730 3964 haec
753 3901 865 3964 Roma
885 3907 976 3986 gesta
994 3904 1081 3976 eunt,
1096 3897 1137 3960 ad
1152 3895 1213 3960 Cn.

155 4031 260 4081 ‘etdet
273 4031 345 4080 Gron.
358 4033 424 4080 cres.
522 4027 662 4080 deantur.
738 4029 1068 4094 equospsoreamfasoe
1078 4031 1212 4080 orolGron.

124 4099 191 4146 Um.
205 4097 284 4144 nest.
346 4091 358 4130 ¹
368 4099 587 4159 cotgssuneemert
600 4097 676 4144 sete.
725 4097 1055 4146 tnottanteeomds'enllsd.
1108 4091 1121 4130 ¹¹
1137 4097 1214 4154 Tappo

126 4163 220 4222 [reyes.
234 4161 312 4208 sess.
361 4155 579 4222 ltmtlressekt
620 4155 756 4208 *metet
769 4161 842 4207 Gron.
858 4162 926 4208 Cres.
958 4155 1212 4209 ltrecentaoctollnd.

154 4289 187 4336 Β
204 4289 251 4336 Pro
262 4289 357 4350 collegio
373 4283 560 4346 doctmonte]
579 4285 678 4332 Videtur
689 4285 735 4331 dlol
767 4285 858 4348 collegit
867 4287 987 4332 centullo.

123 4353 264 4414 supplicatio
275 4353 390 4412 imperata
398 4365 442 4412 pro
452 4352 545 4413 collegio
556 4351 735 4406 deemolrom,
799 4349 832 4395 2⁴
851 4349 916 4400 Quod
926 4349 976 4395 lece
992 4377 1049 4394 ....
1069 4345 1166 4392 imbre
1177 4332 1374 4396 obormsmentl

122 4419 146 4464 id
159 4416 421 4473 uuerdebberatione
430 4425 454 4462 et
461 4417 529 4475 jussu
540 4413 630 4473 collegii
642 4413 736 4459 deonn-
769 4411 806 4458 Ob
833 4411 949 4459 delectum
977 4411 1039 4456 sollu.
1084 4407 1137 4452 vu.
1165 4414 1215 4452 aot.
1241 4400 1279 4456 1³,
1300 4401 1330 4448 ad
1361 4403 1374 4448 l

123 4483 236 4536 virorum,
248 4479 450 4541 quemadmodum
468 4479 516 4525 lere
529 4479 543 4524 Ι,
560 4477 600 4524 lv.
613 4491 633 4523 c.
645 4479 684 4532 ll,
694 4491 737 4538 pro
769 4475 894 4523 xxxvii.
907 4491 926 4522 o.
940 4474 962 4530 l,
974 4485 1051 4534 supra·
