3094 4954
184 327 247 392 174
770 321 863 386 TlTl
892 321 1008 386 LIVll

184 477 250 524 uo
262 475 317 523 ⁶⁶⁴·
345 473 549 560 Apolloniam
559 495 660 556 quum
668 471 873 557 pervenisset,
882 471 1027 534 nondum
1038 469 1116 532 adeo
1127 467 1261 532 hiberno
1277 474 1438 532 contemto

184 543 214 588 Α·
224 542 251 590 c'
265 539 317 587 ¹⁸⁸·
348 559 438 636 mari,
452 567 490 622 ut
504 558 645 642 trajicere
659 557 800 634 auderet,
815 555 994 640 Apolloniae
1007 553 1196 618 hibernavit.

391 644 503 708 XLII.
525 643 625 706 Exitu
635 663 735 728 prope
758 641 834 704 anni
853 641 902 704 M.
917 639 1063 703 Valerius
1073 637 1185 701 consul
1206 657 1246 700 ex
1267 636 1439 720 Liguribus

350 728 392 792 ad
405 728 608 812 magistratus
631 726 850 810 subrogandos
870 726 1006 790 Romam
1019 723 1116 800 venit,
1136 721 1225 786 nulla
1244 721 1439 786 memorabili

351 813 385 876 in
404 813 567 897 provincia
585 834 619 875 re
641 819 820 896 gesta⁸,ut
838 831 875 872 ea
897 808 1070 894 probabilis
1090 828 1188 870 morae
1212 827 1324 870 caussa
1347 815 1439 885 esset,

188 918 295 968 comitis.
352 897 439 981 quod
457 897 550 961 solito
570 896 670 960 serius
687 895 727 958 ad
747 895 874 958 comitia
892 893 1041 957 venisset.
1095 891 1234 954 Comitia
1255 891 1440 954 consulibus

352 983 501 1066 rogandis
515 981 645 1046 fuerunt
669 988 742 1043 ante
760 980 844 1042 diem
861 973 1085 1042 duodecimum
1110 975 1271 1038 Kalendas
1295 976 1439 1040 Martias.

353 1067 449 1130 creati
484 1067 534 1130 M.
566 1065 717 1129 AEmilius
749 1065 795 1128 Le
819 1063 901 1141 idus,
926 1061 964 1126 C.
987 1060 1173 1126 Flaminius.
1229 1061 1358 1123 Postero
1388 1061 1439 1123 die

376 1161 504 1216 raetores
528 1150 603 1214 sacti
620 1151 652 1213 A
676 1196 684 1212 .
709 1149 790 1213 Clau
815 1148 863 1210 'us
889 1147 1035 1226 Pulcher,
1060 1146 1127 1210 Ser.
1150 1144 1311 1230 Sulpicius
1327 1144 1440 1223 Galba,

414 1235 581 1300 Terentius
602 1173 725 1312 Cuieo,
746 1235 768 1264 ⁴³
782 1233 820 1296 L.
838 1231 1005 1296 Terentius
1027 1229 1206 1293 Massiliota
1215 1231 1237 1308 ¹²,
1250 1229 1291 1294 0.
1308 1229 1440 1293 Fulvius

355 1321 498 1399 Flaccus,
513 1320 562 1384 M.
578 1319 695 1382 Furius
711 1317 885 1402 Crassipes.
930 1315 1075 1380 Comitiis
1096 1313 1253 1399 perfectis,
1270 1335 1350 1398 quas
1368 1337 1440 1400 pro-

353 1405 472 1554 ps..
486 1405 768 1552 ‘’Tibfflii‘
789 1399 1442 1548 paeuegigaptuugiggugpegffffleongpa·

355 1510 692 1652 lidhiiidssiciliaihwet
714 1509 912 1649 siiKniam
938 1507 1068 1633 diresisilin
1094 1569 1197 1647 ltalia,
1213 1507 1390 1632 Tarentuin
1407 1507 1442 1631 iet

356 1658 503 1722 Galliam.
528 1666 560 1721 et
573 1656 742 1754 extemplo,
754 1655 939 1740 priusquam
954 1655 1071 1718 inirent
1089 1653 1320 1738 magistratum,
1336 1653 1442 1716 sortiri

349 1741 442 1827 jussi.
491 1742 558 1806 Ser.
575 1741 735 1825 Sulpicius
754 1740 917 1818 urbanam,
933 1739 973 1804 Q.
989 1739 1157 1802 Terentius
1201 1739 1377 1822 eregrinam
1394 1749 1442 1801 est

355 1827 496 1892 sortitus.
540 1826 579 1890 L.
603 1825 771 1889 Terentius
791 1825 941 1902 Siciliam,
964 1824 1005 1890 Q.
1021 1823 1153 1888 Fulvius
1176 1761 1364 1902 Sardiniam,
1378 1825 1441 1908 Ap.

192 1931 238 1982 out
250 1929 329 1990 pune·
356 1910 510 1974 Claudius
523 1911 709 1988 Tarentum,
725 1910 773 1973 M.
791 1910 906 1972 Furius
923 1909 1071 1973 Galliam.
1114 1909 1164 1972 Eo
1179 1929 1262 1971 anno
1278 1909 1316 1972 L.
1332 1908 1442 1972 Minu-

191 1995 338 2042 nntroenos
356 1996 424 2060 cius
448 1995 602 2080 Myrtilus
624 2003 657 2058 et
680 1996 719 2058 L.
735 1995 889 2072 Manlius,
903 1995 991 2078 quod
1013 1993 1133 2076 lagatos
1160 1993 1441 2076 Karthaginienses

191 2059 287 2168 {adigi
381 2080 501 2144 ulsasse
528 2081 725 2158 dicebantur,
746 2079 841 2164 jussu
865 2080 914 2143 M.
944 2077 1070 2143 Claudii
1098 2077 1242 2164 praetoris
1272 2077 1360 2142 urbis
1410 2101 1443 2142 er

193 2187 221 2232 υ.
235 2189 261 2231 c.
273 2185 327 2232 sos.
357 2103 482 2230 lecialcs
500 2166 606 2229 traditi
626 2173 702 2228 sunt
721 2163 843 2250 legatis,
865 2173 898 2228 et
920 2163 1149 2246 Karthaginem
1171 2162 1281 2226 avecti.
1327 2163 1366 2226 ln
1387 2101 1444 2226 Li-

192 2250 222 2296 Α·
235 2250 261 2296 ⁰·
277 2249 328 2357 ¹⁸¹⁷,-
358 2250 491 2334 guribus
514 2251 623 2334 magni
647 2249 732 2328 belli,
755 2257 788 2312 et
805 2249 966 2334 gliscentis
986 2249 1020 2312 in
1043 2248 1109 2312 dies
1125 2247 1237 2331 magis,
1262 2248 1346 2312 fama
1367 2256 1443 2312 erat.

192 2313 217 2359 M
243 2314 304 2360 AEm'

191 2327 346 2424 cjpgmfflss
359 2335 465 2419 itaque
485 2335 669 2400 consulibus
687 2334 787 2413 novis,
809 2355 873 2418 quo
893 2335 943 2398 die
965 2333 1003 2397 de
1023 2332 1194 2418 provinciis
1214 2341 1247 2396 et
1269 2333 1308 2396 de
1328 2333 1445 2417 repub-

192 2441 257 2486 coes.
358 2421 418 2484 lica
427 2421 614 2499 retulerunt,
625 2429 753 2483 senatus
764 2419 927 2502 utrisquec
943 2419 1078 2502 Ligures
1088 2417 1282 2504 provinciam
1297 2416 1444 2480 decrevit.

192 2503 295 2580 Ligures.
360 2505 446 2568 Huic
464 2504 739 2568 senatusconsulto
754 2503 897 2587 Lepidus
918 2503 1031 2566 consul
1049 2502 1271 2582 intercedebat,
1284 2503 1446 2584 indignum

191 2579 311 2676 fflm'*
357 2609 421 2652 esse
442 2589 629 2672 praedicans,
652 2589 787 2652 cmuulee
817 2589 920 2652 ambos
956 2591 989 2651 iu
1017 2589 1111 2650 vallea
1134 2589 1285 2669 Liparum
1320 2589 1445 2650 includi.

356 2675 405 2735 M.
419 2673 558 2734 Fbioium
571 2679 601 2735 et
619 2673 673 2736 Cn.
690 2673 842 2736 Manlium
857 2673 1006 2736 Meauium
1015 2673 1096 2754 jam,
1111 2675 1240 2736 alierum
1261 2675 1294 2736 s'o
1307 2673 1445 2754 Europa,

356 2758 486 2820 odeum
499 2759 532 2819 ia
546 2759 635 2835 Asia,
650 2759 730 2820 velut
747 2778 809 2838 pro
824 2758 967 2839 Philippo
983 2765 1073 2839 atqie
1085 2759 1237 2822 Antiocho
1259 2757 1445 2834 misiiiuioe,

355 2861 495 2923 regnare.
538 2843 575 2906 Si
597 2844 747 2906 coecitas
771 2844 805 2905 in
832 2844 882 2905 hia
904 2845 996 2905 terr-ia
1014 2863 1077 2906 esse
1090 2844 1226 2923 placeat,
1252 2843 1386 2906 musuleo
1406 2844 1446 2905 iis

349 2928 465 3008 potiris,
479 2947 569 3008 prom
577 2929 729 3008 privatos,
738 2947 871 3008 moereo
885 2934 1032 3009 oportere.
1082 2929 1197 3009 Vopori
1218 2947 1268 2990 eoa
1291 2947 1358 2990 eum
1376 2927 1446 2990 beili

357 3017 475 3076 terrore
479 3032 540 3094 per
548 3015 695 3090 nationes,
706 3013 813 3094 quibua
828 3014 936 3076 beilum
949 3013 1096 3076 iodicium
1104 3033 1164 3075 eoa
1173 3014 1224 3090 eii,
1230 3015 1446 3096 poeonpretio

355 3099 553 3162 venditantes.
599 3099 634 3161 Si
653 3118 705 3160 eos
712 3099 890 3179 provincius
904 3097 1086 3160 eeerciiibue
1101 3098 1234 3160 obtinere
1252 3117 1326 3180 opus
1347 3103 1446 3167 esaei,-

357 3183 468 3246 “et'cui
482 3183 544 3244 Μ’.
558 3183 660 3244 Acilio
674 3183 711 3244 L.
733 3184 836 3264 Scipio
855 3183 968 3256 consu,
986 3183 1024 3244 L.
1045 3181 1265 3264 ScipiooiiM.
1279 3183 1403 3244 liticine
1416 3187 1446 3244 ei

360 3268 415 3329 Ga.
440 3267 581 3328 Maelius
608 3269 820 3330 accessissent
848 3268 1000 3330 temler:
1024 3269 1070 3330 ita
1093 3267 1198 3330 Fulvio
1216 3267 1395 3348 Manlioque
1413 3267 1446 3328 G.

356 3351 478 3413 Livium
493 3355 523 3412 et
533 3351 582 3412 M.
601 3351 754 3413 Valerium
769 3353 904 3415 maroles
919 3351 1055 3416 auore
1068 3353 1236 3414 accedere.
1258 3372 1339 3414 aare
1355 3357 1447 3428 cerie,

351 3433 489 3516 perfeeto
504 3435 641 3497 AEtoie'co
658 3435 743 3513 bello,
758 3443 880 3518 recepto
899 3437 938 3499 ab
952 3439 1103 3500 Antiocho
1123 3438 1212 3514 Aaio,
1228 3436 1354 3499 detrieiir
1371 3435 1448 3498 Gul-

357 3521 407 3598 lie,
429 3525 483 3582 oui
509 3521 644 3583 eonsules
668 3521 711 3583 od
724 3523 876 3584 wereiieu
899 3523 1071 3586 consulares
1095 3521 1188 3598 mitti,
1218 3527 1272 3584 aui
1293 3521 1448 3604 reportari

383 3671 473 3728 *gesto
485 3683 509 3715 rs
519 3669 598 3716 aeas.
696 3664 855 3718 bMassoiioto
867 3671 939 3718 Gron.
953 3671 1030 3718 aeta.
1064 3671 1143 3720 diosas
1155 3671 1221 3718 Cres.
1333 3673 1448 3732 esets-ique

353 3731 502 3778 (immorer.
632 3727 646 3765 d
658 3733 687 3780 L.
701 3735 776 3795 Scipio
786 3735 868 3791 careal,
880 3735 908 3780 I..
921 3735 1020 3796 Scipioni
1030 3735 1045 3782 1.
1060 3735 1086 3781 L.
1099 3737 1199 3796 Scipioni
1210 3735 1335 3784 omnibns
1348 3735 1414 3782 seu

227 3885 259 3932 43
276 3885 303 3930 L.
325 3884 442 3932 Terentius
465 3883 557 3947 Maso]
581 3887 717 3948 cognomen
734 3889 804 3950 hujus
836 3888 913 3935 illeiu
927 3889 1021 3936 AEtolis.
1056 3889 1103 3936 Sed
1115 3891 1179 3937 Msn.
1193 3889 1307 3936 aditor.
1321 3889 1407 3948 Scipio,
1422 3888 1449 3934 L.

195 3949 301 4010 praetoris
312 3949 397 4010 iegitur
407 3949 452 3998 boc
463 3949 514 3996 loeo
531 3951 556 3998 in
570 3951 640 3998 editis
652 3953 804 4000 srooouoro:
837 3953 939 4013 Scipioni
952 3955 995 4001 Cu.
1010 3954 1112 4002 Manlius
1124 3954 1242 4009 suecessit,
1253 3954 1341 4012 collega
1353 3953 1449 4000 interim

195 4013 292 4060 invit-t
313 4013 391 4062 codice
410 4014 506 4060 Norico.
541 4015 698 4075 Reposuimus
716 4017 804 4074 Masso,
838 4017 870 4063 M.
892 4017 974 4064 Fulvio
994 4018 1081 4064 bellum
1103 4018 1229 4064 AEtolicum
1249 4017 1354 4064 semestri
1372 4017 1451 4076 spatio

196 4077 313 4136 quomodo
322 4077 605 4138 supremitates,
617 4087 641 4125 et
652 4079 713 4126 inira
724 4081 739 4126 l.
752 4081 803 4127 xi.
836 4080 995 4127 intermissum
1023 4081 1206 4141 redintegrante.
1248 4083 1359 4128 Ceterum
1387 4081 1451 4128 hanc

197 4155 216 4188 e.
227 4141 266 4188 85.
836 4145 929 4203 culpem
947 4146 1095 4192 librariorum
1114 4160 1173 4202 esse,
1190 4160 1237 4192 non
1255 4143 1326 4202 Livii,
1344 4144 1451 4191 ostendit

230 4205 261 4252 ii
278 4205 342 4253 Sicst
353 4205 419 4252 Mssa.
430 4206 513 4262 Acilio,
526 4207 555 4252 L.
567 4207 668 4266 Scipioni
678 4207 805 4254 omatibus
837 4208 951 4254 Victorini
963 4209 1048 4256 codicis
1059 4211 1189 4269 scriptura:
1209 4211 1272 4256 Sicut
1284 4209 1316 4256 Μ.
1332 4209 1407 4256 Tullio
1420 4208 1451 4254 L.

197 4269 544 4320 intumescentium
561 4267 729 4331 mutassent]
749 4272 806 4318 litet
839 4272 914 4332 Scipio
933 4275 1017 4332 mesi,
1038 4274 1066 4320 L.
1084 4275 1185 4334 Scipioni
1203 4273 1237 4320 M.
1258 4273 1353 4320 ratane
1372 4279 1396 4320 es
1414 4273 1451 4318 Μ.

198 4347 245 4380 nou
258 4334 354 4382 omniuo
370 4342 479 4382 securata
491 4341 552 4380 sunt
587 4333 670 4394 Neque
682 4335 746 4382 euim
758 4335 806 4382 eol·
839 4335 942 4384 Manliae
959 4340 1123 4385 wmeshsest.
1159 4337 1222 4398 Lege
1235 4337 1300 4384 Mos.
1312 4337 1390 4383 Acilio
1407 4351 1453 4396 pro

198 4396 256 4454 lege
267 4397 362 4446 inerunt
375 4399 440 4447 Man.
453 4398 541 4446 Atilius
550 4405 574 4446 et
586 4398 612 4446 1..
625 4398 710 4458 Scipio,
722 4413 804 4458 quem·
838 4399 872 4448 Μ.
894 4400 976 4456 Tullio,
997 4409 1021 4448 et
1040 4403 1082 4448 Ca.
1101 4402 1204 4450 Maedos
1222 4415 1264 4462 pro
1280 4399 1453 4448 munem.-

198 4459 324 4508 admodum
345 4461 379 4508 M.
398 4461 496 4510 Fulvius
513 4471 537 4509 et
556 4463 600 4512 Cn.
621 4462 740 4517 Manlium
762 4477 805 4509 nee
833 4464 884 4524 Jem
895 4464 1042 4514 omnisssus
1053 4472 1115 4514 sunt

198 4523 281 4570 eodem
292 4538 355 4572 enno
365 4525 490 4588 imperium
501 4527 642 4586 habuerunt,
653 4525 692 4574 hie
703 4526 727 4576 in
740 4526 804 4584 aste,
