3118 5002
232 309 295 372 358
814 303 907 368 Tl'l'l
930 303 1045 368 LIVII

234 473 369 593 lati:
397 451 1500 626 thffii'lli'i‘tllffduiffiiffiffll'dbffig

400 621 1500 702 comumPJntnumbrevtmeoereuusunmmnMaoedonu

398 729 471 772 esee.
497 708 541 770 od
551 727 627 784 eum,
640 705 1000 786 sisutbsucerea'nanimo
1013 712 1100 784 esset,
1114 707 1247 770 mutent
1261 709 1388 790 leputca.
1429 711 1499 774 Ro-

398 813 479 855 mam
492 791 573 874 quod
587 795 740 872 pretereo
761 792 904 866 mitteret,
916 809 977 854 non
999 809 1082 854 esse.-
1106 788 1282 856 ''ncms'nem
1306 813 1416 860 mm
1432 816 1500 874 per

398 879 523 940 ltaliam
536 877 583 938 ire
597 877 760 938 britonem.
805 874 857 939 lta
868 873 1016 951 dimissis,
1032 873 1067 938 P.
1078 873 1201 941 Licinio
1215 876 1337 940 consili
1352 880 1497 942 manda-

399 969 480 1038 tum,
504 959 588 1022 intra
610 959 814 1022 undecimum
837 957 921 1022 diem
936 957 1065 1041 juberet
1087 979 1141 1022 eos
1165 959 1257 1024 Italia
1276 962 1446 1040 excedere,
1462 971 1497 1026 et

400 1045 456 1129 Sp.
466 1043 638 1107 Carvilium
652 1043 802 1121 mitteret,
813 1042 879 1126 qui,
889 1041 990 1106 donec
1002 1063 1116 1108 navem
1128 1045 1398 1123 conscendissent,
1418 1069 1496 1112 cus-

398 1128 524 1192 todiret.
569 1129 649 1192 Haec
674 1129 785 1192 Rome
810 1134 890 1204 acta,
904 1127 1048 1193 nondum
1068 1127 1217 1212 profectis
1232 1127 1265 1192 in
1289 1130 1495 1213 provinciam

399 1213 593 1277 consulibus.
644 1212 719 1276 dam
741 1211 802 1276 Cn.
827 1210 974 1290 Sicinius,
997 1211 1062 1296 qui,
1088 1211 1273 1312 priusquam
1296 1214 1495 1298 magistratu

400 1297 509 1376 abiret,
534 1296 741 1362 Brundisium
763 1296 803 1359 nd
826 1295 957 1362 classem
979 1303 1012 1360 et
1034 1296 1075 1358 ad
1100 1305 1271 1362 exercitum
1299 1299 1496 1381 praemissus

400 1391 477 1461 erat,
491 1381 629 1467 trajectis
644 1380 678 1446 in
693 1380 828 1464 Epirum
842 1379 982 1463 quinque
1003 1379 1144 1446 millibus
1164 1381 1319 1464 peditum,
1332 1385 1495 1447 trecentis

400 1466 571 1550 equitibus,
586 1465 626 1529 ad
641 1465 859 1549 Nymphaeum
872 1463 906 1528 in
919 1485 994 1548 agro
1008 1463 1202 1548 Apolloniati
1217 1475 1319 1534 castra
1335 1467 1492 1532 habebnt.

401 1551 481 1614 Inde
499 1551 645 1614 tribunos
666 1569 740 1612 cum
765 1547 890 1612 duobus
915 1548 1055 1614 millibus
1075 1547 1212 1612 militum
1233 1551 1275 1614 ad
1299 1553 1494 1636 occupanda

400 1635 654 1698 Dassaretiorum
668 1640 701 1694 et
713 1631 893 1716 Illyriorum
908 1633 1045 1712 castella,
1058 1633 1136 1717 ipsis
1151 1635 1383 1702 arcessentibus
1405 1659 1493 1721 prae-

400 1717 488 1796 sidia,
512 1726 550 1781 ut
569 1715 701 1780 tutiores
724 1737 744 1778 a
772 1714 980 1782 finitimorum
1000 1719 1111 1803 inpetu
1131 1717 1344 1784 Macedonum
1367 1731 1492 1800 essent,

399 1801 496 1864 misit.

441 1885 621 1949 XXXVII.
657 1883 770 1948 Paucis
793 1891 868 1968 post
890 1883 1002 1949 diebus
1027 1883 1068 1954 Q.
1082 1885 1235 1968 Marcius,
1248 1888 1289 1952 A.
1302 1887 1435 1968 Atilius,
1458 1899 1493 1953 et

400 1969 436 2034 P.
451 1977 483 2034 et
497 1970 564 2034 Ser.
580 1969 719 2034 Cornelii
734 1969 874 2048 Lentuli,
888 1978 920 2032 et
931 1970 969 2036 L.
979 1969 1154 2049 Decimius,
1167 1971 1262 2057 legati
1276 1973 1309 2036 in
1327 1972 1490 2038 Graeciam

398 2054 498 2134 missi,
513 2055 685 2140 Corcyram
699 2054 843 2138 peditum
868 2053 953 2120 milla
972 2075 1079 2122 secum
1103 2056 1313 2123 advexerunt:
1336 2056 1382 2120 ibi
1404 2058 1490 2122 inter

399 2161 433 2203 se
448 2147 480 2204 et
494 2140 648 2226 regiones,
662 2159 741 2224 quas
763 2139 897 2216 obirent,
916 2147 949 2204 et
962 2138 1079 2204 milites
1094 2140 1277 2207 divisertmt.
1320 2141 1488 2209 Decimius

398 2225 515 2290 missua
530 2235 579 2290 est
598 2226 639 2288 ad
655 2223 819 2303 Gentium,
914 2245 947 2288 m
970 2223 1161 2308 Illyriorum,
1176 2247 1281 2310 quem,
1297 2225 1324 2290 si
1347 2227 1487 2310 aliquem

236 2351 296 2384 cum.
398 2331 432 2374 re
473 2319 578 2374 ectum
593 2309 739 2376 amicitiae
752 2330 825 2372 eum
839 2309 881 2370 ha
920 2329 953 2372 re
968 2317 1119 2388 cerneret,
1128 2317 1260 2388 tentare,
1270 2319 1325 2376 aut
1339 2311 1488 2376 etiamad

398 2395 470 2458 bel'
488 2395 669 2459 societatem
683 2393 856 2479 perlicered
871 2393 993 2477 jussus.
1035 2393 1166 2460 Lentuli
1190 2395 1224 2458 in
1246 2393 1486 2479 Cephalleniam

398 2480 497 2557 missi,
510 2488 548 2542 ut
562 2480 596 2542 in
612 2479 866 2561 Peloponnesum
880 2477 1068 2561 trajicerent,
1083 2499 1169 2543 oram
1192 2499 1232 2542 ue
1245 2479 1392 2557 maris,in
1403 2481 1486 2544 occi-

398 2563 525 2626 dentem
548 2561 640 2638 versi,
667 2570 739 2624 ante
764 2561 900 2626 hiemem
925 2561 1136 2630 circumirent.
1220 2563 1303 2628 arcio
1328 2573 1361 2630 et
1385 2565 1485 2628 Atilio

398 2647 527 2730 Epirus,
543 2645 672 2722 AEtolia‚
687 2652 719 2706 et
733 2645 896 2708 Thessalia
910 2645 1143 2712 circumeundae
1157 2647 1373 2732 adsignantur.
1403 2649 1484 2714 Inde

398 2729 555 2794 Boeotiam
578 2736 672 2812 atque
696 2728 852 2792 Euboeam
876 2729 1037 2813 adspicere
1053 2729 1155 2814 jussi3
1176 2739 1246 2796 tum
1271 2732 1306 2798 iu
1328 2732 1485 2817 Pelopon-

397 2835 510 2878 nesum
534 2813 686 2897 trajicere.
725 2811 770 2876 ibi
794 2833 1019 2898 congressuros
1045 2837 1079 2880 se
1100 2837 1174 2882 cum
1198 2815 1345 2882 Lentulis
1366 2819 1484 2882 consti

396 2907 503 2962 tnunt.
547 2898 736 2982 Priusquam
757 2897 995 2984 digrederentur
1018 2899 1200 2984 aCorcyra,
1214 2900 1313 2969 literae
1337 2903 1483 2966 aPerseo

396 2983 508 3048 adlntae
531 2992 617 3062 sunt,
631 2983 748 3068 quibus
771 2983 942 3067 quaerebat,
970 3005 1042 3068 quse
1065 3006 1176 3050 caussa
1199 2985 1351 3050 Romanis
1373 2988 1483 3050 autin

398 3069 554 3134 Graeciam
567 3069 743 3134 trs'iciendi
756 3069 872 3153 copias,
886 3076 942 3132 aut
954 3069 1049 3134 urbes
1069 3071 1257 3168 occupandi,
1271 3073 1376 3136 esset?
1419 3071 1482 3136 Cui

395 3155 525 3218 rescribi
547 3154 615 3218 nihi
636 3163 648 3193 ⁹
672 3153 811 3237 placuit3
833 3153 950 3218 nuncio
974 3153 1085 3238 ipsius,
1110 3175 1166 3238 qm
1187 3154 1294 3222 literas
1315 3155 1480 3234 adtulerat,

396 3238 468 3316 dici,
477 3238 617 3319 praedo
630 3257 739 3302 cuneo
749 3239 885 3317 ipsarum
898 3238 1018 3302 ortum
1029 3239 1183 3303 Roneonoa
1188 3238 1306 3320 suecra
1341 3240 1481 3318 lentuli,

395 3321 625 3384 circumeuntes
663 3321 874 3404 Peloponnesi
906 3321 1033 3406 oppida,
1062 3344 1163 3406 quum
1199 3323 1266 3388 sine
1301 3323 1481 3392 discrimine

394 3425 504 3467 omnes
525 3403 667 3467 civitates
692 3404 944 3484 adhortarentur,
959 3414 1007 3484 ut,
1020 3427 1084 3489 quo
1107 3407 1223 3486 animo,
1237 3429 1301 3490 qua
1314 3408 1376 3478 fide
1390 3408 1478 3472 ad'u-

393 3488 513 3552 vissent
537 3489 708 3566 Romanos,
737 3487 879 3587 Philippi
901 3490 1052 3574 primum,
1076 3491 1190 3555 deinde
1213 3492 1364 3559 Antiochi
1386 3493 1478 3570 belo,

394 3573 504 3636 eodem
533 3573 683 3636 adversus
714 3572 827 3638 Persea
846 3583 1006 3657 Juvnent,
1031 3575 1193 3642 fremitum
1215 3575 1249 3640 in
1273 3577 1478 3642 concionibus

230 3671 370 3720 sensorum
394 3657 582 3722 audiebantz
613 3657 741 3720 Acbaeis
762 3657 828 3720 indi
852 3659 1013 3732 nantibus,
1037 3659 1147 3724 eodem
1173 3682 1207 3723 se
1227 3661 1296 3724 loco
1318 3682 1395 3738 esse,
1411 3662 1476 3744 (qui

229 3737 337 3796 querela
394 3741 500 3804 omnia
517 3763 537 3805 a
558 3742 660 3828 princi
684 3741 722 3805 iis
736 3679 934 3805 Macedonici
948 3743 1022 3806 belli
1036 3744 1259 3828 praestitissent
1271 3745 1430 3822 Romanis,
1443 3755 1476 3808 et

394 3825 608 3892 Macedonum
640 3764 779 3912 Philippi
806 3826 889 3890 bello
919 3827 1026 3891 hostes
1054 3828 1200 3911 fuissent)
1232 3851 1295 3914 quo
1325 3829 1475 3892 Messenii

393 3917 488 3994 atque
507 3909 581 3988 Elii,
596 3909 651 3994 qui
675 3932 733 3995 pro
746 3911 905 3976 Antiocho
928 3913 1020 3976 hoste
1040 3933 1128 3980 arma
1151 3913 1301 3984 adversus
1321 3915 1474 4000 populum

644 4073 774 4140 speum
786 4080 853 4127 Cres.
993 4083 1059 4128 ‘m
1070 4081 1166 4141 llreyra.
1179 4079 1255 4128 aeis.

259 4237 835 4302 numnemmtatuutntoum]
868 4255 924 4286 usus
943 4247 978 4290 ut
995 4247 1020 4286 et
1037 4241 1119 4288 cicero
1137 4239 1152 4286 l.
1165 4239 1301 4288 insulta
1315 4239 1359 4299 Ep.
1372 4239 1392 4287 1.
1426 4241 1473 4288 Nec

229 4305 288 4352 Fore
300 4313 326 4352 ut
337 4305 455 4352 neminem
466 4318 546 4351 eorum
557 4303 625 4349 licent
636 4304 670 4362 ire
680 4318 722 4363 per
735 4304 835 4351 ltaliam.
868 4313 1110 4352 neceaseestmutara
1125 4305 1233 4351 ιιιιιιοιι
1250 4304 1275 4350 in
1293 4305 1382 4351 mut
1415 4305 1471 4352 Tam

229 4369 561 4428 llocalnecauaaauapectum
572 4367 617 4414 luit
628 4367 753 4414 Gronovlo.
771 4367 835 4414 Llca'·
867 4369 931 4414 enlm
950 4368 1035 4414 dicitnr
1053 4369 1107 4415 licet
1125 4383 1159 4414 sse
1178 4369 1218 4414 boc
1229 4365 1317 4428 facere,
1336 4381 1405 4428 quam
1423 4371 1472 4416 ticet

227 4439 348 4478 serenent
359 4435 491 4492 roxproba,
503 4445 615 4491 quanam
627 4439 662 4478 est
674 4431 755 4480 Livius
766 4445 837 4491 supra
868 4433 929 4478 ιιιι.
964 4432 1014 4479 th.
1029 4431 1119 4480 Noram
1131 4429 1236 4480 Motbod.
1249 4430 1335 4492 lingua
1348 4431 1441 4480 Lutra.

226 4495 243 4540 Ι.
255 4495 356 4542 Xllllll.
369 4511 388 4542 c
404 4495 442 4551 al,
454 4505 481 4542 nt
498 4498 605 4542 observat
624 4497 674 4542 lac.
690 4496 834 4542 Gronovius:
