3118 5002
599 1323 650 1404 T.
702 1319 843 1402 LlVIl
886 1317 1147 1398 PA'rAvlu
1154 1317 1172 1397 1

767 1547 907 1610 LIBER
931 1547 1023 1609 XLI.

797 1789 978 1798 ———

458 1967 1338 2015 *********

355 2055 396 2116 ¹a
407 2061 498 2151 patre
511 2050 545 2113 in
560 2071 638 2136 paoe
652 2049 794 2112 habitam
814 2069 962 2128 armasse,
982 2071 1084 2133 eoque
1096 2049 1260 2135 juventuti
1279 2049 1448 2134 praedandi

190 2110 220 2220 ii]
229 2109 257 2220 g:
269 2107 324 2226 iii
352 2159 394 2204 cu
416 2137 478 2201 ulae
491 2143 658 2221 pergratus
672 2155 741 2197 esse
755 2135 928 2198 dicebatur.

191 2261 299 2307 mm
393 2161 426 2286 l.
449 2221 627 2286 Consilium
643 2219 682 2282 de
697 2219 810 2282 Istrico
825 2218 909 2282 bello
924 2239 1025 2302 quum
1040 2219 1170 2282 haberet
1187 2219 1310 2298 nonnil,
1325 2219 1379 2282 alii
1393 2241 1447 2304 ge-

189 2325 286 2372 ueuum.
353 2309 489 2408 repdum
504 2305 674 2390 extemplo,
689 2312 858 2402 antequam
872 2305 1056 2366 contrahere
1068 2304 1175 2388 copias
1185 2305 1294 2401 hostes
1303 2313 1447 2402 possent,

354 2393 406 2458 alu
430 2391 661 2456 consulendum
678 2410 771 2535 pnus
790 2397 934 2452 senatum
952 2389 1134 2451 censebunt.
1178 2389 1264 2450 Vrcrt
1279 2397 1447 2468 sententia,

354 2499 427 2563 quoe
441 2477 525 2540 diem
538 2497 604 2538 non
642 2474 806 2571 foetebat.
851 2473 1015 2536 Profectus
1029 2473 1069 2536 ab
1090 2473 1236 2558 Aquileia
1250 2473 1364 2536 consul
1379 2495 1448 2536 aaa

353 2571 404 2625 tra
425 2562 466 2623 ad
488 2559 593 2622 lacum
613 2497 736 2619 linari
759 2557 884 2654 posuit3
909 2557 1055 2638 (inminet
1074 2559 1153 2620 mari
1168 2559 1195 2620 is
1210 2558 1308 2640 lacus)
1335 2559 1448 2620 eodem

354 2647 463 2708 decem
486 2643 621 2706 navibus
644 2639 682 2704 C.
699 2641 816 2703 Funus
840 2643 990 2704 duumvir
1008 2641 1127 2706 navalis
1141 2643 1238 2706 venit.
1282 2643 1447 2705 Adversus

355 2729 537 2813 lllyriorum
551 2726 683 2788 classem
696 2725 794 2788 creati
808 2725 969 2788 duumviri
989 2727 1114 2789 navales
1132 2737 1232 2806 erant,
1254 2727 1333 2810 ¹qui
1353 2737 1447 2790 tuen·

354 2815 427 2878 dam
440 2811 553 2896 viginti
567 2809 701 2873 navibus
722 2811 802 2873 mari
824 2811 984 2894 superiore
999 2813 1165 2874 Anconam
1175 2821 1198 2889 ⁸,
1212 2811 1324 2874 velutb
1344 2813 1448 2874 cardi·

353 2921 428 2962 nem
455 2897 625 2960 haberent:
659 2895 732 2957 inde
762 2895 802 2958 L.
819 2895 987 2958 Comelius
1016 2897 1126 2958 dextra
1155 2897 1248 2960 litora
1274 2918 1378 2979 usque
1406 2897 1449 2960 ad
1541 2891 1553 2928 '¹'

354 2986 538 3061 Tarentum,
561 2981 598 3046 C.
614 2980 730 3044 Furius
744 2981 824 3044 laeva
837 3003 938 3064 usque
954 2981 994 3042 ad
1008 2981 1186 3064 Aquileiam
1202 2991 1353 3044 tueretur.
1388 2981 1448 3044 Ea

354 3091 450 3134 naves
466 3067 506 3130 od
519 3066 701 3152 proximum
716 3074 845 3164 portum
863 3065 897 3128 in
920 3065 1021 3128 Istriae
1044 3068 1124 3128 lines
1144 3089 1218 3130 cum
1243 3065 1396 3128 onerariis
1415 3075 1449 3129 et

354 3175 471 3239 magno
486 3160 665 3215 commeatu
683 3171 808 3214 mrssae:
831 3160 1023 3234 secutusque
1041 3173 1115 3214 cum
1135 3152 1164 3214 le
1199 3151 1314 3214 onibus
1333 3151 1448 3214 corisul

355 3240 495 3337 quinque
519 3237 616 3297 ferme
638 3235 771 3297 milliaa
790 3235 868 3297 mari
888 3235 997 3320 posuit
1015 3245 1126 3298 castra.
1165 3173 1210 3298 lli
1225 3244 1323 3320 portu
1337 3257 1448 3320 empo-

354 3345 438 3384 rrum
453 3320 540 3382 brevi
555 3320 760 3402 perfrequens
775 3319 905 3398 factum,
925 3320 1093 3403 omniaque
1112 3319 1186 3384 hinc
1203 3321 1237 3382 in
1252 3329 1356 3382 castra
1371 3321 1448 3383 sub-

354 3405 573 3490 portabantur.
605 3409 648 3478 et,
671 3425 737 3485 quo
757 3403 790 3466 id
813 3405 915 3466 tutius
938 3405 1038 3483 fieret,
1064 3405 1215 3468 stationes
1233 3403 1273 3467 ab
1296 3405 1447 3468 omnibus

355 3499 531 3553 castrorum
545 3487 690 3572 partibus
706 3487 909 3552 circumdatas
922 3498 1020 3552 sunt:
1043 3489 1097 3552 ³in
1118 3489 1307 3572 Istriamque
1330 3499 1447 3552 suum⁶
1546 3517 1553 3524 ·

382 3663 446 3722 ⁸qui
464 3659 554 3706 tuenda
573 3644 657 3720 uiginti
676 3659 771 3705 acubus
790 3662 860 3706 moris
878 3663 955 3720 rupen·
973 3675 1018 3706 ora
1029 3662 1152 3715 Anconam,
1163 3661 1249 3706 omisso
1267 3669 1319 3720 post
1330 3661 1448 3706 Anemo·

351 3732 473 3780 commate,
486 3723 580 3784 Kreyss.
594 3723 669 3770 Bekl.
703 3717 881 3770 boeluaeiuron.
895 3725 961 3770 Creu.
995 3724 1148 3770 “inlati-ian
1158 3739 1244 3771 ursan
1257 3723 1353 3783 Kreyss.
1369 3724 1447 3771 nell.

225 3881 237 3928 l
255 3881 277 3928 A
287 3884 354 3938 putre
365 3879 389 3924 in
398 3893 455 3937 pnes
463 3874 578 3937 butan]
594 3878 708 3937 Quinque
717 3877 802 3922 borum
834 3879 923 3923 tuende
933 3879 1015 3938 viginti
1026 3879 1121 3923 combas
1132 3879 1201 3924 sacris
1212 3877 1295 3937 &puri
1313 3891 1358 3922 ora
1369 3879 1446 3923 Asea·

191 3946 303 3992 librorum
312 3941 443 4000 fragmenta
455 3957 507 4000 quae
516 3943 637 3995 babemus,
645 3941 733 4002 publici
742 3941 802 4000 juris
835 3957 887 3987 nan
898 3944 958 3988 uolut
970 3944 1085 3987 caralim
1095 3943 1210 3988 baberent.
1235 3943 1273 3986 Sic
1284 3942 1298 3986 l.
1312 3941 1362 3986 xl..
1375 3955 1395 3986 c.
1410 3941 1446 3986 lu

192 4009 246 4056 fecit
266 4007 346 4054 Simon
360 4007 477 4065 Gryneus
497 4005 522 4050 in
535 4006 649 4051 Helvetiis
666 4019 729 4050 auno
742 4003 799 4050 1531
836 4005 901 4050 Aur
911 4007 1039 4050 duumviros
1050 4007 1084 4051 ita
1095 4008 1169 4051 &uisu
1181 4007 1264 4051 tuenda
1275 4007 1340 4051 denis
1351 4007 1448 4062 nucibus

192 4069 537 4133 repertaapudmonasterium
548 4069 802 4126 henrimannum
833 4071 948 4114 madelmo
971 4085 1018 4123 ora,
1041 4078 1066 4115 ue
1087 4073 1260 4129 promontorium
1281 4072 1312 4115 s'tr
1334 4069 1446 4114 Minerua
1537 4107 1550 4124 „

194 4137 328 4188 Lorsaense,
348 4147 360 4179 c
377 4133 471 4190 regione
485 4133 661 4191 Borbetomagi:
680 4145 722 4176 nec
742 4133 801 4176 alius
833 4135 893 4178 uelut
905 4135 974 4178 cardo
986 4137 1009 4178 ia
1020 4136 1092 4179 medio
1104 4141 1169 4180 emt.

191 4209 272 4260 postea
283 4199 333 4245 erui
346 4197 421 4257 potuit
440 4197 521 4252 codex,
534 4210 634 4254 quocum
653 4196 693 4240 ills
710 4195 801 4240 conser-
865 4195 1181 4257 ³In1slriomquesuum]
1212 4196 1327 4242 Rescribit
1351 4197 1445 4240 Grono·
1540 4247 1546 4257 ,

191 4273 280 4310 rentur.
314 4263 351 4308 Ex
369 4261 430 4307 unici
443 4259 515 4318 igitur
531 4259 593 4305 illius
605 4259 744 4317 exemplaris
756 4261 802 4304 fide
833 4260 896 4306 vius:
921 4263 943 4306 ia
964 4263 1056 4306 latriam
1076 4277 1161 4306 versiam
1181 4265 1286 4306 stativam
1303 4262 1446 4318 presidium.

191 4327 302 4386 descripti
314 4335 368 4371 sunt
380 4325 403 4370 bi
416 4324 476 4369 libri.
834 4325 959 4383 Repeulim
971 4328 1047 4370 colors
1060 4325 1152 4369 ridetur
1163 4325 1248 4383 exponi
1265 4325 1351 4368 «labere
1363 4326 1447 4368 cohors

224 4393 239 4436 2
258 4392 303 4440 Qui
312 4391 418 4436 tuendam
429 4389 510 4448 uiginti
518 4388 611 4432 nauibus
621 4387 679 4431 mari
687 4389 801 4444 superiore
834 4401 862 4432 cx
875 4403 902 4432 eo
915 4389 1015 4434 militum
1034 4403 1129 4448 genere,
1142 4391 1181 4446 qui
1200 4391 1307 4433 :attuarii
1327 4389 1413 4447 passim
1432 4401 1447 4432 a

192 4449 319 4512 Anconam]
352 4454 422 4499 llune
444 4453 522 4498 locum
548 4451 646 4496 feliciter
667 4449 802 4496 emendavit
835 4451 901 4496 Livio
914 4454 1072 4498 nominantur.
1107 4454 1145 4498 Sic
1157 4453 1247 4498 inires.
1264 4451 1300 4510 lu,
1314 4455 1448 4512 repentinus

192 4516 240 4562 alre
253 4516 467 4640 ffimbffluziblif
481 4516 595 4573 Muretus,
606 4517 650 4562 boe
661 4515 745 4561 modo:
762 4517 802 4576 qut
834 4521 856 4562 ct
865 4517 1027 4564 amaturi&
1035 4519 1153 4564 exercitus.
