3118 5002
135 345 198 410 292
699 339 790 405 Tl'l'l
823 341 936 409 LlVll

137 503 271 558 uoti&
300 511 339 554 ex
353 485 516 574 provincia
538 486 637 548 literse
660 485 794 548 Romam
810 491 975 547 venerunt.
1003 481 1249 566 supplicationes
1271 483 1314 548 ob
1336 505 1390 549 eas

139 572 166 620 Α
179 569 206 618 ⁰·
220 567 272 624 ¹⁷²
300 595 351 638 res
364 580 469 670 gestas
490 571 524 634 in
547 569 689 633 triduum
712 569 846 632 decretae
871 574 956 630 suut.
1001 566 1155 629 Praetores
1181 568 1391 652 quadraginta

73 647 80 656 ⁸
301 657 414 721 hostiis
438 654 611 740 majoribus
628 674 692 801 per
715 651 962 750 supplicationes
984 671 1051 712 rem
1072 651 1211 713 divinam
1235 652 1389 715 fecerunt.

302 741 354 805 Ab
370 741 468 804 altero
483 738 613 802 consule
659 737 807 800 ‚Manho
821 735 901 798 nihil
922 733 1071 797 memoria
1085 735 1219 818 dignum
1234 735 1267 798 in
1290 737 1391 821 Ligu-

303 825 392 889 ribus
405 831 454 888 est
468 831 603 908 gestum.
648 821 733 886 Galli
747 819 878 883 Treueal
902 819 957 896 ini,
972 818 1032 881 tria
1049 819 1148 882 millia
1165 820 1342 898 hominum,
1356 822 1390 883 in

305 909 430 974 ltaliam
447 905 645 991 transgressi,
659 903 818 969 neminem
837 841 921 966 bello
943 903 1142 982 lacessentes,
1156 925 1267 987 agrum
1281 925 1301 966 a
1313 927 1391 967 con-

305 993 452 1058 sulibusi
475 999 508 1055 et
532 998 644 1054 senatu
668 989 829 1075 petebant,
853 997 890 1051 ut
912 988 1016 1072 pacati
1039 988 1099 1052 sub
1122 988 1255 1072 imperio
1278 989 1391 1072 populi

306 1077 443 1142 Romani
457 1083 571 1140 essent
615 1074 682 1138 Eos
703 1081 831 1136 senatus
857 1073 1004 1135 excedere
1030 1071 1122 1135 Italia
1139 1072 1246 1156 jussit,
1262 1081 1294 1134 et
1314 1095 1391 1136 con-

306 1163 408 1226 sulem
424 1161 465 1227 Q
480 1159 629 1224 Fulvium
643 1179 793 1242 quaerere,
808 1165 840 1220 et
852 1156 1098 1219 animadvertere
1112 1157 1145 1219 in
1159 1177 1223 1235 eos,
1233 1157 1288 1240 qui
1302 1157 1391 1241 prin-

307 1247 393 1332 cipes
407 1253 440 1308 et
453 1251 596 1308 auctores
610 1241 852 1306 transcendendi
866 1241 964 1326 Alpes
978 1241 1123 1305 fuissem.

145 1340 266 1399 Phiiippus
350 1331 438 1394 LlV.
460 1329 583 1392 Eodem
608 1349 692 1392 auno
723 1325 890 1410 Philippus
917 1347 972 1388 rex
1001 1325 1225 1402 Macedonum,
1248 1325 1335 1388 senio
1358 1333 1392 1388 et

144 1405 245 1452 ’ΨΜ
307 1435 440 1478 moerore
463 1420 649 1477 consumtus
672 1419 746 1496 post
768 1419 902 1473 mortem
920 1409 987 1488 filii,
1002 1409 1145 1473 decessit.
1189 1410 1392 1473 Demetriade

144 1482 269 1578 ml„
308 1499 504 1576 hibernabat,
519 1519 619 1581 quum
633 1495 786 1560 desiderio
801 1494 913 1558 snmus
926 1494 993 1572 lilii,
1008 1503 1078 1557 tum
1099 1493 1110 1524 ⁸
1116 1494 1306 1592 poemteniia
1319 1515 1392 1557 cru-

308 1583 446 1648 delitatis
459 1603 535 1645 suae.
561 1579 743 1644 stimulabat
766 1577 907 1642 animum
932 1587 964 1642 et
988 1579 1066 1642 alter
1079 1579 1274 1657 iihus,haud
1295 1579 1393 1642 dubie

308 1677 341 1730 et
363 1689 421 1730 sus
442 1675 474 1730 et
493 1665 625 1728 aliorum
640 1663 788 1748 opinione
809 1684 874 1741 tex,
889 1663 1094 1746 conversique
1112 1664 1145 1726 in
1160 1685 1234 1726 eum
1249 1663 1393 1727 omnium

309 1751 402 1828 oculi,
412 1759 444 1812 et
455 1749 607 1812 destituta
614 1755 759 1811 senectus
771 1772 780 1825 3
795 1747 863 1810 aliis
875 1748 1133 1832 exspectantibus
1143 1769 1233 1810 suam
1247 1757 1394 1826 mortem,

309 1834 401 1898 ‘aliis
415 1855 454 1897 ne
468 1832 724 1931 exspectantibus
739 1831 877 1915 quidem.
922 1833 1017 1899 ‘Quo
1038 1833 1139 1917 magis
1161 1832 1347 1930 angebatur,
1362 1841 1395 1895 et

310 1940 384 1982 cum
406 1939 444 1982 eo
456 1919 638 2001 Antigonus
661 1915 844 1980 Echecratis
866 1915 1217 2002 iilius,nomeupatru1
1240 1917 1395 2000 Antigoni

310 2003 423 2082 serens,
437 2001 493 2086 qui
506 2010 594 2066 tutor
609 2001 749 2086 Philippi
763 2001 875 2080 fuerat,
889 1999 1005 2087 ‘regiae
1019 2001 1067 2066 vir
1080 2001 1262 2086 mejestatis,
1276 2001 1395 2065 'nobili

310 2088 404 2150 etiam
428 2108 538 2172 pugna
561 2086 711 2150 adversus
737 2085 939 2150 Cleomenem
975 2086 1252 2150 Lacedaemonium
1281 2086 1395 2151 clarus.

310 2173 462 2236 'luterem
477 2193 549 2235 eum
562 2171 677 2251 Graeci,
692 2179 729 2234 ut
752 2171 938 2254 cognomine
960 2193 979 2234 a
1000 2172 1111 2236 ceteris
1132 2171 1261 2256 regibus
1283 2171 1396 2234 distin-

148 2271 288 2332 snugosus
311 2265 453 2341 guerent,
469 2257 677 2342 adpellaruut.
709 2257 817 2341 Hujus
831 2255 935 2320 fratris
949 2256 1033 2320 iilius
1048 2257 1231 2341 Antigonus
1242 2277 1281 2318 ex
1295 2257 1397 2320 hono-

147 2351 209 2412 ¹¹¹¹¹,¹!
222 2351 250 2412 ²¹,
311 2343 388 2406 ratis
404 2341 543 2428 Philippi
562 2342 670 2406 amicis
693 2363 778 2404 unus
800 2341 1003 2425 incorruptus
1026 2349 1261 2440 permanserat=
1284 2341 1396 2424 'eique

147 2401 276 2510 milli„
312 2447 348 2490 ea
368 2427 457 2504 tides,
472 2447 671 2510 nequaquam
696 2425 833 2489 amicum
860 2426 982 2505 Persea,
996 2425 1249 2490 inimicissimum
1271 2426 1397 2489 iecerat.

147 2535 276 2586 corruptus
311 2510 349 2590 is,
375 2510 571 2595 prospiciens
591 2510 705 2588 animo,
728 2517 847 2593 quanto
876 2532 950 2574 cum
975 2511 1115 2596 periculo
1144 2533 1202 2574 suo
1230 2511 1397 2575 haereditas

311 2595 400 2678 regni
428 2605 562 2658 ventma
589 2601 672 2657 esset
696 2595 736 2658 ad
761 2595 884 2674 Persea,
908 2603 946 2658 ut
965 2596 1105 2694 primum
1127 2595 1232 2660 labam
1255 2596 1398 2660 animum

310 2678 404 2761 regis,
418 2685 450 2739 et
460 2677 662 2760 ingemiscere
671 2677 830 2741 interdum
841 2679 897 2741 lilii
909 2679 1063 2743 desiderio
1077 2681 1196 2760 sensit3
1218 2701 1304 2744 nunc
1315 2702 1397 2766 prae·

311 2761 415 2825 beudo
441 2781 542 2841 aures,
566 2783 652 2825 nunc
675 2761 856 2826 lacessendo
879 2764 973 2827 etiam
997 2765 1190 2828 mentionem
1212 2766 1256 2828 rei
1281 2773 1397 2828 temere

311 2854 400 2925 actae,
417 2867 501 2932 saepe
516 2845 659 2946 querenti
674 2855 863 2946 querens-et
885 2848 953 2948 ipse
971 2850 1088 2948 aderat.
1118 2857 1160 2929 et,
1175 2871 1275 2949 quum
1297 2849 1399 2912 multa

311 2931 451 2996 adsoleat
464 2941 578 2996 ventes
591 2931 731 3017 praebere
747 2953 800 2996 ves
892 2955 952 3012 sui,
966 2956 1054 2998 omni
1068 2955 1128 3020 ope
1143 2933 1322 3020 adjuvabat,
1334 2956 1398 3018 quo

312 3017 467 3081 maturius
482 3017 589 3082 omnia
601 3025 793 3081 emanarent.
856 3019 1003 3104 Suspecti
1016 3027 1068 3082 etr
1088 3018 1224 3082 ministri
1239 3017 1398 3096 facinoris,

312 3103 440 3188 Apelles
454 3103 588 3168 maxime
603 3109 636 3166 et
647 3101 812 3184 Philocles,
823 3109 931 3184 erant3
945 3103 1002 3188 qui
1010 3103 1145 3168 Romam
1155 3103 1250 3189 legati
1262 3103 1399 3180 fuerant,

563 3251 675 3299 tmesis
687 3251 760 3298 (iren.
773 3252 840 3298 Cres.
1033 3255 1080 3298 rst
1091 3251 1167 3299 beist.

150 3388 274 3434 emeodsre
292 3387 388 3433 nititur:
417 3387 533 3442 Gslssitsr,
552 3393 577 3432 st
595 3401 623 3433 ss
642 3389 758 3446 provincis
789 3387 804 3432 l.
818 3387 919 3436 xxxii.
936 3403 954 3434 c,
973 3389 1012 3444 22,
1029 3403 1106 3450 supss.
1138 3391 1249 3437 ceterum
1266 3404 1311 3437 ros
1329 3393 1399 3452 regis

149 3453 233 3498 litters
244 3451 336 3497 sosas
347 3457 462 3505 umet,
473 3451 645 3510 supplicationes
655 3481 662 3496 .
674 3481 680 3495 .
692 3481 699 3497 .
711 3451 757 3496 Sed
789 3461 849 3498 ests
867 3454 999 3512 conJeeturs
1016 3455 1114 3514 Sigonii,
1123 3469 1196 3514 quum
1206 3455 1271 3514 prius
1282 3456 1400 3514 legeretur

149 3515 243 3574 grsrlus
264 3513 367 3574 proiecto
393 3515 458 3560 ulcus
480 3513 544 3560 istst.
589 3513 698 3560 Celeriter
720 3514 759 3560 hic
790 3517 858 3576 regis.

149 3578 245 3625 omnino
263 3577 406 3636 superfluum
424 3584 468 3634 est,
486 3591 529 3624 osc
547 3577 639 3624 ridetur
657 3591 672 3624 s
692 3577 758 3624 Livio
821 3578 837 3633 7
860 3579 1094 3644 Nobili...psgss]
1119 3582 1177 3628 Esus
1199 3581 1308 3628 describit
1328 3581 1399 3642 Poly·

149 3641 279 3702 proiectum
290 3655 348 3687 esse.
790 3641 849 3698 bitu,
872 3643 887 3688 i.
907 3643 939 3689 ll.
958 3657 1038 3692 sersus
1067 3646 1152 3699 finems
1186 3643 1306 3704 'eiusque
1324 3647 1400 3692 obiter

181 3703 354 3752 SPoesitsstio
370 3705 513 3752 crudelitatis
533 3719 588 3752 sse.
621 3705 758 3752 scissum
789 3707 933 3752 mentionem
944 3705 998 3753 iecit
1012 3709 1091 3756 Livius
1102 3723 1172 3768 suprs
1184 3708 1294 3755 xxxiv.
1303 3709 1341 3755 28.

150 3765 260 3829 missen]
280 3765 368 3814 Habuit
379 3777 446 3815 setus
462 3769 545 3816 lectio:
560 3771 695 3829 poesitssiio
705 3784 758 3816 crs·
820 3769 837 3815 8
853 3771 926 3830 Eiqss
937 3771 1035 3829 sufficies,
1045 3787 1183 3833 sequaquam
1194 3775 1289 3818 ombus
1301 3769 1398 3832 Perses]

150 3833 253 3880 dsiiioiis
262 3833 634 3892 suae.qssstisssiststsstnsss
672 3834 757 3878 Vocem
791 3832 822 3878 lit
836 3834 934 3880 esides
953 3835 986 3880 illi
1002 3836 1187 3882 inimicissimum
1203 3835 1289 3882 lecerat
1307 3837 1399 3891 Perses,

150 3913 201 3960 pse
229 3895 337 3956 Sigonius
365 3909 473 3942 mansus
500 3896 630 3943 Florebello
656 3897 757 3943 delevit:
791 3896 830 3954 qui
846 3899 895 3956 Jsrn
914 3897 972 3943 sliss
993 3901 1022 3945 ob
1041 3913 1121 3946 musas
1144 3913 1292 3958 nequequam
1311 3901 1400 3945 amiens

152 3963 266 4008 Grumrus
277 3965 351 4006 mutet
363 3957 387 4005 la
399 3962 460 4020 quise
791 3967 848 4006 erat.
882 3961 1013 4008 Gronovius
1026 3963 1145 4022 scripsisse
1164 3962 1256 4009 Livium
1273 3963 1400 4018 existimat,

182 4028 198 4072 i
226 4024 310 4072 'Aliis
331 4038 359 4070 ss
380 4025 559 4082 exspectantibus
580 4019 679 4083 quiden]
713 4023 760 4070 Sed
790 4037 860 4084 neqss
871 4028 1026 4072 miscuisses
1038 4027 1129 4074 Perses.
1163 4027 1208 4072 Sed
1221 4027 1315 4086 ruigsts
1332 4027 1400 4073 lectio

151 4103 232 4136 senem
243 4086 411 4142 deserentibus,
423 4093 447 4132 et
461 4086 543 4146 iuveni
561 4101 616 4134 mos
635 4095 760 4145 regnsturo
791 4088 847 4134 satis
858 4088 919 4134 clsrs
929 4101 1003 4147 perse
1015 4090 1114 4136 videtur.

152 4153 220 4200 unice
231 4151 322 4198 deditis.
824 4153 840 4198 9
856 4152 959 4210 Suspecii
975 4159 997 4198 si
1012 4149 1240 4214 misturisaeisoris]
1259 4153 1335 4200 Possis
1346 4153 1399 4213 qui·

183 4217 200 4262 d
217 4213 230 4243 ¹
243 4217 291 4266 ου
300 4210 385 4276 sangis]
404 4211 482 4272 Atque
493 4226 521 4260 eo
531 4213 605 4271 magis
616 4213 759 4271 erigebatur:
792 4215 846 4260 dem
858 4215 974 4274 explicere
987 4216 1031 4262 hoc
1049 4218 1132 4264 mmo:
1150 4217 1321 4276 suspicionibus
1341 4231 1401 4276 quo·

152 4287 223 4340 etque
235 4279 290 4326 inde
301 4279 418 4324 crescebat
429 4277 491 4322 iilius
503 4276 575 4322 dolor.
793 4291 839 4336 que
860 4277 999 4325 odorabatur
1018 4279 1159 4339 Antigonus,
1182 4281 1278 4339 quinem
1298 4281 1401 4326 ministri

185 4341 296 4404 tregia
306 4343 341 4388 sir
350 4337 488 4402 mqiestotis]
503 4341 559 4386 llec
567 4339 690 4385 referenda
698 4347 760 4396 sunt,
793 4341 901 4388 iscinoris
929 4341 1032 4390 luissent.
1074 4344 1149 4402 Magis
1176 4351 1255 4390 temen
1283 4345 1400 4402 placeret:

153 4420 201 4452 non
220 4407 250 4451 sd
268 4406 411 4462 Antigonum
425 4403 559 4451 Echecratis
577 4403 660 4458 filiuni,
675 4403 715 4448 sed
730 4405 761 4449 sd
792 4407 891 4464 suspecti
907 4421 934 4450 es
950 4409 1059 4454 ministris
1070 4405 1184 4468 swisoris
1196 4409 1288 4468 Apelles
1305 4411 1402 4456 mosim

154 4469 300 4526 Antigonum
318 4475 418 4513 tutorem
440 4469 549 4528 Philippi,
561 4467 600 4526 qui
621 4480 700 4512 revers
720 4481 761 4512 rex
793 4475 815 4515 et
828 4469 938 4515 Philocles
946 4477 1018 4516 erest.

155 4531 309 4579 Macedonum
327 4527 411 4577 insist
453 4531 488 4578 De
505 4547 532 4580 eo
549 4533 601 4578 ride
619 4539 665 4578 not.
683 4531 714 4584 87
731 4531 761 4576 sd
