3108 4982
463 343 551 408 LIII.
574 342 647 406 XL.
676 342 772 406 CAP.
795 343 929 408 XVIII.
1314 349 1375 412 261

114 491 352 556 abscessenmt.
382 489 471 567 urbs,
487 497 593 553 amoto
617 489 733 554 auxilio
756 511 878 569 eorum,
900 489 984 554 intra
1005 511 1123 576 paucos
1145 489 1212 556 dies
1227 503 1360 560 u.c.sro.

115 585 275 724 aas
291 575 426 723 aaa
444 575 1211 724 .as².re⁶a.r.llaeasssasl
1225 569 1253 614 ⁶·
1267 567 1294 616 ⁰·

116 767 222 808 unum
248 707 367 820 iacto,
396 681 452 827 li.
480 681 651 828 sarlati..
679 743 791 821 sumt,
814 707 902 807 nina
934 744 994 807 alia
1016 745 1211 808 memorabili

117 839 210 912 gesta
224 849 267 906 re,
281 828 437 891 exercitus
452 827 485 890 in
501 827 633 890 hiberna
645 827 854 891 deduxerunt.
899 829 979 892 Haec
994 849 1031 891 ea
1045 838 1154 892 aestate
1176 829 1210 892 in

121 913 279 998 Hispania
297 921 396 997 gesta.
440 911 618 989 Terentius,
643 911 698 994 qui
721 933 759 975 ex
782 933 819 974 ea
841 912 1003 996 provincia
1024 913 1209 990 decesserat,

118 1019 218 1060 ovans
233 997 344 1060 urbem
359 997 440 1059 iniit.
468 996 667 1073 translatum,
683 996 703 1028 ‘⁸
789 997 835 1058 nti
849 997 955 1080 pondo
977 1019 1090 1060 novem
1112 997 1210 1060 millia

118 1089 260 1144 trecenta
270 1081 403 1179 vigiptir
426 1080 493 1143 auri
504 1080 665 1166 octoginta
678 1101 743 1164 pon
766 1103 796 1159 o,
811 1089 843 1143 et
857 1080 878 1112 ⁸⁰
889 1081 961 1144 duae
971 1103 1096 1144 coronae
1105 1103 1208 1145 aureae

117 1166 550 1313 popplplslexpgrop‘tpnsepgrp.
558 1249 642 1311 inter
668 1249 825 1334 populum
852 1249 1150 1334 Karthaginiensem
1174 1259 1206 1314 et
1219 1256 1356 1332 conanus*

116 1353 224 1419 regem
249 1333 454 1397 Masinissam
479 1333 512 1396 in
537 1354 571 1396 re
597 1335 746 1418 praesenti
769 1334 993 1418 disceptatores
1009 1335 1143 1397 Romani
1166 1337 1204 1398 de
1216 1321 1370 1430 ssffiffln

115 1439 192 1516 agro
205 1420 344 1482 suerunt.
370 1439 388 1481 c
447 1427 496 1480 rat
509 1439 582 1480 eum
597 1418 637 1482 ab
654 1418 984 1502 Karthaginiensibus,
999 1427 1089 1503 pater
1104 1419 1204 1482 Masi·
1218 1447 1348 1494 Muluius

117 1523 225 1580 masse,
240 1501 339 1566 Gala:
362 1439 517 1568 uilius
564 1503 625 1564 hax
648 1502 722 1565 inde
746 1503 928 1586 expulerat:
994 1513 1070 1581 stea,
1085 1503 1118 1565 in
1132 1525 1203 1588 gra-

116 1587 196 1648 tiam
225 1587 320 1649 soceri
348 1523 568 1664 Hasdrubaiiii,
598 1587 919 1672 Karthaginiensibus
971 1609 1033 1650 ono
1063 1588 1202 1652 dederat.

118 1670 399 1755 Karthaginienses
414 1693 451 1734 eo
467 1693 550 1734 anno
565 1671 737 1734 Masinissa
751 1671 923 1756 expulerat.
969 1672 1067 1734 Haud
1081 1672 1202 1736 minore

114 1755 284 1819 certamine
299 1757 487 1835 animorum,
522 1777 593 1818 uam
609 1777 709 1840 quum
724 1757 805 1820 ferro
820 1765 852 1820 et
867 1757 932 1819 acie
941 1756 1141 1836 dimicarunt,
1153 1779 1203 1821 res

112 1848 183 1904 acta
197 1841 284 1926 apud
300 1842 471 1904 Romanos.
549 1841 620 1903 arth
662 1841 807 1919 'nienses‚
821 1841 907 1926 quod
922 1841 1025 1926 primo
1047 1842 1203 1926 majorum

112 1945 243 1988 suonam
257 1925 381 2003 fuisset,
395 1924 509 1988 deinde
523 1925 563 1987 ab
578 1862 725 2010 Syphace
744 1925 784 1988 ad
806 1947 839 1989 se
863 1926 1067 2012 pervenisset,
1081 1936 1203 2012 repete-

111 2009 199 2074 bant.
244 2010 426 2088 Masinissa,
434 2011 561 2091 poterni
574 2013 661 2092 repsi
673 2031 780 2093 apmm
790 2029 823 2074 se
832 2017 862 2074 et
875 2013 1031 2091 recepisse,
1047 2017 1076 2074 et
1092 2013 1203 2074 hobam

111 2091 212 2174 ”jure
234 2096 379 2176 peritiam,
400 2094 513 2172 aiebat,
539 2101 569 2157 et
596 2115 714 2174 caussa,
744 2101 774 2157 et
798 2096 989 2176 possessione
1018 2098 1203 2175 superiorem

110 2197 187 2241 esse.
208 2180 287 2240 sarar
307 2180 391 2241 elaad
402 2199 435 2242 ae
452 2181 486 2242 io
506 2199 543 2242 sa
556 2179 774 2260 disceptatione
788 2185 929 2256 osetoere,
948 2199 1038 2260 quom
1055 2199 1093 2240 ne
1103 2181 1203 2260 pudor

108 2263 330 2340 Romanorum,
346 2263 416 2325 dum
445 2270 617 2340 vereantur,
636 2283 674 2325 oe
702 2263 777 2344 qaid
800 2264 882 2325 socio
905 2267 995 2342 utqrrs
1014 2264 1111 2324 amun
1135 2265 1203 2343 rapi

109 2347 259 2410 mermes
272 2365 439 2411 maranes
458 2367 529 2411 suos
548 2354 639 2428 elprae
649 2348 733 2409 iilius
743 2348 843 2409 hostes
853 2347 1014 2409 indulsisse
1027 2345 1202 2424 videantur,

109 2431 220 2496 mac
232 2434 285 2495 sit.
328 2432 441 2516 legati
448 2431 671 2580 possessionis
682 2432 746 2530 ‘jus
770 2451 834 2494 non
854 2437 1030 2494 mutarunt.
1058 2449 1202 2492 caussam

108 2515 266 2599 integram
281 2517 448 2580 Romamn
485 2525 631 2580 senatum
646 2523 831 2601 reJecerunt.
876 2515 916 2578 In
932 2514 971 2578 Li
1036 2513 1106 2578 'bus
1121 2515 1202 2580 nihil

108 2609 223 2747 ppstea
237 2609 371 2684 gestum.
397 2609 590 2664 recesserant
612 2601 751 2686 primum
766 2601 799 2663 in
815 2601 922 2664 deuios
938 2621 973 2663 sa
984 2609 1054 2664 tus:
1078 2599 1201 2678 deiude,

134 2683 242 2758 'misso
256 2686 405 2764 exercitu,
420 2687 538 2771 passim
554 2686 587 2749 in
602 2686 688 2750 vicos
703 2686 892 2770 castellaque
908 2705 966 2748 sua
980 2685 1094 2770 dilapsi
1114 2693 1200 2748 sunt.

109 2768 266 2834 Consrrles
287 2791 415 2854 quoque
429 2771 588 2834 dimittere
605 2771 776 2834 exercitum
791 2771 970 2850 voluerunt,
986 2791 1022 2833 ac
1046 2770 1085 2833 de
1108 2791 1144 2833 ea
1165 2789 1200 2832 re

109 2854 219 2918 Patres
233 2855 473 2918 consuluerunt.
517 2857 541 2890 ‘³
550 2855 695 2918 Alterum
711 2877 750 2918 ex
765 2855 825 2933 his,
837 2856 966 2918 dimisso
988 2854 1138 2933 exercitu,
1159 2855 1201 2916 ad

106 2939 314 3023 magistratus
343 2939 376 3003 in
399 2959 520 3002 annum
545 2941 697 3003 creandos
725 2939 831 3002 venire
858 2940 992 3001 Romam
1013 2939 1199 3022 jusserunt:

106 3023 244 3086 alterum
271 3045 346 3087 cum
368 3025 547 3108 legionibus
573 3024 639 3088 suis
671 3024 753 3088 Pisis
785 3024 933 3086 hiemare.
988 3023 1087 3084 Fama
1122 3028 1199 3098 erat,

109 3107 222 3172 Gallos
235 3109 461 3194 Transalpinos
471 3109 674 3194 juventutem
696 3129 832 3172 armaret
855 3128 924 3185 nec,
939 3105 973 3170 in
989 3127 1085 3189 quam
1099 3104 1200 3188 regio-

107 3213 183 3256 nem
199 3193 300 3256 Italiae
313 3193 453 3256 effusura
466 3213 500 3256 se
514 3193 687 3257 multitudo
701 3201 794 3271 esset,
814 3191 981 3255 sciebatur.
1010 3189 1055 3252 ita
1068 3189 1151 3253 inter
1166 3209 1200 3252 se

107 3276 256 3340 consules
280 3285 514 3362 compararunt,
536 3285 574 3342 ut
599 3277 660 3342 Cn.
676 3277 806 3342 Baebius
828 3277 869 3340 ad
891 3275 1019 3340 comitia
1040 3273 1110 3356 iret,
1125 3273 1200 3359 quia

108 3361 159 3424 M.
176 3361 306 3424 Baebius
321 3361 416 3425 frater
429 3362 498 3447 ejus
511 3361 712 3426 consulatum
725 3361 863 3447 petebat.
1213 3375 1241 3421 υ.
1252 3375 1278 3422 c.
1290 3375 1346 3430 571.

151 3445 283 3509 XVIII.
307 3443 445 3510 Comitia
458 3447 643 3510 consulibus
661 3447 810 3532 rogandis
832 3446 928 3510 haere.
956 3442 1051 3508 creati
1067 3443 1103 3507 P.
1119 3441 1198 3506 Cor·
1211 3440 1239 3549 ὲ·
1246 3439 1362 3560 3031110,

107 3527 213 3592 nelius
228 3529 402 3615 Cethegus,
417 3531 466 3594 M.
482 3531 613 3596 Baebius
624 3531 821 3616 Tamphilus.
853 3531 1009 3594 Praetores
1023 3529 1097 3592 inde
1111 3527 1198 3606 facil,
1212 3567 1244 3613 ῃ,
1259 3567 1337 3615 Mi„

9 3653 11 3672 .
107 3613 175 3678 duo
191 3613 233 3680 0.
248 3614 350 3694 I'abii,
365 3615 528 3682 Maximus
542 3623 575 3680 et
589 3615 705 3694 Buteo,
718 3615 787 3679 Τί.Ιι
801 3613 955 3679 Claudius
970 3614 1067 3692 Nero,
1083 3611 1125 3679 Q.
1141 3613 1201 3676 Pe-
1211 3635 1275 3681 eon

557 3763 572 3801 ¹
586 3767 611 3814 0.
625 3767 697 3813 Gron.
707 3765 775 3813 (ires.

141 3905 177 3953 59
192 3905 290 3968 Argoura
303 3909 378 3966 meo
394 3919 470 3955 scaen
487 3907 560 3954 salillo
575 3911 674 3954 inmte
684 3907 720 3952 al·
752 3915 890 3951 coronarum
912 3917 960 3949 non
982 3915 1074 3962 semper
1095 3901 1207 3963 exprimit
1226 3899 1314 3954 Italus,
1335 3903 1362 3943 ut

107 3965 183 4031 glast]
202 3969 289 4016 Merces
305 3978 419 4017 nudate·
433 3971 526 4026 Ihm,
538 3985 591 4017 cum
610 3969 719 4017 uncti-e
752 3969 850 4029 eupral.
863 3967 974 4014 xxxix.
987 3981 1006 4013 c.
1018 3967 1056 4014 29.

110 4033 174 4080 sert
184 4035 298 4094 eclogam
305 4036 387 4094 pondo.
422 4035 509 4081 Maras
521 4033 576 4082 lae.
784 4032 813 4078 al
833 4033 848 4063 θ
857 4031 913 4078 Jcrs
928 4027 1042 4094 gestium]
1060 4029 1117 4076 iure
1135 4029 1198 4088 apud
1209 4039 1290 4073 omnes
1301 4037 1359 4084 gen·

143 4097 177 4144 aa
193 4097 252 4143 uua
262 4111 348 4144 carm
359 4111 435 4146 cerea
443 4100 518 4160 pondo
534 4099 654 4160 sexagirrta
670 4111 721 4158 sep·
753 4103 787 4142 tes
799 4103 899 4155 recepto,
907 4103 933 4141 ut
944 4109 1025 4141 eorum
1037 4109 1089 4154 quae
1100 4093 1204 4154 possedit
1214 4097 1288 4150 petes,
1298 4087 1360 4134 llllue

111 4157 169 4220 aa]
188 4161 316 4220 Sexaglnte
326 4169 416 4222 septem
427 4163 506 4222 pondo
517 4161 621 4208 efficiunt
632 4173 721 4207 merces
752 4161 829 4206 haeres
841 4159 878 4205 sit.

110 4233 228 4270 umentes
237 4225 290 4280 toa.
300 4225 381 4270 unclss
389 4227 412 4280 b,
421 4225 565 4272 semunciam
577 4223 597 4272 l.
615 4223 720 4271 Niqum
784 4223 817 4270 di
833 4223 937 4269 Alterura
946 4237 974 4269 es
982 4223 1024 4278 his,
1032 4221 1123 4268 dlectare
1130 4213 1243 4276 assuta]
1256 4215 1360 4288 Apppret

109 4287 216 4348 profecto
227 4289 326 4348 pondus,
338 4289 401 4348 quod
412 4289 437 4335 ln
449 4289 507 4336 duee
518 4303 614 4336 eorunm
628 4289 721 4348 lmpen·
754 4301 783 4333 ει
795 4301 814 4334 c.
828 4285 866 4346 la,
881 4293 905 4332 et
916 4299 935 4333 c.
947 4287 986 4342 26,
998 4283 1066 4340 infre,
1081 4291 1191 4329 neutrum
1202 4294 1216 4326 e
1227 4275 1360 4324 consulibus

109 4353 188 4398 detur.
223 4351 307 4412 Itaque
318 4353 402 4398 villosa
416 4353 496 4414 procul
509 4353 580 4399 dublo
591 4353 641 4398 hee
652 4351 721 4398 lectio
753 4351 881 4396 exereitum
898 4351 1021 4396 dlmlsleee.
1056 4345 1154 4393 Mutatio
1172 4343 1282 4389 nlmlrunr
1299 4349 1359 4387 mm·

108 4425 153 4472 eea,
165 4429 180 4461 a
192 4415 293 4462 Gelasio
304 4415 410 4462 laesere:
428 4425 453 4462 et
464 4417 594 4462 nascende
605 4415 682 4476 pollue
694 4427 722 4462 ee
752 4415 847 4474 poribus
874 4421 965 4460 mutate
982 4419 1018 4459 set
1037 4417 1062 4458 et
1082 4415 1177 4457 senatus
1196 4415 1220 4454 et
1236 4405 1360 4456 morulam

108 4493 182 4538 qnam
205 4479 246 4524 ille
265 4479 409 4526 allmlnsrit:
437 4481 490 4526 cari
505 4481 618 4542 aerugines
636 4485 659 4525 et
677 4479 722 4526 dea
753 4479 868 4525 voluntas.

107 4545 190 4604 pade,
202 4557 290 4590 eorm
301 4557 377 4591 aerea
388 4545 507 4606 aromate
518 4549 609 4604 septen.
627 4541 721 4590 Pondus
