3098 4958
421 321 509 386 LIB.
531 319 655 386 XLIV.
687 319 784 387 cAP.
807 321 942 386 XXIII.
1316 329 1378 392 431

117 475 260 554 suerunt,
276 473 299 508 ²⁸
310 471 345 536 in
358 477 467 536 monte
481 471 633 536 sacrificio
646 471 707 536 rite
726 479 918 620 ΨΜ,
931 471 1078 557 protinus
1092 472 1167 536 inde
1181 479 1214 538 et
1229 493 1258 542 u.
1270 495 1296 542 c.
1308 497 1363 543 ott

117 559 233 624 consul
247 567 281 622 et
295 565 415 643 praetor
429 555 490 621 Cn.
507 555 662 620 Octavius
683 555 717 620 in
773 556 956 620 aoedoniam
976 557 1110 642 profecti
1128 567 1214 622 sunt.
1229 561 1256 608 t-
1267 561 1293 607 ⁰·
1309 559 1362 608 ¹⁶ss

116 644 287 708 'lhaditum
301 651 351 706 est
363 641 535 720 memorie,
549 641 677 726 majore,
688 661 785 725 quam
800 640 902 719 solita,
916 641 1094 726 frequentia
1108 663 1215 742 prose-

118 729 289 814 quentium
304 727 469 791 consulem
483 725 696 805 celebratum,
717 747 754 788 ac
768 746 869 811 prope
884 734 971 790 certa
987 747 1044 812 spe
1058 735 1215 791 ominatos

119 835 189 878 esse
219 812 374 891 homines,
400 809 530 874 '‘finem
552 831 620 874 esse
643 809 851 874 Macedonico
874 809 969 890 bello,
991 818 1215 896 maturumque

119 897 260 962 reditum
274 917 349 961 cum
363 895 490 981 egregio
502 893 666 980 triumpho
681 894 821 958 consulis
835 895 912 960 tore.

165 981 300 1046 XXIII.
321 981 412 1045 Dum
433 981 503 1044 hoec
527 979 561 1042 in
582 979 674 1043 Italia
695 987 861 1063 geruntur,
884 979 1028 1058 Perseus,
1041 981 1129 1066 quod
1146 980 1214 1066 jam
1228 997 1305 1046 tenet

121 1066 307 1130 inchoatum
320 1065 482 1164 perficere,
497 1064 572 1148 quia
584 1065 718 1149 inpensa
738 1064 883 1148 pecunia
896 1063 1040 1128 facienda
1057 1073 1134 1144 erat,
1149 1087 1214 1130 non
1227 1063 1360 1124 adparatus

120 1151 293 1216 inducebat
321 1172 357 1214 sn
385 1149 538 1228 animum,
567 1157 605 1212 ut
633 1147 788 1212 Gentium
815 1147 997 1233 lllyriorum
1022 1171 1129 1235 regem
1155 1150 1215 1216 sibi

120 1237 328 1320 adjungeret,
364 1235 436 1312 hoc,
464 1243 635 1320 postquam
664 1233 798 1296 intrasse
826 1233 943 1296 saltum
982 1235 1153 1314 Romanos,
1183 1243 1216 1299 et

119 1321 231 1384 adesse
246 1319 416 1384 discrimen
431 1319 581 1383 ultimum
602 1317 677 1382 belli
700 1317 932 1396 animadvertit,
947 1339 1013 1382 non
1028 1319 1112 1382 ultra
1126 1321 1215 1383 diffe-

119 1405 258 1469 rendum
272 1411 380 1484 ratus,
402 1425 502 1488 quum
515 1425 572 1488 per
588 1401 742 1552 Hipgism
756 1402 897 1488 legatum
913 1403 934 1434 ¹⁸
943 1409 1083 1468 trecenta
1092 1405 1215 1489 argenti

119 1489 243 1554 talenta
289 1497 377 1553 actus
401 1497 494 1567 esset,
507 1487 552 1552 ita
574 1495 650 1552 uto
674 1487 758 1551 sides
780 1487 865 1552 ultro
891 1487 1032 1572 citroque
1053 1489 1214 1569 darentur,

122 1511 346 1638 Pantauchum
374 1573 470 1652 misit,
491 1595 530 1636 ex
555 1571 717 1636 fidissimis
742 1571 863 1652 amieis,
886 1573 927 1636 ad
952 1594 988 1636 ea
1010 1573 1213 1672 perficienda.

120 1659 302 1722 Medeonel
321 1658 502 1722 Labeatidis
519 1665 611 1722 terrae
628 1657 833 1721 Pantauchus
847 1657 914 1742 regi
931 1657 1039 1743 lllyno
1052 1659 1212 1722 obcurrit=
1228 1681 1314 1728 rocus
1324 1681 1379 1728 aas

119 1743 167 1808 ibi
187 1751 221 1807 et
240 1741 467 1828 jusjurandum
488 1743 529 1807 ab
551 1764 625 1828 rege
650 1749 682 1806 et
705 1742 832 1808 obsides
856 1743 987 1828 accepit.
1016 1742 1135 1807 missus
1149 1751 1181 1807 et
1196 1759 1280 1822 ,cnm
1294 1747 1358 1792 ⁰²¹¹·

120 1827 242 1893 Gentio
256 1837 306 1891 est
318 1827 453 1914 legatus,
466 1827 594 1892 nomine
610 1827 773 1912 Olympio,
789 1827 845 1911 qui
855 1827 1083 1913 jusjurandum
1104 1849 1124 1892 a
1140 1830 1214 1893 Per·
1227 1818 1268 1857 ¹¹²⁸

120 1935 176 1977 seo
188 1913 377 1998 obsidesque
392 1913 539 1998 exigeret
584 1911 699 1978 ”Cum
715 1913 826 1976 eodem
849 1913 890 1976 ad
909 1914 1078 1998 pecuniam
1099 1914 1215 2000 accipi-

120 1998 236 2062 endam
258 1997 348 2062 missi
372 2007 459 2077 sunt,
473 2006 515 2076 et,
530 2005 658 2062 auctore
674 1997 869 2076 Pantaucho,
883 1998 939 2081 qui
953 1999 1104 2062 Rhodum
1119 1999 1215 2084 legati

119 2105 196 2148 cum
223 2083 455 2148 Macedonibus
484 2083 577 2162 irent,
606 2083 771 2146 Parmenio
794 2091 827 2146 et
850 2083 983 2146 Morcus
1004 2083 1214 2148 destinantur.

120 2167 240 2252 quibus
267 2168 312 2232 ita
340 2167 537 2248 mandatum,
565 2167 645 2246 uus,
669 2167 888 2252 jure'urando,
915 2167 1155 2252 obsidibusque,
1182 2177 1215 2232 et

119 2191 1215 2421 mmmcmlii,

114 2443 216 2506 posse.
247 2423 421 2504 &junctam
436 2425 600 2501 donatam,
609 2441 704 2504 perses
718 2443 809 2504 mum
831 2443 924 2486 onom
944 2429 1008 2486 tum
1030 2425 1077 2486 rei
1097 2425 1216 2486 navalia

117 2510 221 2590 ylasio
248 2515 335 2588 esset,
364 2529 420 2573 nec
446 2515 531 2572 terro
560 2527 615 2572 nec
641 2510 722 2571 mori
748 2527 832 2590 spero
859 2509 1037 2572 relicturam
1059 2509 1215 2572 Romanis.

120 2592 332 2657 Venientibus
347 2593 465 2678 Illyriis
482 2594 627 2671 Perseus,
642 2593 682 2656 ab
706 2593 831 2678 Enipeo
852 2593 937 2657 amni
952 2613 992 2656 ex
1009 2593 1120 2657 castris
1141 2613 1216 2656 curn

121 2677 211 2742 omni
224 2679 367 2762 equitatu
382 2679 555 2763 profectus,
570 2678 611 2742 ad
625 2677 725 2741 Dium
741 2677 892 2743 obcturit.
930 2678 982 2742 lbi
996 2699 1043 2759 ea,
1053 2699 1125 2764 quae
1140 2700 1216 2742 con·

120 2763 300 2826 veneruntl
323 2763 516 2828 circumfuso
544 2763 669 2848 agmine
694 2763 839 2846 equitum
862 2765 964 2842 facta3
1001 2785 1082 2848 qnos
1106 2764 1216 2827 adesse

120 2847 234 2912 liedes-i
248 2847 378 2912 sendtoe
392 2869 466 2912 cum
483 2847 602 2912 Gentio
618 2848 776 2912 societatis
790 2848 916 2912 volebat
936 2869 1002 2927 rex,
1017 2849 1216 2932 aliquantum

120 2933 284 2996 eam'rem
307 2941 396 2996 ratus
416 2933 594 2997 animorum
614 2932 653 2995 iis
673 2933 876 3016 adjecturam.
905 2941 938 2995 et
951 2933 1078 2996 obsides
1093 2933 1126 2996 in
1141 2955 1216 2996 con·
1231 2935 1311 3012 tegio
1326 2935 1380 2981 1²²¹·

120 3024 237 3101 spectu
246 3017 389 3082 omnium
400 3017 466 3082 dati
474 3017 658 3102 acceptique
669 3039 678 3079 t
693 3027 736 3094 et,
749 3017 868 3080 Pellam
881 3017 922 3079 ad
936 3017 1102 3080 thesauros
1113 3037 1146 3079 re
1170 3017 1215 3080 'os
1228 3007 1308 3108 ‘52:²²5
1320 3061 1350 3109 ‚d

120 3101 239 3181 missis,
252 3103 307 3186 qui
320 3103 489 3188 pecuniam
502 3102 691 3188 acciperent,
706 3101 762 3185 qui
785 3101 936 3164 Rhodum
953 3100 1036 3164 irent
1050 3122 1124 3164 cum
1179 3121 1216 3186 y·
1229 3126 1341 3173 uiniae

156 3287 281 3339 ‘trium
294 3292 389 3352 Kreyss.
399 3293 478 3340 sets.
607 3296 657 3338 sat
670 3291 734 3338 unu
863 3284 1038 3338 tenuamus
1050 3289 1123 3342 (Iron.
1136 3291 1205 3338 Cres.

155 3431 188 3480 23
207 3432 235 3480 is
246 3429 330 3494 mee]
351 3432 451 3479 Albano.
475 3431 587 3479 lbicnim
600 3431 738 3478 Latinarum
769 3433 854 3487 datan,
865 3433 901 3478 ati
904 3429 1065 3494 jerejurando,
1076 3431 1242 3492 obsidibusque,
1253 3431 1382 3490 spemn

122 3495 234 3542 feriarum
245 3511 336 3544 uerum
347 3497 426 3557 peregi
438 3511 488 3542 mos
500 3503 556 3542 erat.
769 3502 870 3555 accepto,
888 3502 935 3542 taos
955 3497 1040 3542 densos
1059 3497 1162 3542 Mum
1182 3495 1381 3556 proicbmmtsr.

156 3560 188 3607 24
206 3561 285 3608 Fissess
296 3555 577 3620 assdiocedoss'cobelic]
600 3559 737 3620 begeflness
772 3559 917 3606 Venientitss
936 3559 1032 3620 Illyriis,
1054 3567 1099 3606 ate.
1134 3559 1205 3606 llunc
1226 3559 1334 3604 ordinem
1356 3565 1383 3602 ut

122 3625 209 3671 adesse.
243 3623 515 3678 stct11.c.t,Adesu
555 3637 589 3669 ess
601 3627 684 3684 regnis.
769 3623 864 3682 vulgato
881 3631 1050 3682 anteponamus
1071 3623 1118 3670 duo
1140 3623 1252 3669 suadent:
1271 3621 1381 3682 prunum,

155 3687 188 3734 26
208 3687 516 3750 I'rscestoorgcntitslcalo
543 3687 634 3734 Ilsrcss
646 3689 737 3746 argenti
770 3685 868 3744 quodin
881 3686 1021 3732 hiadsorom
1033 3687 1101 3733 ainsi
1117 3701 1201 3747 regum,
1220 3693 1263 3732 etc.
1276 3685 1383 3731 ridemur

122 3751 368 3804 contiunculas,
769 3761 895 3809 agnoscere
917 3751 988 3796 verba
1009 3747 1139 3796 Pantaucbi
1158 3749 1300 3810 impellentIs
1318 3749 1383 3794 Gen·

155 3813 189 3860 28
209 3815 264 3860 Cass
274 3817 349 3862 eodesss
360 3816 392 3862 osi
400 3809 530 3875 umidos]
550 3813 607 3860 lice
623 3813 656 3860 sic
667 3814 737 3862 intel·
769 3811 830 3858 tium
841 3813 872 3858 ad
883 3813 1009 3859 mittendos
1025 3813 1136 3860 Iibodunt
1150 3813 1247 3873 legatos,
1260 3812 1383 3874 lactantia-

122 3878 171 3937 lige
190 3892 219 3925 es
240 3877 320 3937 Polyb.
334 3878 414 3938 Legat
426 3879 465 3925 tib.
499 3879 559 3925 cusu
575 3877 658 3924 eodem
673 3879 738 3926 missi
770 3891 816 3936 qne
823 3877 945 3924 commoda
952 3891 981 3923 ea
989 3877 1099 3924 socletsts
1107 3891 1160 3924 cum
1170 3877 1269 3924 Rhodiis
1277 3883 1382 3922 ventura.

122 3949 180 3987 sunt
198 3941 246 3998 alii,
266 3942 306 4001 qui
326 3943 449 4002 pruciam
468 3955 482 3989 a
501 3941 586 3988 Perseo
595 3941 736 4002 acciperent,
769 3941 886 3996 Alterum,
904 3940 976 4000 quod,
994 3949 1021 3986 ut
1038 3941 1088 3988 bac
1107 3941 1177 4000 sugo
1191 3941 1302 3988 collocata
1320 3947 1383 3994 sunt,

122 4005 172 4060 alii,
186 4005 301 4052 suadente
322 4005 465 4060 Pantaucho,
477 4005 516 4066 qui
535 4005 645 4051 Rhodum
665 4006 735 4065 legati
769 4005 866 4050 verbum
877 4005 1019 4052 destinantur
1030 4005 1160 4058 redundat3
1179 4004 1204 4050 Iu
1219 4003 1383 4061 adaequem

123 4083 177 4114 cunr
196 4069 365 4116 Macedonibus
382 4069 451 4116 Irent.
484 4071 543 4119 Qun
560 4077 692 4128 sequuntur
703 4069 736 4116 sic
768 4067 889 4124 struimus,
904 4067 1074 4116 idcmornnino
1089 4067 1245 4116 neoessariusn
1261 4073 1303 4112 cst.
1337 4065 1383 4111 Sed

122 4132 345 4188 struImus‚mutato
357 4141 449 4180 uotum
462 4133 553 4188 ordine,
568 4133 661 4180 intactis
680 4133 736 4192 ipsIs
769 4130 939 4178 dubitationem
966 4146 1060 4179 omnem
1088 4131 1171 4178 eximit
1200 4129 1319 4188 Polybius,
1342 4129 1384 4186 qut

123 4195 219 4242 vocibus
296 4211 345 4244 coss
367 4197 529 4244 Macedonibus
550 4199 626 4244 inst:
643 4199 738 4243 deorsus
770 4193 1215 4256 locojamallstoeumplaneordlnem
1225 4199 1384 4252 representat,

120 4261 191 4306 sinui
201 4275 278 4320 regest
290 4263 375 4308 aonias
389 4263 483 4308 incitari
496 4261 593 4308 Rhodios
608 4261 639 4306 od
656 4261 737 4306 nuum
770 4274 840 4318 quern
852 4259 890 4305 bic
902 4259 1035 4306 restitutum
1045 4259 1159 4304 volumus.
1194 4255 1225 4301 Et
1236 4255 1291 4300 blnc
1301 4255 1385 4301 aucto·'

123 4323 249 4370 &amsa
270 4339 339 4384 nosse.
374 4323 512 4385 Adjunctons
531 4327 652 4378 civitatens,
668 4339 738 4382 penes
770 4323 826 4369 ritas
844 4324 933 4369 accedit
955 4323 1069 4368 similibus
1089 4317 1265 4370 mutationibus,
1284 4319 1383 4377 quasin

124 4403 189 4448 yson
213 4403 281 4432 uuas
303 4395 350 4434 tusa
368 4390 401 4435 rei
419 4389 507 4436 nooois's
523 4389 678 4449 gloriosissi,
697 4403 737 4434 sec
770 4387 910 4446 quibusdam
918 4387 1031 4433 aIIIsIocis
1039 4383 1186 4435 tentavimus,
1193 4381 1382 4440 puutxxvu.

121 4459 185 4496 terro
197 4465 238 4498 nec
249 4453 308 4498 osori
317 4467 378 4510 sncsss
389 4453 519 4500 telletum
531 4453 644 4498 Monit-
678 4453 737 4498 Pur·
772 4451 823 4504 ai,
832 4451 872 4496 ubi
884 4451 930 4496 vid.
940 4459 987 4496 not
998 4449 1021 4503 6,
1038 4461 1091 4507 quse
1102 4453 1127 4493 et
1138 4445 1281 4492 alissimIIIa
1294 4445 1384 4493 indicat

121 4519 193 4562 mio
211 4521 234 4562 st
253 4515 345 4562 Morcus
361 4517 520 4564 destinantur:
539 4517 618 4578 qsibss
630 4517 664 4562 its
675 4531 738 4562 nors·
771 4513 885 4574 exempla.
