3098 4958
481 383 569 450 LIB.
595 383 699 448 XLV.
726 381 821 448 CAP.
845 383 976 451 XVIII.
1338 394 1401 456 471

7 541 20 600 ζ’
139 531 306 592 Romanus
327 528 500 592 nunciabat
523 531 564 592 el
585 530 655 593 foco
680 551 738 594 suo
763 531 951 614 sanguinem
971 553 1028 616 per
1046 531 1189 596 triduum
1204 541 1236 596 et
1250 551 1316 599 uc.
1328 553 1383 602 aas.

7 611 16 646 ἕ·
138 615 219 678 duas
243 621 352 676 noctes
375 635 530 677 manasse.
575 613 629 677 Ob
648 613 682 677 id
701 615 836 678 maxime
856 615 1023 680 decemviri
1038 617 1135 680 libros
1151 618 1236 680 adire
1251 617 1317 664 Μ’·
1330 615 1382 671 ¹⁶7·

7 713 23 772 a.
133 697 229 783 jussi,
258 697 524 782 supplicationem
552 698 586 761 in
615 698 698 762 diem
725 721 828 762 unum
855 701 976 784 populo
1005 702 1182 780 edixerunt,
1204 711 1237 766 et

140 783 374 868 quinquaginta
388 784 491 867 capris
512 783 545 845 in
567 783 634 846 foro
654 783 917 848 sacrificaverunt.
954 793 987 848 et
1006 786 1139 850 aliorum
1162 809 1236 872 pro-

10 893 22 920 ·-.
140 868 300 952 digiorum
325 889 437 930 caussa
461 867 545 930 diem
562 867 697 930 alterum
719 868 909 953 supplicatio
933 869 1015 932 circa
1037 872 1145 934 omnia
1164 872 1236 956 pul-

140 951 262 1014 vinaria
286 952 357 1030 tirit,
384 961 417 1015 et
444 952 557 1015 hostiis
582 951 756 1036 majoribus
781 953 991 1016 sacrificatum
1007 965 1066 1033 est,
1081 965 1114 1018 et
1128 955 1235 1020 ”urbs

7 1001 15 1095 Α.»
140 1037 283 1100 lustrata.
328 1037 418 1114 Inde,
434 1037 521 1120 quod
535 1037 576 1100 ad
590 1037 744 1102 honorem
767 1037 873 1100 Deilm
896 1038 1113 1104 inmortalium
1138 1041 1235 1125 perti-

139 1130 240 1199 neret,
256 1121 394 1184 decrevit
408 1129 547 1199 senatus,
574 1122 624 1198 Ut,
646 1124 787 1203 qaoan
798 1123 970 1204 perduelles
989 1127 1136 1206 superati,
1158 1127 1235 1188 Per-

7 1227 20 1252 *
138 1227 208 1268 scus
223 1213 253 1269 et
270 1208 496 1288 ominreyes
511 1227 579 1270 cum
591 1207 776 1270 Macedonio
795 1214 886 1288 atqrte
899 1209 1025 1288 Illyrico
1041 1211 1074 1272 in
1082 1216 1236 1291 potestate

7 1311 20 1352 ε’
133 1293 243 1372 populi
265 1292 396 1354 &owni
415 1297 523 1369 essent,
544 1297 589 1368 nt,
612 1297 726 1372 quanm
745 1292 835 1368 dona,
850 1293 911 1372 Ap.
930 1293 1068 1371 Claudio,
1082 1295 1131 1356 M.
1149 1296 1235 1357 Sern-

8 1379 15 1437 l
133 1379 248 1456 prons'o
265 1377 443 1454 conalibus,
462 1376 661 1438 obdevictnm
674 1377 859 1438 Antiochum
873 1397 974 1458 repens
988 1378 1063 1444 data
1077 1379 1121 1440 od
1133 1381 1235 1442 omnia

7 1485 15 1524 :
134 1462 443 1607 pulvinoriphessent
469 1467 557 1524 tanto
574 1461 611 1533 Q.
634 1462 756 1524 Cassius
777 1467 808 1523 ct
828 1462 895 1524 Μ’.
918 1462 1077 1526 laenius
1085 1470 1235 1544 praetores

7 1573 16 1610 ι
141 1551 288 1607 waren
343 1547 413 1608 ndo.

184 1627 296 1692 XVII.
319 1629 456 1714 Legatos
480 1628 603 1706 deinde,
625 1649 762 1712 quorum
787 1629 826 1692 de
851 1629 1008 1694 sententia
1029 1630 1234 1716 imperatores

7 1741 16 1778 s
140 1715 179 1777 L.
194 1714 333 1793 Paullus,
355 1715 394 1778 L.
409 1713 542 1777 Anicius
555 1721 783 1798 componerent
796 1735 857 1794 res,
872 1714 1079 1778 decrevenrnt
1093 1714 1113 1748 ⁷⁴
1125 1715 1234 1780 decem

7 1827 15 1866 r
139 1799 173 1861 in
190 1799 421 1878 Macedoniam,
437 1799 578 1884 quinque
593 1798 627 1861 in
644 1797 817 1883 Illyricum.
863 1799 902 1862 In
919 1799 1141 1864 Macedoniam
1157 1809 1233 1863 sunt
1248 1799 1328 1857 Legna
1341 1799 1368 1876 iq

139 1883 174 1946 hi
197 1883 362 1962 nominati,
384 1885 423 1947 A.
440 1884 623 1947 Postumius
647 1884 785 1962 Luscus,
808 1883 846 1947 C.
863 1883 1028 1962 Claudius,
1049 1885 1144 1950 ambo
1160 1907 1233 1948 ceu·
1245 1863 1328 1972 22⁶2?
1330 1877 1390 1987 ‘1²1¹ss

140 1967 225 2046 sorii,
247 1968 285 2032 C.
302 1968 444 2032 Licinius
466 1968 612 2046 Crassus,
634 1968 753 2052 collega
773 1968 807 2031 iu
830 1969 999 2033 consulatu
1019 1970 1141 2048 Paulli3
1163 1977 1233 2034 tum
1246 1991 1326 2036 rreum.

163 2059 309 2138 rorogato
321 2053 454 2138 imperio
494 2052 667 2116 rovinciam
678 2053 815 2118 Galliam
829 2053 975 2118 habebat.
1021 2054 1104 2117 His⁰
1119 2075 1234 2118 consu-

139 2075 258 2202 laribus
279 2137 428 2202 addidere
481 2161 513 2201 n.
527 2137 707 2202 Domitium
726 2138 976 2202 Ahenobarbum
985 2139 1010 2216 ⁶,
1033 2139 1099 2202 Ser.
1116 2139 1235 2202 Corne-

139 2222 219 2286 lium
234 2222 365 2301 Sullam,
388 2223 426 2287 L.
441 2223 464 2287 J
466 2222 588 2302 unium,
611 2222 649 2287 C.
665 2222 843 2286 Antistium
857 2223 1051 2300 Labeonem,
1071 2223 1109 2286 T.
1119 2224 1152 2286 N
1153 2224 1235 2287 umi-

139 2307 223 2370 sium
237 2307 508 2392 Tarquiniensem,
530 2309 570 2372 A.
585 2307 771 2372 Terentium
786 2307 971 2371 Varronem.
1017 2307 1057 2370 In
1070 2307 1235 2391 Illyricum

139 2401 247 2456 autem
261 2393 295 2456 hi
310 2393 474 2472 nominati,
498 2393 533 2456 P.
550 2393 658 2456 AElius
677 2392 779 2477 Ligus
800 2392 986 2470 consularis,
1009 2391 1047 2456 C.
1064 2391 1234 2472 Cicereius,

139 2485 172 2540 et
186 2477 248 2542 Cn.
263 2477 394 2542 Boebius
407 2477 608 2563 Tamphilus,
632 2478 695 2560 (hic
735 2477 814 2541 riore
830 2499 925 2555 anno,
948 2477 1109 2542 Cicereius
1124 2477 1235 2540 multis

139 2571 213 2626 ante
238 2563 330 2626 annis
378 2571 473 2626 raetor
494 2563 609 2646 fuerat)
643 2564 678 2626 P.
728 2563 867 2626 orentius
895 2562 1175 2640 Tusciveicanuv,
1199 2563 1234 2626 P.

140 2647 305 2712 Manilius.
390 2647 470 2712 oniti
491 2648 605 2710 deinde
631 2647 778 2711 consules
798 2669 818 2711 a
841 2647 999 2727 Patribus,
1018 2656 1065 2726 ut,
1085 2646 1235 2732 quoniam

139 2731 273 2796 alterum
297 2753 336 2795 ex
358 2733 410 2796 his
434 2733 601 2796 succedere
627 2733 664 2796 C.
681 2733 815 2810 Licinio,
835 2733 890 2817 qui
910 2733 1033 2818 legatus
1052 2733 1235 2796 nominatus

138 2825 217 2895 erat,
231 2817 266 2880 iu
281 2817 419 2882 Galliam
433 2825 603 2902 oporteret,
618 2818 721 2903 primo
743 2839 870 2901 quoque
894 2825 1036 2903 tempore
1056 2816 1234 2902 provincias
1318 2885 1322 2893 ¹

137 2911 196 2964 aut
220 2911 439 3000 compararent
462 2901 612 2980 interae,
637 2911 694 2965 aut
717 2901 916 2980 sortirentur,
936 2903 1038 2964 sortiti
1054 2909 1140 2964 sunt.
1185 2901 1234 2964 M.

138 2986 240 3050 Junio
266 2987 348 3050 Prsae
374 2988 580 3064 obvenerunt,
608 2989 716 3070 (quem
739 2986 840 3071 prius,
864 3007 960 3069 quam
983 2987 1016 3048 in
1039 2985 1235 3070 provinciam

138 3071 210 3150 iret,
232 3071 414 3170 legationes,
438 3094 510 3156 quae
536 3072 678 3155 undique
701 3071 838 3133 Romam
864 3069 1058 3154 gratulatum
1080 3091 1235 3133 convene·

138 3164 218 3218 runt
229 3157 248 3235 ¹,
263 3157 462 3220 introducere
476 3157 510 3219 in
527 3165 673 3220 senatum
686 3155 818 3240 placuit)
835 3155 876 3222 Q.
888 3155 975 3218 AEli0
992 3153 1104 3218 Gallia.
1142 3153 1235 3217 Cete-

138 3261 212 3304 rum
234 3262 426 3339 quamquam
449 3242 528 3304 tales
552 3241 610 3306 viri
634 3241 848 3318 mitterentur,
871 3261 1008 3323 quorum
1037 3239 1076 3302 de
1104 3237 1235 3302 consilio

138 3345 260 3410 speran
279 3335 398 3410 posset,
419 3326 463 3388 im
488 3335 625 3390 eratores
642 3325 723 3389 nihil
741 3325 909 3410 indignum
925 3345 983 3387 nec
996 3323 1162 3386 clementia
1177 3344 1235 3386 nec

139 3409 294 3495 gravitate
316 3411 428 3497 populi
503 3411 589 3474 mani
613 3411 795 3474 decreturos
821 3431 900 3488 esse,
925 3417 1031 3472 tamen
1059 3409 1094 3471 in
1123 3416 1236 3471 senatu

138 3517 268 3578 quoque
337 3495 414 3559 itata
440 3503 489 3558 est
513 3517 639 3558 summa
662 3495 875 3574 consiliorum,
899 3503 937 3557 ut
961 3495 1109 3558 inchoata
1129 3492 1237 3558 omnia

139 3579 236 3663 legati
251 3579 291 3643 ab
328 3602 401 3644 omo
411 3580 491 3642 serre
505 3581 546 3642 ad
560 3581 763 3665 imperatores
776 3585 918 3664 possent.

184 3664 315 3728 XVIII.
341 3667 481 3728 Omnium
501 3667 637 3746 primam
661 3665 770 3727 liberos
794 3683 858 3726 esse
881 3662 1026 3746 placebat
1047 3663 1270 3726 Macedonoss.
1284 3680 1309 3726 c.
1322 3679 1353 3726 ae

139 3755 232 3830 olqrte
249 3751 384 3830 Illyrios,
405 3755 440 3812 at
459 3749 595 3814 munitm
605 3749 746 3830 pentibus
759 3748 932 3828 adpareret,
954 3767 1042 3810 arnse
1051 3749 1159 3828 populi
1173 3747 1235 3810 Ro-
1249 3743 1394 3791 V⁸⁰⁹d⁰⁰l¹r

140 3835 225 3896 moni
239 3855 299 3896 non
314 3835 417 3898 liberte
433 3836 617 3911 teutatem,
639 3834 694 3896 sed
712 3839 820 3896 contro
843 3831 1042 3894 annuntius
1066 3832 1236 3895 libertatem

140 3917 285 3998 adsum,-
307 3924 342 3980 ut
365 3921 448 3981 etin
469 3917 610 3981 libertate
629 3923 735 3999 penes
758 3935 823 3998 que
842 3923 949 3993 essent,
972 3921 1069 3979 tntum
1090 3937 1156 3979 eom
1176 3917 1236 3978 sibi

133 4009 373 4084 possessamque
387 4001 471 4066 ''sub
486 4003 581 4066 tutelo
588 4003 697 4083 populi
709 4003 862 4064 Ronusnil
876 4021 950 4079 csse,
961 4007 1000 4078 et,
1016 4021 1081 4082 qaae
1091 3995 1147 4064 snb
1156 4001 1236 4081 repi-

174 4135 226 4186 l’ex
240 4139 334 4199 steyn.
348 4140 427 4187 Bekk.
492 4143 544 4186 ese
557 4139 634 4186 sesa.
718 4134 897 4186 *annosarum
910 4140 983 4185 Gron.
1047 4139 1233 4186 wesmannus

142 4203 239 4262 Kreyes.
250 4203 327 4250 Bekk.
480 4198 646 4252 ‘emmane
659 4203 735 4250 selu.
863 4199 979 4264 astagon
990 4201 1096 4263 mni]
1110 4205 1177 4250 Cres.

175 4339 207 4393 7³
228 4341 287 4386 vra
298 4337 408 4401 tasnato]
427 4339 572 4388 Amburbiali
584 4355 657 4396 sacro,
671 4341 758 4399 dequo
790 4340 853 4400 quod
865 4339 914 4386 Iac.
928 4337 1060 4385 Gronovius
1070 4333 1200 4394 auspicatur
1214 4346 1264 4378 ease
1277 4332 1305 4383 o
1319 4332 1401 4378 Marcii

139 4418 213 4464 cupra
231 4403 409 4461 nxxnsta,
429 4406 487 4452 etl.
504 4405 581 4452 XLII.
598 4405 672 4452 ew.
706 4405 757 4450 vid.
791 4403 902 4463 Philippi.

140 4469 174 4514 ibi
187 4475 246 4513 nott.
823 4467 855 4520 75
872 4467 919 4512 Sat
930 4465 1001 4512 sarelo
1013 4459 1102 4524 (populi
1115 4455 1221 4521 Romani)
1232 4455 1292 4520 esra]
1310 4459 1402 4521 AdJ'ecit

175 4531 207 4584 'Il
224 4531 346 4580 Ducentur
364 4527 533 4592 Macedonum]
552 4531 583 4578 At
601 4545 686 4578 novem
706 4537 759 4576 tan·
791 4531 876 4577 merito
888 4529 996 4588 SIgonIur
1007 4527 1049 4574 lm
1061 4539 1127 4572 vocer
1136 4526 1215 4585 papali
1226 4525 1327 4572 Ponant.

140 4603 194 4642 tura
222 4597 382 4644 conrivantur.
422 4596 544 4644 intercidit
567 4609 640 4642 unum
664 4609 758 4650 nomen,
