3086 4952
701 1059 753 1140 T.
789 1053 931 1137 LIVII
974 1052 1260 1133 PATAVlNI

810 1255 950 1321 irene
975 1253 1157 1320 xxxvn.

278 1615 344 1661 uc.
357 1613 411 1662 son
441 1595 480 1660 L.
509 1593 699 1659 Couusmo
721 1593 905 1666 Scrrroun,
927 1587 964 1651 C.
990 1587 1090 1651 Laelio
1114 1585 1309 1664 consulibus,
1329 1587 1417 1650 nulla
1437 1609 1475 1672 pr

278 1677 344 1724 Μ·
359 1677 411 1754 ¹92
441 1677 616 1742 secundum
629 1675 795 1759 religiones
809 1682 879 1737 acta
892 1673 926 1736 in
946 1681 1060 1736 senetu
1082 1693 1133 1736 res
1156 1679 1214 1749 est,
1230 1691 1326 1754 quem
1346 1671 1384 1734 de
1399 1673 1475 1736 AEto

277 1741 428 1850 ssffissfm'
441 1764 486 1826 Et
507 1762 602 1846 legati
630 1781 740 1823 corum
762 1758 932 1835 institere·,
957 1757 1032 1840 quie
1059 1756 1186 1820 brevem
1213 1755 1412 1820 induciarum
1443 1757 1475 1818 di

277 1837 342 1914 cite
440 1845 616 1924 hebebant3
643 1853 675 1907 et
696 1843 736 1906 nb
760 1843 798 1906 Τ.
822 1841 984 1919 Quinctio,
1008 1841 1064 1926 qui
1085 1850 1155 1904 tum
1180 1841 1315 1906 Romam
1338 1861 1378 1904 ex
1403 1840 1475 1904 Gru

440 1931 583 2008 redierat,
597 1927 698 2013 adjuti
711 1935 797 1991 sunt
839 1925 951 2004 AEtob,
965 1934 1003 1989 ut
1023 1925 1141 2008 quibua
1160 1925 1235 2074 plus
1259 1925 1293 1990 in
1316 1925 1475 1990 misericor

441 2023 579 2093 senonis,
593 2033 689 2098 quem
702 2012 736 2075 in
751 2031 871 2088 caussa,
886 2010 954 2095 apei
973 2020 1066 2088 esset,
1082 2031 1165 2094 supp
1179 2010 1266 2074 'citer
1286 2020 1430 2094 egerem,
1443 2033 1475 2074 ve

278 2121 396 2169 multu-
439 2099 528 2163 ribus
542 2097 713 2162 benefactis
726 2118 808 2160 nova
821 2103 991 2180 pensantes
1012 2094 1174 2158 maleficia.
1218 2093 1369 2160 Ceterum
1394 2105 1426 2160 et
1447 2117 1475 2179 p]

277 2187 546 2247 cernennentes
580 2179 878 2266 interrogationibus
906 2180 1048 2262 undique
1084 2187 1275 2256 senatorum,
1298 2179 1475 2244 confession

277 2263 365 2360 {9⁰2¹
440 2268 541 2354 magis
555 2289 657 2346 noxoe,
671 2287 767 2350 quam
790 2285 951 2350 responsa,
972 2263 1226 2349 exprimentium,
1240 2263 1362 2346 fatigati
1385 2273 1472 2342 sunt,

294 2325 325 2358 m
366 2345 373 2360 ’
440 2354 588 2417 excedere
602 2351 690 2415 curie
698 2349 792 2435 jussi,
806 2371 959 2434 magnum
978 2357 1136 2412 certamen
1151 2347 1330 2495 prebuere.
1375 2349 1453 2412 Plus
1474 2373 1475 2410 1

439 2432 1442 2602 iiffifflfflffi'iififfibvi‘ditii'iissssnii
1457 2435 1474 2580 ἓ

440 2563 644 2666 censebant,
665 2602 725 2664 Per
742 2600 862 2683 aliquot
883 2601 950 2664 dies
963 2623 1064 2685 quum
1085 2609 1239 2664 certatum
1261 2610 1354 2680 esset,
1369 2565 1474 2698 posire

440 2707 542 2769 neque
557 2685 635 2764 dari,
649 2705 752 2768 neque
766 2683 874 2767 negari
888 2705 999 2768 pacem
1012 2685 1142 2770 placuit.
1170 2685 1243 2748 duee
1266 2686 1465 2750 conditrones

439 2769 512 2833 hoe
526 2777 622 2833 eunte
643 2767 694 2832 vel
709 2767 832 2831 senatui
846 2769 981 2832 liberum
996 2770 1162 2834 arbitrium
1175 2770 1215 2832 de
1233 2791 1266 2834 se
1288 2770 1472 2854 permittere

438 2853 490 2917 vel
504 2853 608 2918 ¹mille
623 2851 777 2918 talentum
793 2853 914 2932 darem,
929 2855 1118 2937 eosdemque
1139 2853 1257 2918 amicos
1275 2865 1371 2938 atque
1385 2853 1473 2918 inimi

439 2937 601 3003 baberent.
644 2937 830 3024 Exprimere
842 2937 1057 3022 cupientibus,
1071 2960 1205 3022 querum
1218 2959 1324 3002 rerum
1338 2938 1372 3002 in
1392 2959 1427 3002 se
1449 2961 1472 3002 ar

438 3023 536 3088 trium
565 3023 690 3087 senatui
711 3022 940 3108 permitterent,
965 3021 1048 3086 nihil
1070 3023 1148 3086 certi
1170 3043 1360 3108 responsum
1389 3031 1449 3088 est.

439 3107 555 3170 infecta
574 3127 652 3191 pace
673 3107 805 3186 dimissi,
819 3107 898 3170 urbe
922 3107 1033 3170 eodem
1055 3105 1115 3185 die,
1131 3107 1223 3170 Italia
1245 3107 1329 3170 intra
1349 3107 1471 3190 quinde

336 3193 360 3242 '¹¹
374 3195 381 3208 '
402 3227 409 3244 ·
439 3191 506 3254 dies
520 3191 668 3254 excedere
684 3191 771 3254 'ussi
813 3191 897 3253 Tum
911 3191 950 3253 de
964 3191 1132 3254 consulum
1146 3191 1317 3275 provinciis
1331 3201 1471 3276 coeptum

439 3274 500 3358 agi.
542 3273 649 3336 Ambo
696 3275 820 3337 raecium
835 3273 1016 3358 cupiebant.
1060 3275 1204 3338 Multum
1218 3275 1338 3338 Laelius
1360 3275 1395 3338 in
1417 3297 1471 3338 seu

438 3365 571 3441 poterat
601 3355 638 3436 ie,
653 3379 753 3440 quum
768 3367 896 3421 senatus
911 3367 967 3421 aut
980 3358 1095 3436 sortiri,
1110 3367 1166 3422 eut
1187 3380 1368 3444 comparere
1393 3359 1470 3422 inter

437 3440 615 3526 provincias
630 3441 774 3505 consules
784 3441 942 3540 jussisset,
955 3443 1130 3526 elegantius
1144 3443 1282 3506 facturos
1300 3443 1391 3522 dixit,
1407 3445 1435 3506 si
1445 3445 1470 3528 jr

438 3525 487 3588 cio
504 3525 644 3603 Petrum,
658 3547 754 3609 quem
770 3547 797 3588 er
811 3525 897 3625 sorti,
910 3547 980 3589 eam
994 3527 1303 3627 rem-permisissent.
1348 3527 1469 3612 Scipio,

437 3609 612 3756 {iffi
622 3609 1469 3779 iiiiiffdiffifflffli'dffldiiti

436 3776 602 3840 renunciet
615 3775 753 3860 collegae,
765 3777 924 3859 sucturum
944 3799 986 3858 ae,
1000 3779 1082 3859 qaod
1100 3781 1128 3842 ia
1149 3786 1291 3842 censeret.
1335 3779 1451 3844 Quum

436 3869 493 3975 put
517 3881 609 3938 nova,
622 3868 678 3922 eut
700 3869 856 3958 vetustate
876 3861 1093 3958 exemplorum
1115 3862 1275 3960 memorie}
1291 3863 1359 3946 jem
1386 3865 1468 3928 exoli

271 4009 397 4120 peso·
435 3943 1467 4110 dbttttttt.ttfftttttttttttttdttt

272 4139 369 4197 reg-tu.
435 4112 642 4188 decrerim,
669 4131 702 4173 ee
722 4113 853 4193 effatum
875 4114 999 4175 iturum.
1043 4112 1124 4176 Haec
1150 4134 1223 4190 vox,
1247 4135 1365 4198 magno
1392 4117 1467 4182 adse

590 4264 603 4292 ⁸
615 4261 745 4306 institerunt
758 4259 834 4306 nete.
1117 4257 1130 4296 b
1144 4263 1256 4310 Graeer'orr
1268 4263 1313 4310 del.
1326 4264 1396 4314 Crer.

270 4387 401 4506 &istim
410 4379 535 4447 talentum]
551 4384 640 4432 Mutat
655 4382 745 4442 urenti
764 4389 878 4428 nostrates
943 4383 959 4428 2
976 4379 1094 4444 'Rerum
1113 4383 1282 4431 Deliberationi
1294 4387 1425 4448 proposita.
