3118 5002
188 299 251 362 336
772 287 864 352 Tl'll
896 284 1010 350 LlVll

191 457 323 514 ueste.
352 451 387 510 ut
412 445 461 522 iis,
489 441 636 524 qudquid
662 439 726 520 q'us
752 437 952 520 recuperariP
976 435 1084 518 possit
1116 433 1287 498 redderetur
1319 452 1444 496 aurore.

191 523 257 572 “⁰-
272 523 325 578 ¹⁷³
353 520 1078 608 ²⁵Annapnnnapaoqaetenporefiaatnea
1092 525 1191 600 pente.
1214 519 1385 581 consulemr
1408 519 1446 581 de

348 613 509 696 prouincia
524 610 674 686 decedere,
687 629 777 689 quum
788 619 798 646 ¹
809 607 926 669 meldos
942 607 975 668 in
994 604 1094 666 sedem
1111 624 1197 665 suam
1207 603 1337 684 Lipures
1351 606 1447 666 resti·

356 699 470 760 tuisset.
517 697 640 758 Claram
658 694 818 756 violarim
840 689 1014 753 ”ducendo
1028 689 1258 770 obpupnaaleal,
1278 708 1339 750 non
1356 690 1447 750 sceui-

357 782 432 845 endo
445 782 479 843 in
492 778 641 860 adflictos,
654 776 737 857 fieri.

193 882 300 930 unuln
401 863 462 927 IX.
497 861 629 938 Consul,
658 881 721 942 qua
744 857 860 922 ferocia
886 855 983 920 animi
1011 877 1090 919 usus
1119 863 1186 918 erat
1203 854 1236 918 in
1256 854 1296 918 Li
1361 855 1447 934 'bus,

193 947 345 994 ΝΜ
359 949 500 1013 eamdem
518 947 558 1008 ad
580 967 645 1008 non
690 943 841 1006 erendum
865 941 989 1004 senatui
1007 941 1129 1004 habuit.
1173 877 1371 1024 Iegiomffl
1393 962 1447 1003 ex-

358 1031 477 1116 templo
502 1031 590 1094 Pisas
612 1029 644 1092 in
666 966 868 1091 Eibemecula
887 1025 1002 1104 missis,
1016 1024 1115 1088 iratus
1137 1024 1294 1102 Patribus,
1307 1024 1448 1088 infestus

359 1115 528 1202 ’'pretori,
547 1116 681 1178 Romam
699 1112 810 1176 rediit:
833 1119 1006 1193 senatuque
1027 1109 1185 1194 extemplo
1198 1109 1239 1170 ad
1252 1108 1355 1172 eedem
1371 1110 1450 1173 Bel·

358 1201 441 1266 lonae
465 1207 586 1278 vocato,
610 1197 719 1260 multis
742 1195 846 1260 verbis
870 1195 1012 1258 invectus
1030 1201 1080 1256 est
1106 1194 1139 1256 in
1159 1202 1347 1278 praetorem:
1385 1197 1450 1276 pui,
1533 1260 1540 1285 Ι

360 1305 450 1368 quum
471 1285 507 1348 ob
529 1305 593 1347 rem
608 1283 706 1346 bellou
728 1281 799 1344 lene
818 1286 947 1362 pectam,
971 1280 1017 1341 uti
1030 1280 1101 1341 Diis
1119 1278 1330 1341 inmortalibus
1352 1281 1452 1342 honos

361 1371 532 1447 haberetur,
545 1367 660 1449 referre
671 1367 715 1428 ad
726 1372 861 1428 senatum
883 1365 1043 1441 debuisset,
1061 1363 1205 1426 adunare
1221 1383 1254 1424 se
1267 1383 1329 1444 pra
1351 1366 1451 1426 tasti-

362 1455 417 1518 lrus
435 1453 723 1517 sersatsucansultam
734 1449 869 1530 fecisset,
890 1469 948 1530 quo
969 1449 1128 1510 nuteriam
1145 1467 1231 1509 mam
1257 1448 1300 1510 ad
1316 1448 1454 1529 Lipares

362 1539 553 1620 transferret,
567 1537 692 1616 deduae
713 1536 753 1596 iis
761 1555 858 1615 prope
878 1533 1027 1596 aarum
1044 1538 1161 1612 pretor
1172 1531 1307 1612 juberet.
1339 1533 1455 1614 Itapsoe

362 1625 487 1686 multum
501 1623 571 1683 eise
591 1621 708 1682 dicere:
732 1617 909 1680 aPatriIsns
923 1617 1092 1698 postulare,
1105 1622 1139 1680 ut
1158 1620 1455 1680 emotusconsulturn

362 1709 396 1769 in
412 1726 444 1768 se
454 1705 577 1784 foetum
588 1705 654 1766 tolli
666 1702 829 1782 juberent:
852 1703 1168 1782 supplicationemque,
1179 1700 1298 1782 ”pane
1311 1701 1456 1766 msceres

363 1811 401 1852 ea
425 1789 533 1864 liter-is,
552 1787 589 1850 de
608 1787 678 1849 lene
692 1792 780 1868 penta
799 1785 953 1866 republica
972 1787 1083 1863 muru,
1104 1785 1261 1848 decer-m
1282 1785 1455 1864 dabamini,

357 1869 1456 2037 tttlf'.ltttt⁸‚l.ll..n”tlt“tlt”lqt.l.t.ltt

364 2047 545 2137 senatorum
559 2039 679 2137 aliquot
693 2038 888 2136 orationibus
903 2038 1086 2122 increpitus,
1100 2047 1214 2135 neutra
1234 2037 1397 2123 inpetrata
1413 2062 1456 2118 re,

365 2123 798 2293 nannenten...
808 2122 905 2292 tlt
924 2123 1046 2270 tlt
1059 2123 1197 2290 {lili
1199 2133 1457 2292 tullissit

366 2293 566 2359 comitiorum
590 2315 701 2357 caussa
724 2295 858 2356 Romam
876 2291 979 2354 rediit.
1024 2291 1202 2358 ²'consules
1225 2291 1262 2355 C.
1280 2291 1456 2376 Popillium

367 2380 541 2457 Laenatem,
557 2379 592 2442 P.
604 2378 726 2440 AElium
736 2377 886 2462 Ligurem
901 2375 1026 2438 creavit.
1064 2375 1218 2439 Praetores
1228 2375 1341 2438 exinde
1351 2385 1365 2414 ¹
1381 2377 1457 2440 facti

367 2463 404 2526 C.
438 2463 581 2526 Licinius
617 2463 761 2538 Cmssus,
795 2461 843 2524 M.
878 2459 996 2524 Junius
1022 2461 1161 2536 Pennus,
1188 2461 1243 2544 Sp.
1273 2461 1456 2538 Lueretius,

367 2547 423 2630 Sp.
438 2546 581 2622 Cluvius,
598 2545 658 2608 Cn.
673 2545 820 2624 Sicinius,
837 2543 874 2608 C.
890 2544 1063 2607 Memmius
1078 2543 1204 2608 iterum.

408 2629 452 2693 X.
475 2629 524 2690 Eo
538 2651 621 2690 anno
636 2627 772 2690 lustrum
788 2629 951 2692 conditum
967 2636 1025 2692 est.
1047 2627 1203 2693 Censores
1219 2635 1308 2692 erant
1322 2628 1364 2694 Q.
1380 2629 1456 2694 Ful-

364 2713 435 2776 vius
451 2711 593 2789 Flaccus,
608 2711 630 2742 ⁸⁰
640 2713 704 2775 A.⁸
720 2713 902 2776 Postumius
913 2713 1060 2776 Albinus.
1104 2713 1286 2776 Postumius
1301 2715 1454 2777 condidit.

366 2796 473 2860 Censa
497 2803 573 2858 sunt
610 2795 726 2858 civium
755 2797 971 2860 Romanorum
994 2797 1097 2944 ceffildta
1125 2797 1262 2860 ducenta
1290 2800 1456 2882 sexaginta

365 2903 479 2944 novem
493 2881 593 2944 millia
608 2887 640 2942 et
654 2881 844 2964 quindecim.
889 2881 999 2945 Minor
1053 2882 1182 2965 'quanto
1196 2903 1359 2960 numerus,
1382 2883 1457 2967 quia

344 3023 348 3030 .
366 2967 405 3030 L.
422 2965 605 3031 Postumius
620 2965 732 3030 consul
744 2987 803 3052 pro
818 2965 968 3030 concione
982 2967 1133 3045 edixerat,
1144 2967 1199 3051 qui
1212 2965 1333 3030 socium
1345 2966 1455 3031 Latini

394 3145 408 3184 Ρ
420 3141 544 3199 reciperari
556 3139 651 3198 Kreyss.
665 3137 742 3184 sent.
878 3141 892 3179 (l
902 3139 974 3198 prino
985 3137 1030 3183 del.
1041 3137 1118 3184 ueta.
1247 3141 1256 3170 ¹
1263 3139 1334 3197 fieri,-
1351 3153 1393 3183 nes
1404 3143 1455 3184 uate

362 3205 472 3249 wasuleas
486 3203 580 3262 Kreyss.
594 3201 670 3246 seth.
831 3205 919 3262 'quaes
933 3201 997 3246 aaa.
1157 3197 1167 3232 ¹
1175 3207 1303 3261 pugnanter
1313 3201 1389 3246 seth.
1534 3207 1539 3220 '

362 3269 377 3297 ¹¹
389 3267 445 3311 balla
456 3281 502 3311 raas
514 3267 567 3311 lese
576 3266 649 3310 Gran.
659 3265 727 3310 cm.
816 3269 830 3298 ²
842 3273 916 3312 tanes
928 3265 1023 3324 lireyss.
1038 3264 1113 3310 sest.
1194 3269 1208 3306 t
1218 3266 1287 3312 rediit
1299 3265 1373 3312 Gran.
1387 3266 1453 3311 Cres.

362 3329 465 3374 'eistete
478 3328 543 3374 End.
673 3332 687 3360 ⁸
699 3328 727 3374 A.
740 3328 754 3374 l.
768 3329 796 3374 t.
808 3329 880 3375 Gran.

236 3476 267 3522 25
283 3475 355 3522 Aeaea
360 3477 433 3536 prisea
441 3491 526 3537 quoque
534 3471 698 3536 teupsrefieri]
713 3475 811 3522 Addidit
874 3477 906 3524 29
924 3475 1191 3536 amanuensem
1200 3475 1453 3530 conumeratu-

205 3539 314 3598 Sigonius
332 3553 412 3585 aocem
430 3543 510 3600 prisea.
543 3540 654 3586 Ceterum
674 3539 727 3586 idea
743 3542 811 3599 jubet
844 3540 950 3600 Llpuresr
960 3536 1057 3599 creavit]
1077 3539 1107 3584 lli
1120 3541 1188 3584 ambo
1196 3539 1265 3598 primi
1277 3539 1306 3583 de
1318 3539 1386 3598 plebe
1397 3553 1451 3585 ean·

204 3603 471 3650 aenatussrmsfleriin
489 3617 518 3650 ea
533 3604 812 3664 gente,utrescindatid
844 3605 906 3650 aulea
929 3604 1000 3649 luisse
1022 3603 1046 3648 in
1070 3603 1144 3648 Pestis
1167 3601 1305 3662 Capitolinis
1327 3611 1451 3648 notantur:

204 3667 267 3724 quod
285 3664 370 3712 iecerat
388 3668 476 3719 consul.
496 3669 535 3727 qui
558 3681 624 3715 arena
646 3668 812 3714 Statiellatibus
843 3681 914 3726 atque
931 3667 953 3712 id
974 3667 1072 3712 miratur
1088 3679 1102 3712 ι
1121 3666 1186 3712 Livio
1204 3665 1385 3724 pretermissum
1403 3679 1452 3710 esse

204 3729 330 3786 ademerat,
341 3743 368 3776 aa
379 3745 439 3777 nara
450 3730 556 3778 fabricari
572 3732 651 3792 procul
663 3732 735 3778 dubio
746 3739 813 3777 retu·
845 3729 949 3790 Pighius.
984 3731 1029 3776 Sed
1041 3731 1066 3776 hi
1077 3731 1171 3790 quidem
1183 3732 1252 3775 ambo
1263 3729 1332 3788 primi
1344 3729 1451 3788 depietae

205 3800 262 3839 mt-
843 3795 949 3840 consules
966 3795 1126 3852 magistratum
1144 3801 1273 3852 gesserunt,
1284 3801 1309 3838 at
1320 3807 1367 3838 non
1383 3791 1450 3852 primi
1532 3828 1535 3843 ,

236 3855 268 3903 26
288 3855 399 3904 tenente
415 3855 578 3919 oppugnantes]
604 3859 677 3906 Recte
694 3857 810 3906 Clericus:
843 3857 914 3904 creati
925 3865 988 3903 sunt.
1014 3857 1083 3904 Anno
1094 3857 1156 3903 enim
1169 3865 1251 3914 quarto
1262 3857 1357 3902 usundi
1371 3854 1451 3901 Punici

204 3921 452 3980 airmdopageantes.
843 3921 898 3967 belli
922 3921 1045 3968 Marcellus
1074 3921 1210 3980 Sempronio
1232 3920 1338 3966 Graccho
1364 3919 1451 3977 collega

237 3983 268 4037 27
286 3979 395 4044 hauri]
414 3984 695 4045 Legebaturpraetsriiss.
723 3983 812 4032 Enseu·
844 3985 912 4030 datus
929 3984 1019 4031 isserat:
1047 3985 1088 4030 sed
1106 3983 1163 4030 sitia
1182 3991 1272 4030 meatus
1289 3981 1450 4042 magistratum

205 4047 269 4093 davit
281 4047 396 4106 Sigonius.
843 4049 966 4094 abdicarit.
1000 4050 1078 4108 Atque
1096 4048 1137 4094 illo
1150 4048 1200 4093 laco
1216 4047 1341 4105 diligenter
1352 4055 1449 4091 annuta-

237 4111 269 4158 28
287 4107 482 4170 Qsanalsentes]
501 4111 632 4158 Gronovius
651 4121 733 4168 mutat,
745 4127 812 4174 mans
844 4119 893 4158 tum
910 4112 1003 4158 atinio
1020 4121 1063 4165 est,
1082 4119 1132 4157 tum
1151 4111 1251 4170 primum
1271 4111 1329 4156 duos
1346 4109 1449 4155 eonsules

205 4175 293 4220 strenui
308 4176 359 4222 sibi.
392 4176 438 4222 Sed
457 4175 569 4221 debuerat
587 4187 643 4233 ergo
662 4177 777 4234 corrigere
788 4184 812 4222 et
844 4175 945 4234 plebeios
968 4175 1039 4221 iactos
1061 4189 1119 4221 esse.
1153 4174 1205 4219 Vid.
1228 4187 1299 4234 supra
1320 4173 1336 4219 l.
1357 4171 1448 4218 xxtu.

205 4235 571 4298 ripraesentes,quodsequitur.
600 4239 660 4284 Sane
673 4248 719 4284 tam
732 4241 812 4286 aberat
844 4238 912 4284 eal.

205 4310 299 4348 senatus
318 4316 332 4348 a
350 4302 454 4363 Popillio,
467 4316 536 4362 quam
551 4301 660 4362 Popillius
677 4304 707 4348 ab
721 4311 810 4348 senatu.
874 4301 907 4348 30
923 4303 952 4347 A.
971 4297 1111 4360 Postumius]
1131 4301 1249 4347 Hactenus
1267 4299 1295 4346 t.
1315 4299 1448 4345 Postumius.

206 4363 237 4412 lit
248 4365 281 4412 alc
292 4367 420 4426 loquuntur
433 4364 517 4412 Latini.
546 4363 594 4411 Cic.
607 4365 630 4410 in
644 4365 724 4418 Bruto,
736 4381 759 4412 n.
774 4366 809 4412 ll.
844 4365 978 4410 Debuerant
995 4366 1096 4411 editores
1108 4379 1188 4423 parere
1205 4363 1299 4422 Sigania
1316 4375 1448 4421 prasiumeu

209 4427 252 4473 Vas
262 4435 343 4474 aerest
351 4437 484 4490 presentent
492 4445 525 4476 aas
533 4445 587 4476 curn
596 4431 682 4486 hastis,
690 4435 712 4476 et
723 4431 811 4476 absenti
843 4429 911 4488 hujus
937 4429 1038 4474 cenmris
1059 4429 1182 4486 corrigenti
1204 4441 1233 4474 ea
1255 4426 1329 4483 tino,
1350 4427 1366 4472 l.
1385 4423 1448 4471 ΧΗ.

205 4503 288 4550 magna
297 4493 379 4540 salatia
390 4495 492 4541 dedistis.
842 4505 862 4538 c.
875 4491 914 4548 ἥ,
924 4499 948 4538 et
962 4490 1036 4539 Fastis
1050 4491 1194 4550 Capitolinis.
