3108 4982
440 285 529 350 LIII.
551 282 718 350 XXXIX.
751 281 847 346 CAP.
869 282 948 348 VII.
1334 293 1398 356 199

143 433 275 516 umet,
300 443 333 500 et
357 433 504 500 incendio
527 434 622 500 alieni
636 433 761 532 judicii,
784 455 848 519 quo
872 435 911 498 L.
935 433 1042 532 Scipio
1063 435 1380 501 comminarem.

142 531 221 600 erat,
234 521 461 605 conflagraret3
483 542 520 584 eo
534 519 758 584 infensioribus
772 519 805 584 in
820 541 863 597 se,
879 541 975 603 quam
988 542 1022 584 m
1036 519 1135 599 illum,
1145 520 1233 604 judi·
1246 513 1273 560 A.
1287 513 1314 562 ⁰·
1328 514 1381 570 ¹⁸⁷·

143 607 247 684 cibus,
261 605 349 689 quod
361 604 562 689 disciplinam
577 604 755 684 militarem,
772 626 876 668 severe
891 603 931 668 ab
945 625 982 668 eo
1004 615 1231 686 conservatam,

143 713 308 755 successor
320 689 389 774 ipse
411 688 500 752 omni
519 710 634 773 genere
655 688 790 752 licentiae
805 697 1022 774 conruperat¹.
1066 690 1180 774 Neque
1195 713 1232 754 ea

144 776 212 840 sola
226 775 363 840 infamia
375 781 476 851 mant,
492 795 564 856 quae
585 772 620 836 in
642 771 805 858 provincia
827 773 939 858 procul
961 774 1001 837 ab
1025 775 1124 838 oculis
1148 775 1231 840 facta

143 859 373 924 narrabantur:
396 858 452 922 aed
467 862 521 920 ea‘
534 856 630 922 etiarn
644 857 755 955 magis,
771 880 843 942 quse
857 858 890 922 in
904 858 1058 922 militibus
1068 859 1136 944 ejus
1150 881 1229 943 quo-

143 945 221 1010 tidie
245 942 529 1028 conspiciebantur.
586 941 737 1006 Luxunae
760 943 844 1006 enim
869 943 1043 1028 peregrinae
1072 944 1159 1028 origo
1189 945 1229 1008 ab
1243 955 1389 1004 Luxuatude

144 1028 285 1092 exercitu
305 1027 447 1092 Asiatico
469 1026 593 1091 invecta
616 1026 650 1092 in
674 1026 786 1090 urbem
810 1035 868 1090 est.
893 1027 915 1090 ii
939 1027 1077 1112 primum
1093 1030 1116 1060 ²²
1131 1029 1228 1094 lectos
1241 1021 1354 1132 mm·

143 1123 268 1190 aeratos,
292 1121 412 1176 vestem
438 1111 610 1196 stragulam
632 1111 813 1196 pretiosam,
828 1111 1014 1198 ”plagulas
1029 1121 1061 1176 et
1081 1113 1141 1176 alia
1161 1121 1229 1177 tex-

143 1197 220 1275 tilia,
235 1205 278 1276 et,
293 1218 366 1280 quae
380 1205 450 1262 tum
461 1195 637 1279 magnificae
649 1195 853 1280 supellectilis
862 1197 1069 1275 habebantur,
1085 1199 1107 1229 ²⁴
1120 1221 1230 1262 mono·

143 1283 239 1368 podia
250 1291 283 1346 et
297 1281 410 1346 abacos
427 1281 561 1344 Romam
572 1281 775 1346 advexerunt.
802 1289 880 1346 tuno
903 1281 1042 1365 psaltriae
1067 1283 1088 1314 ¹⁵
1103 1284 1231 1347 sambu-

143 1367 332 1450 cistriaeque,
340 1373 373 1430 et
387 1363 560 1430 convivalia
571 1364 738 1430 ludionum
749 1365 981 1430 oblectamenta
991 1366 1098 1429 addita
1107 1367 1209 1450 epulis
1220 1393 1229 1432 e

143 1451 247 1536 epulre
261 1471 370 1535 quoqu
402 1449 412 1514 i
437 1471 480 1514 sae
495 1458 528 1513 et
539 1471 615 1514 cura
628 1458 661 1514 et
675 1458 785 1514 sumtu
800 1450 917 1535 majore
939 1450 1082 1534 adparari
1098 1459 1229 1535 coeptoee

145 1544 216 1600 tum
230 1557 362 1634 coquus,
374 1535 404 1598 ν’
447 1535 564 1598 simum
585 1535 724 1619 antiquis
745 1534 943 1632 mancipium
965 1543 998 1598 et
1021 1535 1229 1600 aestimatione

145 1628 181 1684 et
193 1641 264 1699 usu,
276 1641 311 1684 m
324 1622 427 1704 pretio
440 1640 509 1684 esee
522 1645 532 1698 ;
551 1626 594 1698 et,
609 1619 696 1703 quod
709 1619 919 1684 ministerrum
933 1617 1045 1698 fuerat,
1057 1641 1108 1684 ars
1121 1620 1229 1684 haberi

144 1713 259 1789 coepta.
287 1703 341 1768 vix
362 1712 469 1768 tamen
492 1703 556 1782 illa,
577 1725 650 1788 quae
675 1711 746 1768 tum
768 1705 791 1738 '⁸
799 1703 1085 1790 conspiciebantur,
1109 1705 1229 1768 semina

145 1789 361 1854 erantfuturse
373 1787 519 1853 qumiae.

185 1873 263 1938 v11.
291 1873 332 1936 In
359 1873 522 1959 triumpho
550 1871 625 1936 tulit
654 1871 715 1938 Cn.
744 1873 886 1938 Manlius
915 1872 937 1906 ¹'
953 1895 1083 1938 coronas
1107 1895 1227 1954 aureas,

143 1957 297 2056 ducentas
318 1957 485 2022 duodecim
508 1957 633 2042 pondos
657 1957 806 2043 ”argenti
827 1959 935 2044 pondo
959 1959 1095 2024 ducenta
1115 1960 1146 2024 vi
1170 1961 1177 1974 '
1203 1960 1228 2024 ti

142 2043 261 2108 millia:
277 2042 347 2106 auri
358 2042 464 2127 pondo
474 2041 782 2108 duomilliaceutum
792 2049 898 2107 tresue
912 2043 1149 2108 ''tetradrachm
1213 2055 1228 2084 ¹

144 2125 291 2190 Atticum
304 2137 430 2190 centum
436 2125 550 2274 aptati
565 2135 687 2212 septem
701 2127 817 2192 millia:
832 2127 854 2158 ⁸⁰
865 2126 1081 2212 cistophorilm
1092 2128 1229 2194 ducenta

144 2209 397 2311 quinquagintar
413 2211 469 2275 ⁸¹P
492 2211 683 2310 ilippeorum
694 2232 860 2274 aureorum
873 2232 1078 2274 nummorum
1093 2213 1229 2276 sedecim

142 2295 245 2360 msslra
273 2303 429 2360 trecentos
457 2295 589 2382 vigIntre
620 2303 653 2360 et
676 2317 764 2358 arma
789 2294 951 2380 spoliaque
973 2295 1074 2358 multa
1097 2295 1229 2376 Gallica,

143 2380 304 2466 carpentis
328 2388 512 2446 transvecta.
541 2381 639 2444 duces
668 2379 809 2444 hostium
835 2379 899 2444 duo
934 2387 966 2444 et
998 2379 1229 2464 quinquaginta

144 2465 234 2530 ducti
257 2473 330 2530 anta
352 2487 490 2531 currum.
515 2465 671 2530 militibus
693 2464 716 2496 ³²
728 2464 945 2550 quadragenos
966 2463 1059 2528 binos
1085 2465 1228 2528 denarios

145 2549 263 2628 diuisit,
276 2550 393 2635 duplex
414 2550 592 2616 centurioni
599 2576 609 2630 3
633 2559 666 2614 et
689 2549 884 2648 stipendium
909 2549 1027 2634 duplex
1051 2549 1085 2614 in
1105 2550 1228 2635 pedites

145 2633 243 2714 dedit,
270 2635 385 2721 triplex
411 2635 602 2722 inequites.
646 2634 745 2699 Mula
770 2635 913 2700 omniurn
934 2635 1093 2713 ordinum,
1118 2635 1228 2700 donati

175 2773 339 2818 'mmmmm
350 2773 423 2832 ipsura
433 2773 493 2819 onas·
501 2787 583 2833 genere
594 2773 691 2820 lieentia
701 2769 901 2834 marupirrefarm
909 2774 1025 2821 adtulerat
1037 2773 1132 2834 Kreyea.
1146 2773 1223 2820 Bekis.

141 2829 190 2882 ⁸aa
200 2834 245 2881 dal.
256 2835 330 2882 tirou.
343 2835 412 2882 erar.
476 2839 492 2868 Ι
501 2841 591 2884 emaus
602 2843 648 2884 tres
659 2837 674 2883 i.
686 2839 784 2885 deusta
795 2840 842 2884 trto
852 2837 919 2884 End.
984 2841 999 2870 ¹
1009 2839 1156 2886 abactas.
1169 2837 1246 2884 ueta.

174 2959 209 3006 22
225 2957 304 3006 taem
320 2955 415 3020 amos]
434 2955 546 3020 Intellige
562 2959 642 3018 lectos,
654 2957 679 3006 In
699 2959 752 3020 qui·
785 2959 876 3006 Mamas
899 2966 1013 3006 nostrates
1032 2959 1142 3016 altaro.
1176 2960 1237 3006 Auri
1256 2961 1391 3019 madusius

141 3024 187 3068 bus
198 3023 314 3082 epulaturi
325 3023 506 3080 discumberent,
515 3031 542 3070 ut
552 3032 617 3084 patet
627 3038 657 3070 ex
669 3023 752 3078 Pilum,
784 3025 857 3069 miliia
871 3025 969 3069 ducatu
988 3025 1041 3069 tries.
1075 3023 1166 3070 Maroae
1186 3031 1299 3070 nostrates
1318 3023 1390 3080 atta

140 3087 158 3132 l.
171 3085 282 3134 XXXIV.
294 3101 314 3134 e.
324 3087 348 3142 3,
361 3088 401 3146 qni
413 3088 442 3134 de
454 3087 498 3134 hoc
509 3087 560 3148 ipso
572 3088 661 3134 Manlio
673 3101 753 3147 mena,
785 3087 916 3134 semuncias
924 3087 947 3133 3.

140 3151 199 3198 dicit
226 3164 282 3198 aum
305 3151 408 3211 primurn
435 3151 536 3198 triclinis
558 3160 630 3200 crata
653 3151 753 3200 &suam
818 3151 850 3200 29
870 3151 1069 3198 Tetrudraeiustas
1079 3151 1180 3198 Atticum
1199 3151 1295 3196 ducenta
1308 3151 1391 3210 uiginti

139 3215 267 3262 invexisse.
783 3221 867 3276 septem
886 3211 970 3276 uiua]
989 3212 1082 3260 Maroae
1099 3213 1190 3273 argenti
1205 3213 1389 3270 It‚187,uncias

173 3279 207 3325 2³
223 3273 346 3339 ramus]
363 3277 467 3338 I’Iaguloe
484 3279 602 3326 suntsela
618 3277 753 3338 attextilis,
785 3279 807 3326 ί
841 3279 1106 3338 Ceterumhicquoque
1119 3277 1224 3324 Andreas
1237 3278 1305 3324 habet
1318 3285 1390 3325 tetra·

140 3343 229 3400 quibus
249 3343 338 3388 IectIcoe
363 3351 388 3388 ct
416 3343 471 3389 lecti
501 3343 685 3390 intendebantur
711 3349 753 3388 aut
783 3344 877 3390 etrum
896 3343 954 3389 vice
967 3343 1026 3388 liber
1044 3345 1188 3404 tetrogistra.
1222 3342 1389 3388 Gronoqusin

139 3405 329 3452 involvebantur.
363 3405 454 3452 Nonius
474 3407 558 3468 plagae
583 3407 752 3466 interpretatur
784 3406 879 3454 notsad
892 3407 1042 3453 hunclocum
1060 3406 1139 3452 multIs
1158 3407 1240 3465 probet
1256 3403 1290 3450 sic
1308 3405 1389 3464 legen·

139 3469 242 3526 mandis
253 3469 368 3524 lintea‚et
385 3470 452 3526 toral,
464 3477 489 3516 et
508 3470 650 3518 lectioonem
669 3470 750 3516 sIndo·
784 3471 840 3518 dum
856 3484 914 3522 esse.
933 3485 980 3516 non
1000 3471 1166 3516 tetrodroctruo
1182 3471 1268 3516 AttIeo.
1302 3470 1348 3516 Sed
1365 3477 1389 3515 et

140 3547 206 3588 nero,
219 3533 281 3578 unde
292 3547 334 3593 per
346 3533 525 3580 diminutionem
544 3535 652 3594 pbgulsa,
664 3533 749 3594 lnquit,
783 3533 807 3580 in
819 3534 991 3594 exemplaribus
1002 3542 1056 3579 ante
1068 3547 1121 3578 euru
1133 3533 1202 3578 editis
1214 3532 1328 3592 reperitur
1339 3533 1389 3578 hec

140 3597 262 3642 dicontur.
297 3597 369 3642 Turn.
381 3597 395 3642 l.
409 3595 428 3642 I.
441 3597 539 3644 Adsere.
550 3613 571 3645 o.
582 3599 622 3646 39.
782 3597 940 3656 lectioonem
959 3597 998 3643 ille
1017 3596 1123 3656 plurimis
1135 3597 1210 3642 uerbis
1222 3596 1286 3642 velut
1304 3611 1389 3642 novum

173 3659 207 3706 24
224 3657 370 3720 Mmopodio]
389 3659 483 3708 Mensae
496 3661 704 3722 unopedesultaa.
781 3661 960 3720 aseproditsm
972 3660 1078 3706 asseruit.
1112 3659 1161 3706 Nec
1174 3668 1251 3706 tamen
1264 3659 1389 3706 illasltera

174 3724 207 3770 33
224 3719 404 3784 saumata]
423 3724 535 3772 Mulieres
547 3724 750 3784 Sambucsmpul·
782 3724 905 3784 scriptura,
924 3738 995 3782 quam
1015 3724 1111 3770 damnat
1132 3724 1202 3780 idem,
1223 3731 1286 3770 caret
1307 3737 1388 3770 esem·

139 3795 229 3834 assus.
263 3787 377 3834 sambuca
396 3795 475 3834 autem
494 3795 530 3834 est
549 3789 666 3835 maslaum
682 3802 749 3846 orgs·
782 3788 835 3848 plis.
869 3787 929 3833 Vide
954 3801 1024 3847 supra
1044 3787 1059 3832 l.
1079 3786 1204 3834 XXXVII.
1227 3803 1246 3836 e.
1266 3788 1305 3842 ta,
1327 3787 1387 3834 etl.

141 3864 209 3902 uam,
220 3849 357 3910 emaculari
375 3849 456 3906 torum.
468 3851 531 3910 quod
548 3865 577 3898 es
596 3851 750 3911 tnaqmtitm
783 3850 881 3898 XXXV.
894 3864 912 3896 c
925 3851 964 3898 33.

141 3913 299 3972 longitudine,
310 3914 370 3960 alent
382 3924 406 3960 et
416 3915 577 3970 crassitudine,
589 3915 666 3962 uersis
677 3915 750 3962 euct-
814 3913 846 3962 30
864 3914 1018 3974 Cietoptorrtss
1028 3909 1308 3976 duceutoqus'uquagisto]
1327 3913 1387 3972 Sup-

142 3985 188 4022 tar.
222 3977 390 4037 illudquidarn
402 3985 487 4038 putant
502 3979 565 4026 idem
581 3993 632 4026 ease
648 3993 701 4026 cum
713 3993 750 4035 eo,
782 3977 820 4039 ple
832 3977 912 4024 millia.
931 3977 1044 4024 Denarioa
1055 3978 1156 4037 amplius
1170 3975 1279 4034 133333.
1297 3975 1388 4022 liarcas

142 4040 207 4098 quod
218 4054 326 4088 swanus
337 4043 416 4102 turos.
783 4041 875 4101 argemi
887 4049 1002 4088 nostrates
1013 4041 1065 4101 plus
1077 4041 1148 4096 rota

174 4103 207 4150 33
224 4101 436 4165 compictsbaatur]
467 4105 573 4165 Insignis
593 4115 618 4154 et
639 4105 751 4154 notabilia
814 4105 844 4152 31
872 4105 1040 4165 Philippeorum
1061 4119 1179 4152 aureorum
1197 4114 1333 4150 summorum
1352 4116 1387 4148 ss·

144 4165 290 4214 ridebantur.
781 4169 852 4216 decim
863 4169 936 4216 mittio
946 4165 1065 4228 CCCXX]
1092 4166 1186 4216 I‘oudus
1202 4165 1388 4212 eritmarosruns

174 4230 206 4282 Ἡ
223 4231 322 4278 &rocoa
328 4245 409 4278 oureus
420 4233 658 4287 dseestoa,daodees'sa
664 4228 750 4293 pondo]
784 4232 923 4279 nostratium
935 4232 1035 4292 emplius
1046 4231 1101 4279 aba.

143 4291 207 4352 laage
225 4295 328 4342 laudem
343 4296 426 4356 pundo,
437 4303 465 4342 ut
481 4309 553 4356 supra
568 4311 587 4343 c.
598 4298 623 4344 3.
655 4296 750 4344 Pondus
813 4296 847 4342 32
865 4297 1028 4356 Quodrogeaos
1040 4296 1102 4342 Mssa
1112 4287 1229 4351 mamm]
1248 4287 1334 4334 Untits
1349 4303 1387 4336 at·

141 4357 303 4404 universarum
314 4357 407 4406 iliarum
424 4372 562 4406 coronarum
573 4368 651 4419 equae
662 4373 750 4406 raucas
781 4361 846 4418 genti
869 4367 983 4408 nortratea
1003 4359 1028 4414 o,
1055 4371 1108 4404 cum
1130 4355 1228 4410 duobus,
1250 4360 1276 4398 ut
1298 4361 1388 4409 somne,

142 4419 286 4466 Parietensea
297 4421 369 4476 3730.
781 4423 875 4483 grossis.

173 4483 206 4529 33
223 4485 322 4545 Argenti
342 4487 415 4544 pondo
436 4487 533 4534 ducato
554 4487 636 4546 viginti
663 4479 749 4546 utilio]
