3108 4982
125 231 188 295 288
709 221 802 288 ΤΙΤΙ
831 221 948 288 LlVll

127 397 157 444 υ.
169 393 262 449 ωτι
291 373 470 453 certamine,
485 381 648 457 tamquam
667 371 872 436 multitudine
887 378 1122 456 superarentur,
1136 379 1268 455 repente
1283 371 1387 456 tergis

129 459 196 508 Μ·
209 458 262 514 179·
293 459 385 538 datis,
399 459 440 522 ad
454 466 557 521 castra
578 457 677 521 effuse
699 457 717 520 s
774 463 855 522 rent.
885 456 954 541 ipse
971 455 1055 518 intra
1074 455 1194 518 vallum
1208 457 1250 518 ad
1271 477 1386 520 omnes

292 551 401 630 portas
417 541 568 606 instruxit
582 540 698 626 copias.
779 541 843 604 aud
866 539 1006 604 multum
1023 539 1176 624 temporis
1194 540 1386 618 intercessit,

294 649 395 712 quum
412 648 451 690 ex
468 625 644 710 composito
662 624 886 710 refugientium
906 645 1037 688 suorum
1050 645 1176 708 agmen,
1188 631 1264 708 post
1285 625 1387 688 effirse

296 733 329 776 se
352 719 463 774 nentes
477 711 627 774 barbaros
642 708 816 794 conspexit.
850 709 1044 773 Instructam
1058 709 1099 771 ad
1111 709 1172 772 hoc
1181 708 1289 792 ipsum
1302 709 1389 771 intra

296 819 317 862 v

359 818 415 860 um
428 795 566 860 habebat
579 793 688 858 aciem.
712 793 819 890 itaque
836 801 963 857 tantum
981 800 1134 871 moratus,
1149 800 1187 856 ut
1205 814 1280 856 suos
1301 794 1389 856 refu·

297 902 369 966 gere
384 879 419 943 in
441 885 544 944 castra
563 879 663 949 libero
686 877 820 942 introitu
844 877 971 955 sineret,
990 877 1126 940 clamore
1141 875 1277 956 sublato,
1291 877 1390 940 simul

298 963 447 1028 omnibus
461 961 561 1048 portis
576 962 690 1048 erupit.
722 963 799 1026 Non
814 961 991 1026 sustinuere
1002 959 1148 1046 inpetum
1162 961 1390 1046 necopinatum

298 1051 418 1113 hostes.
447 1047 502 1132 qui
518 1047 559 1110 ad
577 1055 680 1112 castra
702 1045 918 1131 obpugnanda
930 1052 1092 1123 venerant,
1115 1067 1156 1108 ne
1178 1066 1236 1108 sua
1258 1045 1391 1128 quidem

300 1133 383 1198 tueri
396 1139 579 1218 potuerunt.
601 1153 675 1196 nam
693 1131 852 1216 extemplo
870 1128 943 1208 fusi,
960 1128 1072 1214 fugati,
1087 1151 1161 1192 mox
1177 1129 1392 1192 intravallum

302 1227 454 1304 paventes
468 1215 634 1302 compulsi,
642 1223 802 1302 postremo
814 1221 975 1278 exuuntur
984 1213 1106 1277 castris.
1148 1213 1199 1276 Eo
1210 1213 1261 1276 die
1275 1235 1394 1278 novem

302 1302 402 1366 millia
414 1301 555 1366 hostium
578 1322 677 1366 caesar
700 1300 785 1384 capti
798 1299 861 1364 vivi
885 1297 1018 1362 trecenti
1031 1297 1154 1382 viginti,
1169 1297 1243 1380 equi
1261 1306 1394 1362 centurn

305 1387 481 1467 duodecim,
493 1386 583 1471 signa
593 1384 739 1448 militaria
747 1383 878 1470 triginta
890 1389 1022 1468 septem.
1045 1383 1085 1446 de
1095 1381 1236 1446 exercitu
1247 1383 1394 1446 Romano

306 1479 435 1536 centurn
447 1493 561 1535 novem
574 1469 764 1534 ceciderunt.

349 1555 475 1618 XLIX.
496 1555 548 1618 Ab
563 1555 624 1618 hoc
637 1553 748 1638 proelio
763 1551 929 1618 Gracchus
948 1553 1041 1618 duxit
1056 1552 1097 1618 ad
1115 1551 1396 1639 depopulandum'

307 1638 509 1704 Celtiberiam
532 1637 681 1722 legiones.
709 1644 752 1716 et,
776 1658 878 1721 quum
900 1637 996 1702 ferret
1019 1638 1136 1723 passim
1159 1645 1275 1702 cuncta
1299 1643 1397 1720 atque

307 1729 423 1808 ageret,
437 1721 611 1819 populique
635 1721 687 1785 alii
707 1721 881 1801 voluntate,
901 1722 954 1786 alii
966 1731 1055 1787 metu
1069 1723 1186 1808 jugum
1206 1720 1398 1806 acciperent,

144 1809 211 1888 9¹1¹·
222 1823 284 1884 osy,
308 1815 436 1872 centum
450 1816 510 1870 trra
529 1805 647 1890 oppida
664 1805 748 1870 intra
764 1827 883 1892 paucos
903 1806 970 1870 dies
988 1806 1022 1870 in
1042 1807 1233 1871 deditionem
1254 1806 1397 1891 accepit:

144 1875 296 1985 lgffiffl
308 1891 417 1978 praeda
430 1889 553 1976 potitus
567 1889 690 1975 ingenti
699 1899 757 1956 est.
801 1889 967 1956 Convertit
987 1891 1061 1954 inde
1075 1913 1189 1977 agmen
1203 1898 1298 1970 retro,
1311 1890 1399 1954 unde

308 1983 447 2055 venerat,
460 1974 501 2039 ad
513 1975 624 2055 Alcen,
633 1983 727 2060 atque
739 1997 808 2040 eam
822 1975 934 2040 urbem
945 1975 1130 2060 obpugnare
1144 1975 1270 2039 institit.
1294 1975 1400 2060 Oppi-

310 2059 384 2126 dani
398 2060 539 2146 primum
560 2059 707 2144 inpetum
729 2060 870 2125 hostium
893 2060 1133 2124 sustinuerunt:
1158 2059 1282 2138 deinde,
1320 2081 1400 2123 uum

306 2145 374 2234 jam
383 2168 448 2210 non
462 2144 557 2210 armis
567 2145 672 2224 modo,
683 2145 739 2209 sed
751 2145 845 2209 etiam
855 2145 1003 2229 operibus
1017 2145 1289 2230 obpugnarentur,
1328 2144 1401 2208 ‘ffisi

311 2231 459 2332 presidio
474 2230 573 2310 urbis,
596 2229 630 2294 in
647 2251 750 2294 arcem
766 2229 905 2295 universi
925 2238 1158 2294 concesserunt.
1191 2237 1353 2314 postremo
1368 2237 1402 2292 et

311 2317 396 2396 ande,
410 2315 583 2401 praemissis
598 2315 785 2394 oratoribus,
798 2313 832 2378 in
852 2313 1005 2378 ditionem
1025 2337 1058 2377 se
1074 2335 1194 2398 suaque
1212 2314 1319 2378 omnia
1336 2315 1403 2378 Ro-

312 2399 414 2464 manis
452 2399 650 2462 ermiserunt.
684 2399 806 2483 Magna
826 2398 899 2462 inde
918 2398 1027 2483 praeda
1040 2399 1123 2462 facta
1136 2407 1194 2463 est.
1219 2399 1313 2462 multi
1326 2421 1402 2496 cap-

312 2484 370 2548 tivi
389 2422 511 2546 nobiles
530 2481 563 2545 in
581 2489 772 2579 potestatem
791 2492 966 2562 venerunt;
993 2483 1076 2547 inter
1098 2505 1179 2567 quos
1203 2492 1236 2546 et
1257 2484 1402 2546 Thumi*

312 2567 370 2630 filii
399 2567 462 2629 duo
491 2573 524 2628 et
547 2564 621 2628 filu.
678 2565 820 2650 Regulus
849 2567 901 2630 hic
923 2589 1031 2630 earum
1047 2567 1191 2652 gentium
1210 2575 1288 2644 erat,
1306 2567 1402 2652 longe

312 2647 553 2736 potentissimus
575 2648 718 2712 omnium
741 2650 970 2734 Hispanorum.
1014 2652 1134 2715 Audita
1156 2673 1287 2716 suorum
1303 2651 1403 2730 clade,

313 2734 428 2812 missis,
453 2733 508 2818 qui
527 2733 624 2796 fidem
637 2733 777 2798 venienti
798 2734 832 2798 in
854 2743 957 2800 castra
979 2737 1020 2800 ad
1042 2736 1223 2800 Gracchum
1245 2745 1403 2822 peterent,

314 2819 411 2885 venit.
443 2827 475 2882 et
486 2817 624 2904 primum
636 2815 657 2850 '⁸
668 2817 861 2903 quaesivitab
870 2821 1035 2898 concubi
1048 2822 1152 2884 liceret
1161 2823 1405 2885 comisatum?

315 2927 415 2992 quum
430 2911 548 2990 praetor
560 2905 710 2968 uicturum
731 2904 965 2989 respondisset3
986 2904 1133 2990 quaesivit
1146 2905 1272 2983 iterum,
1284 2908 1313 2968 ιι·
1335 2927 1405 2969 cam

315 2991 462 3056 Βοηιαηίι
485 2991 620 3053 ηιὶἰὶἰανε
646 2990 777 3053 liceret?
805 2988 839 3052 id
864 3011 990 3073 quoque
1018 2989 1163 3054 Graccho
1188 2989 1405 3075 permittente,

315 3096 435 3158 sequar,
449 3074 563 3157 inquit,
576 3094 629 3137 uos
643 3075 787 3137 oduernss
799 3080 913 3138 ueteres
921 3075 1018 3138 socios
1027 3095 1117 3152 meos,
1128 3077 1269 3157 quereiam
1282 3075 1354 3138 illos
1363 3075 1408 3137 od

316 3180 364 3222 me
377 3159 551 3240 '’propioat
572 3159 732 3238 suspicere.
776 3157 912 3222 Secutus
927 3166 976 3222 est
990 3158 1063 3222 inde
1079 3159 1251 3238 Romanoa,
1266 3159 1405 3242 fortique

317 3262 354 3304 ac
369 3241 453 3304 fideli
469 3261 564 3324 opera
583 3241 692 3303 multis
713 3241 791 3304 locis
805 3263 872 3305 rem
889 3243 1064 3306 Romanam
1079 3243 1209 3328 adjuvit.

360 3325 399 3388 L.
421 3323 579 3408 Ergavia¹
604 3323 688 3402 inde,
703 3325 818 3390 nobilis
838 3334 870 3389 et
893 3336 1007 3411 potens
1031 3327 1151 3406 civitas,
1165 3327 1299 3392 aliorum
1322 3327 1406 3390 circa

317 3408 511 3557 tilithi
524 3407 1096 3578 nllillflltthat‘tthffil
1116 3412 1278 3476 ΗΘΜ·
1322 3411 1406 3474 nm

319 3585 405 3642 sunt.
425 3599 442 3641 e
458 3599 522 3662 qua
536 3598 663 3662 regione
677 3577 861 3642 abduxisset
875 3577 1024 3664 legiones,
1044 3581 1202 3664 extemplo
1217 3580 1290 3643 inde
1304 3579 1405 3643 rebel·

319 3661 429 3740 latum,
443 3683 622 3748 magnoque
646 3683 719 3726 eum
743 3669 853 3746 postea
866 3664 978 3748 proelio
998 3665 1039 3728 ad
1053 3673 1194 3727 montem
1212 3664 1407 3728 Chaunum

318 3767 393 3810 cum
408 3747 574 3811 Celtiberis
587 3767 607 3809 a
620 3745 723 3831 prima
736 3745 806 3810 luce
824 3748 866 3811 ad
880 3756 1001 3812 sextam
1015 3749 1126 3812 horam
1140 3749 1203 3812 diei
1217 3748 1317 3833 signis
1331 3770 1408 3812 con·

345 3902 356 3938 ¹
368 3906 520 3967 pcpslssdom
533 3905 605 3952 Gran.
619 3905 686 3954 cres.
790 3909 805 3938 ¹¹
819 3907 888 3953 Tsrrs'
900 3907 967 3953 Eed.
1065 3909 1080 3940 ¹
1091 3906 1207 3967 Ergavica
1218 3903 1313 3964 Kreyss.
1329 3903 1407 3950 sess.

642 4015 646 4023 ,
713 3968 840 4018 ’Caum
851 3971 923 4017 Groo.
936 3971 1004 4017 Creu.

1012 3495 1245 3579 ctam‚quidam
1260 3505 1406 3559 auctores
1524 3559 1531 3570 ,

188 4120 220 4177 78
239 4121 347 4172 manus
357 4121 386 4167 st
397 4133 430 4174 es,
440 4133 468 4166 nc
478 4119 523 4165 sits·
535 4111 625 4176 licerer]
648 4115 702 4162 Non
719 4115 765 4162 im·
796 4117 889 4164 ridetur
899 4117 924 4162 in
935 4115 1050 4176 eJusmcdi
1062 4116 1116 4164 locis
1128 4116 1204 4171 silere,
1220 4129 1290 4175 quam
1308 4115 1409 4162 incertas
1508 4128 1525 4168 ..a

156 4186 281 4246 probabilis
292 4193 328 4233 est
336 4184 419 4232 Clerici
430 4185 576 4243 conjecturas
589 4181 699 4241 quasiste,
707 4195 765 4227 osss
796 4181 923 4227 admodum
934 4187 1025 4227 tentare
1036 4183 1187 4241 conjecturas.
1204 4181 1219 4212 ¹
1230 4181 1317 4226 Sensus
1328 4187 1408 4238 patet:

156 4251 201 4296 ss'ts'
212 4251 296 4296 denec
797 4245 907 4304 quonism
928 4243 980 4290 illos
997 4258 1080 4304 purum
1098 4251 1140 4291 sut
1158 4243 1225 4299 lidos,
1241 4249 1283 4290 sut
1301 4249 1409 4304 poteuoes

188 4311 220 4365 79
231 4305 472 4372 Proptastrssptcere]
488 4307 619 4355 Gronovius
627 4305 765 4367 suspicatur,
796 4315 907 4368 expertus
918 4322 978 4355 sum.

154 4375 231 4434 piguit
249 4378 375 4436 ruptam:
399 4389 482 4436 psrum
501 4374 569 4420 clare.
604 4371 677 4418 Nobis
695 4371 767 4418 nous
