3094 4954
211 325 273 388 125
801 313 894 378 um
917 313 1033 378 u1v11

212 487 345 538 uasou
373 466 395 500 ‘²
408 467 611 532 mnutissino
639 464 744 528 lomus
771 468 883 526 nostre
909 463 1061 524 uobiscum
1088 462 1226 524 amatio
1255 461 1350 542 eliqua
1384 468 1466 539 sunt,

212 557 241 602 Α»
253 555 279 600 o
293 551 346 600 ¹⁸⁹·
375 551 516 634 reseram.
559 548 754 612 Pedestriirus
775 547 989 626 naualibusque
1012 547 1116 626 copiis,
1134 551 1169 608 ut
1191 566 1276 608 nemo
1298 551 1467 609 vestrorum

375 639 525 702 sociorum
553 653 600 698 me
628 633 817 714 equiparare
839 635 955 712 posset,
983 631 1182 712 imperatores
1203 637 1320 693 vestros
1339 631 1465 712 adiuvi.-

377 725 558 786 commeaius
580 724 665 780 terra
686 717 822 796 morique
844 714 1052 796 suppeditavi.-
1075 715 1233 778 unoculus
1249 715 1380 796 preliis,
1402 735 1467 796 qun

376 806 481 870 miultis
493 804 567 866 locis
574 799 666 882 foeta
678 806 758 877 mni,
774 799 908 864 omnibus
922 797 1008 878 adfui
1016 825 1026 870 ,·
1048 818 1103 862 neo
1117 799 1215 861 labori
1229 819 1304 877 meo,
1319 820 1373 862 nco
1379 802 1466 881 peri-

378 891 444 954 culo
456 886 720 968 mquompeperoi.
767 883 854 956 Quod
863 883 1064 946 muomnum
1079 889 1125 946 esi
1138 884 1172 946 iu
1187 883 1271 962 bello,
1286 884 1467 947 obsidionem

372 992 485 1056 posuis
498 991 574 1049 mm,
589 970 734 1051 Perqami
748 969 881 1031 inclusus
895 987 962 1030 oum
976 967 1150 1030 discrimine
1162 969 1269 1030 ultimo
1289 971 1381 1030 simul
1397 971 1467 1030 uita

378 1059 530 1140 requique.
571 1054 735 1118 Liberatus
757 1051 864 1116 Mnus
886 1052 1048 1128 obsidione,
1070 1071 1160 1132 quum
1178 1054 1344 1133 elioporte
1357 1055 1468 1115 Antio-

380 1145 463 1220 ciuus,
477 1142 540 1204 ulio
556 1141 698 1202 Seleucum
706 1139 790 1200 circo
801 1155 902 1198 urcem
911 1137 997 1217 requi
1006 1139 1065 1198 mei
1074 1143 1177 1199 eastra
1186 1137 1340 1216 leniment,
1351 1139 1468 1200 relictis

379 1227 469 1290 retus
476 1235 497 1304 ¹,
519 1230 584 1288 tolo
604 1224 700 1288 classe
718 1222 761 1285 od
777 1221 1002 1302 Hellespontum
1023 1221 1061 1283 L.
1077 1223 1214 1302 Scipioni
1236 1223 1351 1286 munuli
1367 1229 1467 1284 oestro

381 1311 560 1386 abuuerint
574 1328 640 1372 eum
654 1309 687 1370 in
701 1305 879 1386 trajiciendo
896 1307 1031 1368 ecereitu
1045 1305 1229 1385 adjuvarem.
1258 1313 1422 1388 postquam
1435 1309 1468 1368 iu

381 1396 491 1458 Arium
501 1395 651 1456 enmoitus
664 1397 762 1454 uester
776 1397 821 1454 est
836 1395 1054 1470 transqressuu,
1064 1410 1225 1472 enumquam
1236 1411 1255 1452 u
1268 1393 1388 1454 connde
1397 1393 1466 1452 alro-

381 1481 477 1544 cessi:
492 1499 577 1542 neno
591 1478 677 1539 miles
684 1477 839 1538 Romamn
849 1476 948 1556 muqis
957 1475 1097 1538 uulnus
1108 1477 1142 1538 in
1156 1477 1267 1538 austris
1276 1477 1386 1538 ominis
1392 1475 1468 1556 suit,

382 1584 472 1646 queam
491 1583 545 1644 eqo
553 1561 732 1641 fratresque
748 1561 815 1624 mei.
841 1561 926 1622 mila
945 1559 1230 1640 modulaminum
1242 1567 1468 1642 equestreproe-

382 1645 707 1725 liumsinemesactum
716 1649 771 1706 est.
792 1645 831 1706 In
841 1645 907 1708 acie
917 1644 960 1706 ibi
970 1645 1052 1722 steti,
1063 1651 1257 1726 comportem
1266 1666 1331 1708 sum
1343 1652 1469 1722 tutatus,

382 1732 416 1794 in
426 1751 485 1811 quo
495 1749 542 1792 me
556 1729 660 1792 consul
671 1748 735 1792 esse
746 1729 849 1791 uoluit.
884 1729 957 1792 Non
970 1749 1037 1792 sum
1048 1730 1105 1792 inc
1117 1731 1263 1807 dictur-su,
1275 1731 1387 1792 Patres
1401 1751 1470 1793 coro-

381 1815 499 1894 ecripti,
515 1815 583 1894 quis
596 1815 652 1875 luoc
667 1813 742 1875 bello
756 1813 874 1874 meritis
888 1831 961 1894 erqo
974 1833 1027 1876 vos
1040 1835 1154 1877 nsemcm
1165 1817 1338 1895 comparari
1343 1817 1470 1896 potest?

382 1899 451 1980 qu
464 1899 540 1962 nulli
554 1898 684 1960 omnium
699 1897 989 1978 nequepopulonum,
1001 1919 1095 1980 necque
1108 1919 1223 1981 nequem,
1238 1902 1353 1980 quosin
1362 1920 1471 1980 maqno

382 1984 494 2046 nonme
518 1982 645 2060 noletis,
666 2001 726 2044 nan
749 1983 847 2044 ausim
870 2003 917 2046 me
942 2003 1129 2064 comparare.
1170 1985 1278 2046 Hostis
1300 1985 1471 2046 Masinissa

382 2072 454 2129 anic
467 2067 550 2130 uobis
559 2075 579 2144 ⁸,
600 2087 691 2146 quam
708 2068 816 2144 socius,
829 2065 914 2146 suit:
937 2087 991 2130 neo
1003 2069 1146 2130 iscolumi
1158 2089 1250 2150 reqno
1265 2089 1332 2131 cum
1347 2069 1456 2131 unit·

382 2152 456 2228 mis,
477 2151 532 2214 sed
551 2153 694 2228 entonis,
715 2151 865 2232 eupoleos,
888 2154 1008 2214 amissis
1022 2153 1157 2216 omnibus
1171 2156 1275 2234 copiis,
1290 2174 1357 2216 mm
1370 2160 1472 2216 turono

383 2237 516 2316 equilum
528 2237 561 2297 in
576 2241 679 2298 castro
693 2234 827 2317 contisqit
845 2243 957 2298 vestrm
993 2243 1094 2301 tamen
1114 2258 1190 2316 eura,
1215 2241 1287 2320 quia
1308 2241 1342 2301 in
1359 2238 1472 2319 Africa

382 2320 529 2384 adoerm
550 2321 718 2400 Syphacem
744 2327 774 2384 et
794 2321 1067 2404 Kurtluaqiuienses
1081 2323 1219 2403 fideliter
1239 2329 1329 2404 utque
1353 2325 1473 2404 inpiqre

382 2405 533 2468 uobiscum
549 2407 643 2481 stetit,
665 2425 725 2467 non
742 2406 776 2468 in
787 2407 927 2486 patrium
944 2408 1040 2469 solum
1060 2427 1185 2489 reqnum
1199 2409 1386 2486 restituistis,
1407 2409 1472 2484 sed,

383 2488 504 2566 adiecto
527 2489 752 2567 opnmuustmo
769 2495 864 2568 parte
882 2490 1033 2571 Syphacis
1049 2493 1146 2573 reqni,
1161 2497 1377 2573 propotentem
1391 2493 1473 2554 inter

382 2570 500 2650 Asi-ieie
524 2589 610 2650 reyes
625 2569 757 2650 fecistis.
803 2573 867 2643 Quo
891 2575 1013 2638 tandem
1034 2577 1131 2658 iqiiur
1151 2597 1205 2640 nos
1224 2579 1353 2657 munnio
1382 2583 1472 2657 otqsue

382 2655 495 2716 nouom
507 2653 592 2734 (liqui
605 2654 689 2733 opud
699 2674 752 2716 oos
765 2675 877 2734 mmm,
899 2660 951 2738 qui
965 2681 1126 2741 numquam
1141 2663 1251 2739 nostes,
1265 2681 1383 2743 semper
1396 2663 1472 2723 socii

374 2735 517 2817 suimus?
559 2738 666 2814 Pater,
687 2758 751 2818 eqo,
766 2738 943 2822 fratresque
962 2746 1021 2807 mei
1037 2765 1097 2808 non
1115 2747 1148 2808 in
1169 2747 1249 2808 Asia
1269 2751 1396 2824 torcium,
1418 2747 1474 2808 sed

382 2821 475 2884 etium
491 2821 603 2900 procul
624 2821 663 2884 ab
687 2823 774 2886 domo
795 2825 829 2888 in
848 2825 1062 2907 Peloponneso,
1083 2831 1117 2893 in
1137 2831 1267 2908 Boeotia,
1289 2833 1322 2893 in
1338 2831 1471 2908 AEtolio,

382 2905 529 2985 Philippi,
543 2907 697 2985 Antiochi,
711 2909 847 2972 AEtolico
863 2911 948 2988 bello,
970 2918 1055 2976 terro
1069 2916 1206 2996 morique
1212 2935 1273 2996 pro
1286 2915 1370 2978 uobis
1383 2935 1472 2977 omno

382 2989 515 3054 tulimus.
560 2991 642 3064 Quid
653 3011 724 3074 erqo
733 2995 900 3072 postulas?
921 2997 1004 3060 dieat
1019 2999 1138 3080 aliquis.
1174 3000 1253 3081 qu,
1273 3001 1387 3063 Patres
1402 3021 1472 3062 oon·

380 3075 501 3154 scripti,
515 3077 655 3155 moniam
669 3077 769 3140 dicere
782 3080 884 3160 ntimo
897 3082 1063 3144 volentibus
1076 3083 1160 3146 uobis
1175 3085 1348 3165 parendum
1366 3091 1421 3162 est,
1444 3086 1472 3146 si

381 3177 434 3220 ooo
448 3178 485 3220 eo
498 3165 596 3222 mue
608 3161 692 3224 ultro
708 3162 803 3225 Tauri
808 3164 888 3244 juqa
901 3169 1023 3230 ernostis
1036 3168 1221 3231 Antiochum
1231 3173 1250 3247 ⁸,
1266 3175 1301 3231 ui
1315 3171 1375 3250 ipsi
1390 3175 1472 3231 tene-

381 3243 457 3304 retis
470 3261 522 3304 eus
536 3247 646 3320 terras,
659 3247 757 3308 nullos
772 3248 905 3326 adcolas,
926 3269 981 3312 nec
993 3250 1144 3330 finitimos
1160 3254 1280 3333 iubere,
1303 3274 1393 3335 quom
1407 3275 1472 3332 vos,

381 3325 479 3395 malo,·
495 3343 549 3387 neo
563 3327 626 3389 mlo
641 3329 704 3390 alia
714 3339 768 3392 reu
779 3334 873 3395 tutius
882 3335 1078 3416 stabiliusque
1086 3357 1211 3418 reqnum
1222 3359 1320 3401 meum
1326 3335 1473 3418 futurum

381 3427 479 3506 spero.
523 3409 587 3472 Sed
603 3412 631 3473 si
651 3413 734 3474 uobis
748 3415 890 3479 decedere
903 3419 984 3497 inde,
1006 3425 1097 3500 atque
1110 3424 1262 3485 cumdius
1275 3423 1422 3486 mansere
1437 3423 1473 3486 in

382 3511 482 3554 ummo
496 3499 561 3567 θεῖς
583 3497 729 3559 neminem
743 3499 910 3580 diqniorem
924 3523 988 3566 esse
1000 3523 1039 3566 en
1053 3507 1144 3568 sociis
1157 3509 1276 3584 uestris,
1292 3509 1343 3588 qui
1358 3507 1434 3569 bollo
1451 3529 1473 3569 a

381 3575 465 3638 uobis
472 3583 569 3656 porta
577 3581 743 3660 possident,
759 3603 849 3664 queam
862 3607 919 3664 me,
934 3587 1034 3651 dicem
1048 3591 1155 3653 ausim
1198 3593 1244 3653 At
1258 3593 1338 3653 enim
1350 3593 1472 3672 maqui-

374 3657 471 3738 fieum
485 3667 530 3724 est
545 3663 674 3726 liberare
693 3668 831 3730 ciuitates
844 3689 957 3733 sucos.
999 3673 1051 3734 Ita
1072 3675 1188 3754 opinor,
1209 3677 1238 3737 si
1261 3677 1340 3737 nituit
1361 3677 1472 3738 hostile

382 3743 527 3807 alumnus
546 3747 763 3827 uossecerunt:
785 3753 835 3815 sin
858 3759 957 3817 autem
978 3757 1125 3820 Antioctu'
1139 3760 1246 3840 portis
1267 3759 1470 3839 ‘'suerunt¹,·

408 3895 420 3924 ἲ
434 3895 500 3941 relus
511 3897 565 3942 meis
576 3897 642 3944 Cres.
655 3898 749 3958 Kreyou.
763 3901 838 3947 Beki.
935 3907 945 3935 ¹
957 3905 1081 3953 Masinissa
1091 3908 1160 3953 tostis
1171 3909 1231 3954 tuiis
1241 3915 1294 3955 onte
1306 3909 1380 3954 Goon.
1392 3909 1462 3956 Cres.

378 3950 531 4004 ‘Ausucum
542 3963 630 4007 emostis
643 3961 707 4007 unu
835 3969 850 3996 ¹¹
860 3980 884 4012 re
895 3968 943 4013 alia
955 3967 1031 4014 Bekk.
1149 3968 1260 4030 ¹suerint
1271 3973 1345 4018 Gran.
1359 3973 1436 4018 Beki.

235 4087 282 4164 'q7
302 4089 457 4166 Vetustissimo
469 4095 546 4142 domu
556 4103 637 4144 uostm
647 4101 824 4147 niumnami·
856 4117 978 4150 munorum
995 4115 1104 4151 venerut:
1128 4114 1152 4152 et
1167 4108 1212 4154 hoc
1229 4122 1299 4155 sensu
1317 4113 1471 4158 uetustissima

218 4149 286 4212 mua]
305 4153 414 4199 Amicum
430 4156 470 4202 illu
486 4161 515 4204 ab
532 4159 612 4206 Attalo
631 4161 744 4208 Eumenis
759 4173 824 4223 putre
857 4167 895 4212 hic
919 4168 1004 4214 dieitur
1025 4168 1136 4216 Attalica
1162 4173 1246 4218 domus
1272 4187 1325 4219 cum
1354 4175 1471 4222 Romanis

218 4223 293 4290 coepln
308 4223 422 4271 onumen
440 4219 473 4266 itu
492 4223 578 4268 multos
595 4231 744 4272 autemnon
778 4229 824 4274 Sed
855 4231 964 4276 amicitia.

218 4289 336 4332 nimirum,
347 4280 367 4325 si
385 4283 494 4341 euspicius
510 4295 598 4333 ceteros
609 4287 671 4334 Auia
682 4289 824 4349 Graeciaque
888 4293 920 4338 uu
937 4293 1051 4354 Fuerunt]
1069 4297 1225 4344 Gronovionse
1239 4299 1363 4354 editiones.
1369 4298 1469 4362 fiseo-int.

217 4352 284 4398 rogeo
300 4349 324 4386 et
342 4345 447 4420 populos,
462 4349 550 4408 primus
570 4351 675 4398 omnium
686 4351 786 4408 Attalus,
797 4363 824 4400 ut
855 4355 926 4404 Quod
941 4358 1019 4404 minuo
1037 4361 1132 4418 placuit,
1144 4363 1199 4422 quio
1210 4365 1307 4409 verbum
1325 4367 1445 4424 subjuncti
1463 4368 1470 4412 i

268 4417 285 4432 ²
304 4415 441 4456 memorum
458 4411 584 4470 Eumenes,
596 4415 620 4460 in
636 4415 762 4463 amicitiem
774 4418 824 4466 Ro·
855 4419 918 4465 modi
930 4420 1082 4481 hiualiquum
1099 4425 1471 4484 significarevidereturdnbitu·
