<?xml version="1.0" encoding="UTF-8"?>
<!DOCTYPE html PUBLIC "-//W3C//DTD XHTML 1.0 Transitional//EN"
    "http://www.w3.org/TR/xhtml1/DTD/xhtml1-transitional.dtd">
<html xmlns="http://www.w3.org/1999/xhtml" xml:lang="en" lang="en">
 <head>
  <title>
</title>
<meta http-equiv="Content-Type" content="text/html;charset=utf-8" />
  <meta name='ocr-system' content='tesseract 3.04.00' />
  <meta name='ocr-capabilities' content='ocr_page ocr_carea ocr_par ocr_line ocrx_word'/>
</head>
<body>
  <div class='ocr_page' id='page_1' title='image "./tliviipatavinih01crevgoog/tliviipatavinih01crevgoog_0109.png"; bbox 0 0 3094 4954; ppageno 0'>
   <div class='ocr_carea' id='block_1_1' title="bbox 408 351 1366 434">
    <p class='ocr_par' dir='ltr' id='par_1_1' title="bbox 408 351 1366 434">
     <span class='ocr_line' id='line_1_1' title="bbox 408 351 1366 434; baseline 0.004 -19"><span class='ocrx_word' id='word_1_1' title='bbox 408 351 495 415; x_wconf 90' lang='lat' dir='ltr'>LIB.</span> <span class='ocrx_word' id='word_1_2' title='bbox 518 351 700 416; x_wconf 80' lang='lat' dir='ltr'>XXXVII.</span> <span class='ocrx_word' id='word_1_3' title='bbox 730 351 825 415; x_wconf 80' lang='lat' dir='ltr'>CAP.</span> <span class='ocrx_word' id='word_1_4' title='bbox 848 352 946 417; x_wconf 88' lang='lat' dir='ltr'>XXI.</span> <span class='ocrx_word' id='word_1_5' title='bbox 1324 373 1366 434; x_wconf 89' lang='lat'><strong>99</strong></span> 
     </span>
    </p>
   </div>
   <div class='ocr_carea' id='block_1_2' title="bbox 5 495 1304 3712">
    <p class='ocr_par' dir='ltr' id='par_1_2' title="bbox 100 495 1346 836">
     <span class='ocr_line' id='line_1_2' title="bbox 102 495 1241 670; baseline 0.002 -28"><span class='ocrx_word' id='word_1_6' title='bbox 102 495 1198 670; x_wconf 50' lang='lat' dir='ltr'><strong>fflnwfflnttfflttttliltutus·</strong></span> <span class='ocrx_word' id='word_1_7' title='bbox 1211 528 1346 644; x_wconf 71' lang='lat' dir='ltr'><strong>lue</strong></span> 
     </span>
     <span class='ocr_line' id='line_1_3' title="bbox 100 607 1199 758; baseline 0.009 -30"><span class='ocrx_word' id='word_1_8' title='bbox 100 673 135 728; x_wconf 90' lang='lat' dir='ltr'><strong>et</strong></span> <span class='ocrx_word' id='word_1_9' title='bbox 149 664 359 728; x_wconf 83' lang='lat' dir='ltr'><strong>semisomnos</strong></span> <span class='ocrx_word' id='word_1_10' title='bbox 368 665 380 704; x_wconf 75' lang='lat'><strong><em>¹</em></strong></span> <span class='ocrx_word' id='word_1_11' title='bbox 389 686 448 752; x_wconf 91' lang='lat' dir='ltr'><strong>pro</strong></span> <span class='ocrx_word' id='word_1_12' title='bbox 502 665 606 730; x_wconf 86' lang='lat' dir='ltr'><strong>adorti</strong></span> <span class='ocrx_word' id='word_1_13' title='bbox 619 674 716 729; x_wconf 66' lang='lat' dir='ltr'><strong>sunta</strong></span> <span class='ocrx_word' id='word_1_14' title='bbox 738 667 841 730; x_wconf 85' lang='lat' dir='ltr'><strong>caedea</strong></span> <span class='ocrx_word' id='word_1_15' title='bbox 853 668 973 750; x_wconf 88' lang='lat' dir='ltr'><strong>passim</strong></span> <span class='ocrx_word' id='word_1_16' title='bbox 987 607 1126 755; x_wconf 68' lang='lat' dir='ltr'><strong>higaque</strong></span> <span class='ocrx_word' id='word_1_17' title='bbox 1140 637 1199 758; x_wconf 80' lang='lat' dir='ltr'><strong>pei</strong></span> 
     </span>
     <span class='ocr_line' id='line_1_4' title="bbox 100 687 1196 836; baseline 0.009 -25"><span class='ocrx_word' id='word_1_18' title='bbox 100 769 233 833; x_wconf 83' lang='lat' dir='ltr'><strong>eampos</strong></span> <span class='ocrx_word' id='word_1_19' title='bbox 247 749 332 812; x_wconf 84' lang='lat' dir='ltr'><strong>facte</strong></span> <span class='ocrx_word' id='word_1_20' title='bbox 345 757 404 812; x_wconf 86' lang='lat' dir='ltr'><strong>est.</strong></span> <span class='ocrx_word' id='word_1_21' title='bbox 434 687 632 834; x_wconf 72' lang='lat' dir='ltr'><strong>Ilihphanes,</strong></span> <span class='ocrx_word' id='word_1_22' title='bbox 648 758 777 813; x_wconf 87' lang='lat' dir='ltr'><strong>secutus</strong></span> <span class='ocrx_word' id='word_1_23' title='bbox 791 751 921 829; x_wconf 82' lang='lat' dir='ltr'><strong>effusos,</strong></span> <span class='ocrx_word' id='word_1_24' title='bbox 936 751 958 786; x_wconf 84' lang='lat'><strong>‘¹</strong></span> <span class='ocrx_word' id='word_1_25' title='bbox 968 756 1074 836; x_wconf 85' lang='lat' dir='ltr'><strong>quoad</strong></span> <span class='ocrx_word' id='word_1_26' title='bbox 1088 763 1196 822; x_wconf 90' lang='lat' dir='ltr'><strong>tutum</strong></span> 
     </span>
    </p>

    <p class='ocr_par' dir='ltr' id='par_1_3' title="bbox 101 833 1194 920">
     <span class='ocr_line' id='line_1_5' title="bbox 101 833 1194 920; baseline 0.01 -25"><span class='ocrx_word' id='word_1_27' title='bbox 101 833 174 911; x_wconf 82' lang='lat' dir='ltr'><strong>lirit,</strong></span> <span class='ocrx_word' id='word_1_28' title='bbox 189 855 307 918; x_wconf 80' lang='lat' dir='ltr'><strong>magno</strong></span> <span class='ocrx_word' id='word_1_29' title='bbox 321 835 515 897; x_wconf 83' lang='lat' dir='ltr'><strong>Achaeorum</strong></span> <span class='ocrx_word' id='word_1_30' title='bbox 529 833 618 919; x_wconf 86' lang='lat' dir='ltr'><strong>genti</strong></span> <span class='ocrx_word' id='word_1_31' title='bbox 629 835 740 898; x_wconf 89' lang='lat' dir='ltr'><strong>decore</strong></span> <span class='ocrx_word' id='word_1_32' title='bbox 751 842 852 918; x_wconf 89' lang='lat' dir='ltr'><strong>parto,</strong></span> <span class='ocrx_word' id='word_1_33' title='bbox 870 836 1100 920; x_wconf 77' lang='lat' dir='ltr'><strong>(spectaverant</strong></span> <span class='ocrx_word' id='word_1_34' title='bbox 1110 843 1194 906; x_wconf 92' lang='lat' dir='ltr'><strong>enim</strong></span> 
     </span>
    </p>

    <p class='ocr_par' dir='ltr' id='par_1_4' title="bbox 100 917 1194 1010">
     <span class='ocr_line' id='line_1_6' title="bbox 100 917 1194 1010; baseline 0.008 -30"><span class='ocrx_word' id='word_1_35' title='bbox 100 939 118 980; x_wconf 89' lang='lat' dir='ltr'><strong>e</strong></span> <span class='ocrx_word' id='word_1_36' title='bbox 132 917 296 980; x_wconf 83' lang='lat' dir='ltr'><strong>moenibus</strong></span> <span class='ocrx_word' id='word_1_37' title='bbox 310 919 354 981; x_wconf 88' lang='lat' dir='ltr'><strong>Pe</strong></span> <span class='ocrx_word' id='word_1_38' title='bbox 447 918 454 932; x_wconf 89' lang='lat'>&#39;</span> <span class='ocrx_word' id='word_1_39' title='bbox 469 940 534 982; x_wconf 93' lang='lat' dir='ltr'><strong>non</strong></span> <span class='ocrx_word' id='word_1_40' title='bbox 548 918 607 982; x_wconf 85' lang='lat' dir='ltr'><strong>viri</strong></span> <span class='ocrx_word' id='word_1_41' title='bbox 621 919 728 998; x_wconf 89' lang='lat' dir='ltr'><strong>modo,</strong></span> <span class='ocrx_word' id='word_1_42' title='bbox 742 919 799 982; x_wconf 87' lang='lat' dir='ltr'><strong>sed</strong></span> <span class='ocrx_word' id='word_1_43' title='bbox 812 919 938 984; x_wconf 86' lang='lat' dir='ltr'><strong>feminae</strong></span> <span class='ocrx_word' id='word_1_44' title='bbox 950 921 1056 1006; x_wconf 87' lang='lat' dir='ltr'><strong>etiam)</strong></span> <span class='ocrx_word' id='word_1_45' title='bbox 1067 923 1101 987; x_wconf 90' lang='lat' dir='ltr'><strong>in</strong></span> <span class='ocrx_word' id='word_1_46' title='bbox 1111 948 1194 1010; x_wconf 82' lang='lat' dir='ltr'><strong>prae-</strong></span> 
     </span>
    </p>

    <p class='ocr_par' dir='ltr' id='par_1_5' title="bbox 99 939 456 1067">
     <span class='ocr_line' id='line_1_7' title="bbox 99 939 456 1067; baseline 0.008 -3"><span class='ocrx_word' id='word_1_47' title='bbox 99 1002 218 1064; x_wconf 90' lang='lat' dir='ltr'><strong>sidium</strong></span> <span class='ocrx_word' id='word_1_48' title='bbox 233 1002 322 1064; x_wconf 85' lang='lat' dir='ltr'><strong>urhis</strong></span> <span class='ocrx_word' id='word_1_49' title='bbox 337 939 456 1067; x_wconf 48' lang='lat' dir='ltr'><strong>mihil?</strong></span> 
     </span>
    </p>

    <p class='ocr_par' dir='ltr' id='par_1_6' title="bbox 5 1086 1304 3712">
     <span class='ocr_line' id='line_1_8' title="bbox 140 1086 1285 1174; baseline 0.008 -25"><span class='ocrx_word' id='word_1_50' title='bbox 140 1086 242 1150; x_wconf 91' lang='lat' dir='ltr'>XXI.</span> <span class='ocrx_word' id='word_1_51' title='bbox 269 1087 400 1150; x_wconf 89' lang='lat' dir='ltr'><strong>Postero</strong></span> <span class='ocrx_word' id='word_1_52' title='bbox 427 1087 478 1150; x_wconf 88' lang='lat' dir='ltr'><strong>die</strong></span> <span class='ocrx_word' id='word_1_53' title='bbox 503 1087 609 1170; x_wconf 84' lang='lat' dir='ltr'><strong>regiae,</strong></span> <span class='ocrx_word' id='word_1_54' title='bbox 634 1087 735 1171; x_wconf 87' lang='lat' dir='ltr'><strong>magis</strong></span> <span class='ocrx_word' id='word_1_55' title='bbox 765 1087 949 1172; x_wconf 81' lang='lat' dir='ltr'><strong>eompositae</strong></span> <span class='ocrx_word' id='word_1_56' title='bbox 974 1097 1006 1153; x_wconf 90' lang='lat' dir='ltr'><strong>et</strong></span> <span class='ocrx_word' id='word_1_57' title='bbox 1028 1093 1190 1174; x_wconf 76' lang='lat' dir='ltr'><strong>ordinatae,</strong></span> <span class='ocrx_word' id='word_1_58' title='bbox 1205 1110 1285 1158; x_wconf 72' lang='grc' dir='ltr'><strong>ιιιιη</strong></span> 
     </span>
     <span class='ocr_line' id='line_1_9' title="bbox 98 1171 1301 1259; baseline 0.01 -27"><span class='ocrx_word' id='word_1_59' title='bbox 98 1171 254 1233; x_wconf 85' lang='lat' dir='ltr'><strong>stationes</strong></span> <span class='ocrx_word' id='word_1_60' title='bbox 268 1171 450 1256; x_wconf 78' lang='lat' dir='ltr'><strong>quingentis</strong></span> <span class='ocrx_word' id='word_1_61' title='bbox 464 1171 611 1256; x_wconf 86' lang='lat' dir='ltr'><strong>passibus</strong></span> <span class='ocrx_word' id='word_1_62' title='bbox 626 1171 754 1256; x_wconf 89' lang='lat' dir='ltr'><strong>longius</strong></span> <span class='ocrx_word' id='word_1_63' title='bbox 772 1172 812 1235; x_wconf 87' lang='lat' dir='ltr'><strong>ab</strong></span> <span class='ocrx_word' id='word_1_64' title='bbox 831 1173 910 1236; x_wconf 91' lang='lat' dir='ltr'><strong>urbe</strong></span> <span class='ocrx_word' id='word_1_65' title='bbox 928 1186 1104 1259; x_wconf 90' lang='lat' dir='ltr'><strong>posuerunt</strong></span> <span class='ocrx_word' id='word_1_66' title='bbox 1123 1201 1190 1243; x_wconf 86' lang='lat' dir='ltr'><strong>oes-</strong></span> <span class='ocrx_word' id='word_1_67' title='bbox 1203 1176 1301 1234; x_wconf 73' lang='lat' dir='ltr'><strong>eruptio.</strong></span> 
     </span>
     <span class='ocr_line' id='line_1_10' title="bbox 96 1255 1189 1354; baseline 0.01 -37"><span class='ocrx_word' id='word_1_68' title='bbox 96 1261 164 1317; x_wconf 81' lang='lat' dir='ltr'><strong>tna:</strong></span> <span class='ocrx_word' id='word_1_69' title='bbox 188 1263 222 1318; x_wconf 89' lang='lat' dir='ltr'><strong>et</strong></span> <span class='ocrx_word' id='word_1_70' title='bbox 237 1255 348 1318; x_wconf 79' lang='lat' dir='ltr'><strong>Achaei</strong></span> <span class='ocrx_word' id='word_1_71' title='bbox 367 1257 478 1319; x_wconf 90' lang='lat' dir='ltr'><strong>eodem</strong></span> <span class='ocrx_word' id='word_1_72' title='bbox 494 1257 591 1319; x_wconf 83' lang='lat' dir='ltr'><strong>ferme</strong></span> <span class='ocrx_word' id='word_1_73' title='bbox 607 1263 759 1354; x_wconf 85' lang='lat' dir='ltr'><strong>tempore,</strong></span> <span class='ocrx_word' id='word_1_74' title='bbox 775 1264 870 1340; x_wconf 88' lang='lat' dir='ltr'><strong>atque</strong></span> <span class='ocrx_word' id='word_1_75' title='bbox 885 1257 918 1320; x_wconf 93' lang='lat' dir='ltr'><strong>in</strong></span> <span class='ocrx_word' id='word_1_76' title='bbox 934 1261 1069 1324; x_wconf 88' lang='lat' dir='ltr'><strong>eundem</strong></span> <span class='ocrx_word' id='word_1_77' title='bbox 1083 1263 1189 1328; x_wconf 86' lang='lat' dir='ltr'><strong>locum</strong></span> 
     </span>
     <span class='ocr_line' id='line_1_11' title="bbox 96 1340 1189 1430; baseline 0.009 -28"><span class='ocrx_word' id='word_1_78' title='bbox 96 1348 332 1424; x_wconf 79' lang='lat' dir='ltr'><strong>prooesseramt</strong></span> <span class='ocrx_word' id='word_1_79' title='bbox 360 1341 421 1404; x_wconf 87' lang='lat' dir='ltr'><strong>Per</strong></span> <span class='ocrx_word' id='word_1_80' title='bbox 432 1341 550 1403; x_wconf 87' lang='lat' dir='ltr'><strong>multas</strong></span> <span class='ocrx_word' id='word_1_81' title='bbox 560 1341 654 1403; x_wconf 88' lang='lat' dir='ltr'><strong>horas</strong></span> <span class='ocrx_word' id='word_1_82' title='bbox 665 1340 781 1404; x_wconf 85' lang='lat' dir='ltr'><strong>rutenti</strong></span> <span class='ocrx_word' id='word_1_83' title='bbox 791 1341 952 1424; x_wconf 86' lang='lat' dir='ltr'><strong>utrimque</strong></span> <span class='ocrx_word' id='word_1_84' title='bbox 965 1344 1051 1407; x_wconf 81' lang='lat' dir='ltr'><strong>velut</strong></span> <span class='ocrx_word' id='word_1_85' title='bbox 1057 1346 1125 1430; x_wconf 87' lang='lat' dir='ltr'><strong>jam</strong></span> <span class='ocrx_word' id='word_1_86' title='bbox 1139 1349 1189 1412; x_wconf 85' lang='lat' dir='ltr'><strong>fu-</strong></span> 
     </span>
     <span class='ocr_line' id='line_1_12' title="bbox 94 1425 1188 1511; baseline 0.006 -23"><span class='ocrx_word' id='word_1_87' title='bbox 94 1432 206 1488; x_wconf 88' lang='lat' dir='ltr'><strong>turum</strong></span> <span class='ocrx_word' id='word_1_88' title='bbox 220 1425 368 1510; x_wconf 88' lang='lat' dir='ltr'><strong>inpetum</strong></span> <span class='ocrx_word' id='word_1_89' title='bbox 378 1433 638 1510; x_wconf 62' lang='lat' dir='ltr'><strong>exspectarem:</strong></span> <span class='ocrx_word' id='word_1_90' title='bbox 662 1434 835 1510; x_wconf 88' lang='lat' dir='ltr'><strong>postquam</strong></span> <span class='ocrx_word' id='word_1_91' title='bbox 850 1426 937 1489; x_wconf 89' lang='lat' dir='ltr'><strong>haud</strong></span> <span class='ocrx_word' id='word_1_92' title='bbox 951 1429 1062 1511; x_wconf 87' lang='lat' dir='ltr'><strong>procul</strong></span> <span class='ocrx_word' id='word_1_93' title='bbox 1075 1451 1188 1495; x_wconf 83' lang='lat' dir='ltr'><strong>occasu</strong></span> 
     </span>
     <span class='ocr_line' id='line_1_13' title="bbox 93 1509 1188 1596; baseline 0.008 -25"><span class='ocrx_word' id='word_1_94' title='bbox 93 1509 170 1572; x_wconf 85' lang='lat' dir='ltr'><strong>solis</strong></span> <span class='ocrx_word' id='word_1_95' title='bbox 185 1509 340 1573; x_wconf 76' lang='lat' dir='ltr'><strong>mdeundi</strong></span> <span class='ocrx_word' id='word_1_96' title='bbox 353 1509 387 1574; x_wconf 88' lang='lat' dir='ltr'><strong>in</strong></span> <span class='ocrx_word' id='word_1_97' title='bbox 401 1519 504 1573; x_wconf 82' lang='lat' dir='ltr'><strong>castra</strong></span> <span class='ocrx_word' id='word_1_98' title='bbox 517 1518 644 1596; x_wconf 86' lang='lat' dir='ltr'><strong>tempus</strong></span> <span class='ocrx_word' id='word_1_99' title='bbox 658 1517 734 1588; x_wconf 87' lang='lat' dir='ltr'><strong>erat,</strong></span> <span class='ocrx_word' id='word_1_100' title='bbox 750 1509 828 1595; x_wconf 84' lang='lat' dir='ltr'><strong>regii</strong></span> <span class='ocrx_word' id='word_1_101' title='bbox 843 1509 942 1595; x_wconf 90' lang='lat' dir='ltr'><strong>signis</strong></span> <span class='ocrx_word' id='word_1_102' title='bbox 958 1512 1090 1576; x_wconf 87' lang='lat' dir='ltr'><strong>conlatis</strong></span> <span class='ocrx_word' id='word_1_103' title='bbox 1103 1515 1188 1580; x_wconf 89' lang='lat' dir='ltr'><strong>abire</strong></span> 
     </span>
     <span class='ocr_line' id='line_1_14' title="bbox 91 1593 1186 1684; baseline 0.007 -28"><span class='ocrx_word' id='word_1_104' title='bbox 91 1593 232 1678; x_wconf 79' lang='lat' dir='ltr'><strong>agmine,</strong></span> <span class='ocrx_word' id='word_1_105' title='bbox 253 1595 295 1657; x_wconf 87' lang='lat' dir='ltr'><strong>ed</strong></span> <span class='ocrx_word' id='word_1_106' title='bbox 315 1593 377 1658; x_wconf 86' lang='lat' dir='ltr'><strong>iter</strong></span> <span class='ocrx_word' id='word_1_107' title='bbox 393 1594 505 1680; x_wconf 82' lang='lat' dir='ltr'><strong>magis,</strong></span> <span class='ocrx_word' id='word_1_108' title='bbox 525 1615 621 1680; x_wconf 84' lang='lat' dir='ltr'><strong>quam</strong></span> <span class='ocrx_word' id='word_1_109' title='bbox 636 1595 677 1657; x_wconf 83' lang='lat' dir='ltr'><strong>sd</strong></span> <span class='ocrx_word' id='word_1_110' title='bbox 691 1616 843 1680; x_wconf 85' lang='lat' dir='ltr'><strong>pugnem,</strong></span> <span class='ocrx_word' id='word_1_111' title='bbox 864 1617 934 1659; x_wconf 88' lang='lat' dir='ltr'><strong>eom</strong></span> <span class='ocrx_word' id='word_1_112' title='bbox 959 1597 1040 1660; x_wconf 90' lang='lat' dir='ltr'><strong>osito</strong></span> <span class='ocrx_word' id='word_1_113' title='bbox 1054 1597 1186 1684; x_wconf 86' lang='lat' dir='ltr'><strong>coepere.</strong></span> 
     </span>
     <span class='ocr_line' id='line_1_15' title="bbox 93 1617 1185 1778; baseline 0.005 -35"><span class='ocrx_word' id='word_1_114' title='bbox 93 1677 227 1744; x_wconf 77' lang='lat' dir='ltr'><strong>Quievit</strong></span> <span class='ocrx_word' id='word_1_115' title='bbox 246 1679 442 1778; x_wconf 86' lang='lat' dir='ltr'><strong>Diophanes,</strong></span> <span class='ocrx_word' id='word_1_116' title='bbox 463 1680 542 1742; x_wconf 92' lang='lat' dir='ltr'><strong>dum</strong></span> <span class='ocrx_word' id='word_1_117' title='bbox 555 1679 589 1743; x_wconf 93' lang='lat' dir='ltr'><strong>in</strong></span> <span class='ocrx_word' id='word_1_118' title='bbox 604 1689 778 1764; x_wconf 86' lang='lat' dir='ltr'><strong>conspectu</strong></span> <span class='ocrx_word' id='word_1_119' title='bbox 796 1687 895 1744; x_wconf 88' lang='lat' dir='ltr'><strong>erant.</strong></span> <span class='ocrx_word' id='word_1_120' title='bbox 931 1617 1045 1746; x_wconf 79' lang='lat' dir='ltr'><strong>deinde</strong></span> <span class='ocrx_word' id='word_1_121' title='bbox 1065 1685 1185 1764; x_wconf 89' lang='lat' dir='ltr'><strong>eodem,</strong></span> 
     </span>
     <span class='ocr_line' id='line_1_16' title="bbox 90 1763 1184 1864; baseline 0.006 -38"><span class='ocrx_word' id='word_1_122' title='bbox 90 1783 156 1845; x_wconf 90' lang='lat' dir='ltr'><strong>quo</strong></span> <span class='ocrx_word' id='word_1_123' title='bbox 169 1763 283 1848; x_wconf 88' lang='lat' dir='ltr'><strong>pridie,</strong></span> <span class='ocrx_word' id='word_1_124' title='bbox 305 1773 418 1850; x_wconf 87' lang='lat' dir='ltr'><strong>mpetu</strong></span> <span class='ocrx_word' id='word_1_125' title='bbox 432 1764 466 1828; x_wconf 90' lang='lat' dir='ltr'><strong>in</strong></span> <span class='ocrx_word' id='word_1_126' title='bbox 480 1773 678 1849; x_wconf 83' lang='lat' dir='ltr'><strong>postremum</strong></span> <span class='ocrx_word' id='word_1_127' title='bbox 693 1785 807 1864; x_wconf 85' lang='lat' dir='ltr'><strong>agmen</strong></span> <span class='ocrx_word' id='word_1_128' title='bbox 821 1765 975 1845; x_wconf 83' lang='lat' dir='ltr'><strong>incurrit3</strong></span> <span class='ocrx_word' id='word_1_129' title='bbox 996 1775 1184 1854; x_wconf 87' lang='lat' dir='ltr'><strong>tantumque</strong></span> 
     </span>
     <span class='ocr_line' id='line_1_17' title="bbox 90 1849 1184 1950; baseline 0.008 -40"><span class='ocrx_word' id='word_1_130' title='bbox 90 1869 204 1911; x_wconf 78' lang='lat' dir='ltr'><strong>mrsras</strong></span> <span class='ocrx_word' id='word_1_131' title='bbox 228 1849 353 1934; x_wconf 81' lang='lat' dir='ltr'><strong>pavoris</strong></span> <span class='ocrx_word' id='word_1_132' title='bbox 373 1869 410 1912; x_wconf 86' lang='lat' dir='ltr'><strong>ae</strong></span> <span class='ocrx_word' id='word_1_133' title='bbox 432 1849 590 1948; x_wconf 75' lang='lat' dir='ltr'><strong>tumpltus</strong></span> <span class='ocrx_word' id='word_1_134' title='bbox 612 1849 755 1950; x_wconf 78' lang='lat' dir='ltr'><strong>incussit,</strong></span> <span class='ocrx_word' id='word_1_135' title='bbox 778 1857 825 1948; x_wconf 82' lang='lat' dir='ltr'><strong>qt,</strong></span> <span class='ocrx_word' id='word_1_136' title='bbox 848 1871 947 1950; x_wconf 82' lang='lat' dir='ltr'><strong>quum</strong></span> <span class='ocrx_word' id='word_1_137' title='bbox 971 1859 1060 1938; x_wconf 85' lang='lat' dir='ltr'><strong>terga</strong></span> <span class='ocrx_word' id='word_1_138' title='bbox 1083 1855 1184 1918; x_wconf 85' lang='lat' dir='ltr'><strong>caede-</strong></span> 
     </span>
     <span class='ocr_line' id='line_1_18' title="bbox 89 1935 1304 2106; baseline 0.012 -26"><span class='ocrx_word' id='word_1_139' title='bbox 89 1935 1183 2106; x_wconf 53' lang='lat' dir='ltr'><strong>Xiiniffighullffiiviiiiffdiiidhssiiiiiiiiuiiii</strong></span> <span class='ocrx_word' id='word_1_140' title='bbox 1196 2046 1304 2106; x_wconf 57' lang='lat' dir='ltr'><strong>„nn</strong></span> 
     </span>
     <span class='ocr_line' id='line_1_19' title="bbox 5 2101 1285 2190; baseline 0.007 -26"><span class='ocrx_word' id='word_1_141' title='bbox 5 2137 10 2146; x_wconf 92' lang='lat'><em>·</em></span> <span class='ocrx_word' id='word_1_142' title='bbox 89 2101 285 2166; x_wconf 72' lang='lat' dir='ltr'><strong>Achaeorum</strong></span> <span class='ocrx_word' id='word_1_143' title='bbox 310 2103 441 2167; x_wconf 79' lang='lat' dir='ltr'><strong>audacia</strong></span> <span class='ocrx_word' id='word_1_144' title='bbox 468 2103 637 2168; x_wconf 85' lang='lat' dir='ltr'><strong>Seleucum</strong></span> <span class='ocrx_word' id='word_1_145' title='bbox 666 2125 704 2168; x_wconf 82' lang='lat' dir='ltr'><strong>ex</strong></span> <span class='ocrx_word' id='word_1_146' title='bbox 733 2127 809 2190; x_wconf 87' lang='lat' dir='ltr'><strong>agro</strong></span> <span class='ocrx_word' id='word_1_147' title='bbox 835 2105 1029 2190; x_wconf 82' lang='lat' dir='ltr'><strong>Pergameno</strong></span> <span class='ocrx_word' id='word_1_148' title='bbox 1056 2112 1285 2173; x_wconf 71' lang='lat' dir='ltr'><strong>movere⁰b¹ld⁵⁰</strong></span> 
     </span>
     <span class='ocr_line' id='line_1_20' title="bbox 88 2176 1299 2274; baseline 0.006 -24"><span class='ocrx_word' id='word_1_149' title='bbox 88 2195 197 2249; x_wconf 81' lang='lat' dir='ltr'><strong>castra</strong></span> <span class='ocrx_word' id='word_1_150' title='bbox 215 2187 328 2272; x_wconf 72' lang='lat' dir='ltr'><strong>ooiigit.</strong></span> <span class='ocrx_word' id='word_1_151' title='bbox 369 2188 558 2268; x_wconf 82' lang='lat' dir='ltr'><strong>Antiochus,</strong></span> <span class='ocrx_word' id='word_1_152' title='bbox 580 2197 751 2274; x_wconf 84' lang='lat' dir='ltr'><strong>postquam</strong></span> <span class='ocrx_word' id='word_1_153' title='bbox 772 2191 933 2254; x_wconf 85' lang='lat' dir='ltr'><strong>Romanos</strong></span> <span class='ocrx_word' id='word_1_154' title='bbox 951 2197 984 2254; x_wconf 91' lang='lat' dir='ltr'><strong>et</strong></span> <span class='ocrx_word' id='word_1_155' title='bbox 1004 2191 1182 2257; x_wconf 81' lang='lat' dir='ltr'><strong>Eumenem</strong></span> <span class='ocrx_word' id='word_1_156' title='bbox 1194 2176 1299 2223; x_wconf 73' lang='lat'>&#39;⁰¹⁷¹‘¹¹¹·</span> 
     </span>
     <span class='ocr_line' id='line_1_21' title="bbox 87 2269 1182 2358; baseline 0.007 -25"><span class='ocrx_word' id='word_1_157' title='bbox 87 2269 131 2333; x_wconf 84' lang='lat' dir='ltr'><strong>ad</strong></span> <span class='ocrx_word' id='word_1_158' title='bbox 153 2271 314 2334; x_wconf 91' lang='lat' dir='ltr'><strong>tuendum</strong></span> <span class='ocrx_word' id='word_1_159' title='bbox 337 2271 579 2358; x_wconf 80' lang='lat' dir='ltr'><strong>Adramytteum</strong></span> <span class='ocrx_word' id='word_1_160' title='bbox 593 2274 717 2338; x_wconf 87' lang='lat' dir='ltr'><strong>venisse</strong></span> <span class='ocrx_word' id='word_1_161' title='bbox 741 2273 872 2350; x_wconf 86' lang='lat' dir='ltr'><strong>audivit,</strong></span> <span class='ocrx_word' id='word_1_162' title='bbox 894 2274 1081 2358; x_wconf 81' lang='lat' dir='ltr'><strong>sequidem</strong></span> <span class='ocrx_word' id='word_1_163' title='bbox 1103 2277 1182 2342; x_wconf 91' lang='lat' dir='ltr'><strong>urbe</strong></span> 
     </span>
     <span class='ocr_line' id='line_1_22' title="bbox 87 2355 1182 2445; baseline 0.005 -27"><span class='ocrx_word' id='word_1_164' title='bbox 87 2355 260 2435; x_wconf 81' lang='lat' dir='ltr'><strong>abstinuit,</strong></span> <span class='ocrx_word' id='word_1_165' title='bbox 272 2356 480 2442; x_wconf 69' lang='lat' dir='ltr'><strong>depopulatas</strong></span> <span class='ocrx_word' id='word_1_166' title='bbox 495 2379 597 2444; x_wconf 83' lang='lat' dir='ltr'><strong>egros.</strong></span> <span class='ocrx_word' id='word_1_167' title='bbox 623 2360 647 2392; x_wconf 83' lang='lat'><strong>⁸⁴</strong></span> <span class='ocrx_word' id='word_1_168' title='bbox 656 2358 797 2421; x_wconf 79' lang='lat' dir='ltr'><strong>Peraeam</strong></span> <span class='ocrx_word' id='word_1_169' title='bbox 811 2356 896 2436; x_wconf 85' lang='lat' dir='ltr'><strong>inde,</strong></span> <span class='ocrx_word' id='word_1_170' title='bbox 911 2358 1067 2424; x_wconf 80' lang='lat' dir='ltr'><strong>coloniam</strong></span> <span class='ocrx_word' id='word_1_171' title='bbox 1080 2359 1182 2445; x_wconf 82' lang='lat' dir='ltr'><strong>Mity-</strong></span> 
     </span>
     <span class='ocr_line' id='line_1_23' title="bbox 85 2439 1181 2528; baseline 0.005 -25"><span class='ocrx_word' id='word_1_172' title='bbox 85 2439 277 2520; x_wconf 80' lang='lat' dir='ltr'><strong>lenaeorum,</strong></span> <span class='ocrx_word' id='word_1_173' title='bbox 291 2461 352 2527; x_wconf 84' lang='lat' dir='ltr'><strong>exp</strong></span> <span class='ocrx_word' id='word_1_174' title='bbox 436 2441 491 2506; x_wconf 89' lang='lat' dir='ltr'><strong>vit.</strong></span> <span class='ocrx_word' id='word_1_175' title='bbox 535 2441 1181 2528; x_wconf 81' lang='lat' dir='ltr'><strong>Cotton,etCorylenus,etAphrodisias,</strong></span> 
     </span>
     <span class='ocr_line' id='line_1_24' title="bbox 82 2463 1181 2626; baseline 0.005 -38"><span class='ocrx_word' id='word_1_176' title='bbox 82 2535 120 2588; x_wconf 88' lang='lat' dir='ltr'><strong>et</strong></span> <span class='ocrx_word' id='word_1_177' title='bbox 135 2525 252 2605; x_wconf 72' lang='lat' dir='ltr'><strong>creos,</strong></span> <span class='ocrx_word' id='word_1_178' title='bbox 266 2463 494 2626; x_wconf 54' lang='lat' dir='ltr'><strong>primdldfiem</strong></span> <span class='ocrx_word' id='word_1_179' title='bbox 506 2536 609 2626; x_wconf 80' lang='lat' dir='ltr'><strong>neptes</strong></span> <span class='ocrx_word' id='word_1_180' title='bbox 624 2534 710 2591; x_wconf 79' lang='lat' dir='ltr'><strong>sunt</strong></span> <span class='ocrx_word' id='word_1_181' title='bbox 732 2527 805 2592; x_wconf 89' lang='lat' dir='ltr'><strong>inde</strong></span> <span class='ocrx_word' id='word_1_182' title='bbox 820 2548 879 2613; x_wconf 90' lang='lat' dir='ltr'><strong>per</strong></span> <span class='ocrx_word' id='word_1_183' title='bbox 899 2527 1052 2613; x_wconf 77' lang='lat' dir='ltr'><strong>Thyatira</strong></span> <span class='ocrx_word' id='word_1_184' title='bbox 1067 2529 1181 2594; x_wconf 86' lang='lat' dir='ltr'><strong>Sardes</strong></span> 
     </span>
     <span class='ocr_line' id='line_1_25' title="bbox 82 2609 1179 2698; baseline 0.005 -24"><span class='ocrx_word' id='word_1_185' title='bbox 82 2609 195 2674; x_wconf 88' lang='lat' dir='ltr'><strong>rediit.</strong></span> <span class='ocrx_word' id='word_1_186' title='bbox 239 2611 398 2691; x_wconf 85' lang='lat' dir='ltr'><strong>Seleucus,</strong></span> <span class='ocrx_word' id='word_1_187' title='bbox 420 2633 454 2675; x_wconf 82' lang='lat' dir='ltr'><strong>an</strong></span> <span class='ocrx_word' id='word_1_188' title='bbox 478 2613 635 2682; x_wconf 85' lang='lat' dir='ltr'><strong>mentima</strong></span> <span class='ocrx_word' id='word_1_189' title='bbox 664 2633 719 2676; x_wconf 87' lang='lat' dir='ltr'><strong>ora</strong></span> <span class='ocrx_word' id='word_1_190' title='bbox 745 2633 945 2698; x_wconf 82' lang='lat' dir='ltr'><strong>permanens,</strong></span> <span class='ocrx_word' id='word_1_191' title='bbox 967 2613 1035 2678; x_wconf 86' lang='lat' dir='ltr'><strong>aliia</strong></span> <span class='ocrx_word' id='word_1_192' title='bbox 1058 2615 1179 2694; x_wconf 89' lang='lat' dir='ltr'><strong>terrori,</strong></span> 
     </span>
     <span class='ocr_line' id='line_1_26' title="bbox 81 2695 1180 2799; baseline 0.005 -41"><span class='ocrx_word' id='word_1_193' title='bbox 81 2695 156 2758; x_wconf 83' lang='lat' dir='ltr'><strong>aliia</strong></span> <span class='ocrx_word' id='word_1_194' title='bbox 195 2695 320 2759; x_wconf 76' lang='lat' dir='ltr'><strong>maidio</strong></span> <span class='ocrx_word' id='word_1_195' title='bbox 333 2706 410 2762; x_wconf 83' lang='lat' dir='ltr'><strong>eret.</strong></span> <span class='ocrx_word' id='word_1_196' title='bbox 448 2695 567 2762; x_wconf 81' lang='lat' dir='ltr'><strong>Classis</strong></span> <span class='ocrx_word' id='word_1_197' title='bbox 582 2698 726 2761; x_wconf 82' lang='lat' dir='ltr'><strong>Romana</strong></span> <span class='ocrx_word' id='word_1_198' title='bbox 740 2719 813 2761; x_wconf 90' lang='lat' dir='ltr'><strong>cum</strong></span> <span class='ocrx_word' id='word_1_199' title='bbox 827 2698 972 2762; x_wconf 81' lang='lat' dir='ltr'><strong>Eumene</strong></span> <span class='ocrx_word' id='word_1_200' title='bbox 984 2699 1180 2799; x_wconf 88' lang='lat' dir='ltr'><strong>Rhodiisque</strong></span> 
     </span>
     <span class='ocr_line' id='line_1_27' title="bbox 83 2717 1178 2868; baseline 0.005 -26"><span class='ocrx_word' id='word_1_201' title='bbox 83 2717 270 2864; x_wconf 83' lang='lat' dir='ltr'><strong>Mitylenen</strong></span> <span class='ocrx_word' id='word_1_202' title='bbox 284 2782 398 2866; x_wconf 88' lang='lat' dir='ltr'><strong>primo,</strong></span> <span class='ocrx_word' id='word_1_203' title='bbox 411 2781 487 2846; x_wconf 90' lang='lat' dir='ltr'><strong>inde</strong></span> <span class='ocrx_word' id='word_1_204' title='bbox 500 2789 594 2861; x_wconf 72' lang='lat' dir='ltr'><strong>retrq</strong></span> <span class='ocrx_word' id='word_1_205' title='bbox 603 2782 688 2846; x_wconf 90' lang='lat' dir='ltr'><strong>unde</strong></span> <span class='ocrx_word' id='word_1_206' title='bbox 701 2783 844 2868; x_wconf 81' lang='lat' dir='ltr'><strong>prolecta</strong></span> <span class='ocrx_word' id='word_1_207' title='bbox 857 2791 934 2864; x_wconf 88' lang='lat' dir='ltr'><strong>erat,</strong></span> <span class='ocrx_word' id='word_1_208' title='bbox 944 2783 1065 2848; x_wconf 71' lang='lat' dir='ltr'><strong>Elaeam</strong></span> <span class='ocrx_word' id='word_1_209' title='bbox 1075 2785 1178 2848; x_wconf 76' lang='lat' dir='ltr'><strong>rediit.</strong></span> 
     </span>
     <span class='ocr_line' id='line_1_28' title="bbox 84 2865 1179 2952; baseline 0.005 -25"><span class='ocrx_word' id='word_1_210' title='bbox 84 2865 168 2928; x_wconf 87' lang='lat' dir='ltr'><strong>lude</strong></span> <span class='ocrx_word' id='word_1_211' title='bbox 185 2865 353 2930; x_wconf 81' lang='lat' dir='ltr'><strong>Phoooeam</strong></span> <span class='ocrx_word' id='word_1_212' title='bbox 377 2875 523 2952; x_wconf 81' lang='lat' dir='ltr'><strong>petentes</strong></span> <span class='ocrx_word' id='word_1_213' title='bbox 545 2866 586 2930; x_wconf 86' lang='lat' dir='ltr'><strong>ad</strong></span> <span class='ocrx_word' id='word_1_214' title='bbox 607 2865 754 2946; x_wconf 79' lang='lat' dir='ltr'><strong>insulam,</strong></span> <span class='ocrx_word' id='word_1_215' title='bbox 768 2887 865 2952; x_wconf 86' lang='lat' dir='ltr'><strong>quam</strong></span> <span class='ocrx_word' id='word_1_216' title='bbox 885 2868 1041 2931; x_wconf 88' lang='lat' dir='ltr'><strong>Baohium</strong></span> <span class='ocrx_word' id='word_1_217' title='bbox 1053 2877 1179 2947; x_wconf 85' lang='lat' dir='ltr'><strong>vocant,</strong></span> 
     </span>
     <span class='ocr_line' id='line_1_29' title="bbox 83 2949 1179 3036; baseline 0.002 -24"><span class='ocrx_word' id='word_1_218' title='bbox 83 2949 239 3029; x_wconf 89' lang='lat' dir='ltr'><strong>(inminet</strong></span> <span class='ocrx_word' id='word_1_219' title='bbox 257 2950 330 3014; x_wconf 91' lang='lat' dir='ltr'><strong>urbi</strong></span> <span class='ocrx_word' id='word_1_220' title='bbox 343 2950 596 3036; x_wconf 80' lang='lat' dir='ltr'><strong>Phoooeensium)</strong></span> <span class='ocrx_word' id='word_1_221' title='bbox 613 2949 816 3036; x_wconf 90' lang='lat' dir='ltr'><strong>adpulerunt,</strong></span> <span class='ocrx_word' id='word_1_222' title='bbox 831 2958 873 3030; x_wconf 90' lang='lat' dir='ltr'><strong>et,</strong></span> <span class='ocrx_word' id='word_1_223' title='bbox 887 2950 1005 3034; x_wconf 88' lang='lat' dir='ltr'><strong>quibus</strong></span> <span class='ocrx_word' id='word_1_224' title='bbox 1018 2959 1091 3016; x_wconf 86' lang='lat' dir='ltr'><strong>ante</strong></span> <span class='ocrx_word' id='word_1_225' title='bbox 1107 2952 1179 3015; x_wconf 88' lang='lat' dir='ltr'><strong>abs-</strong></span> 
     </span>
     <span class='ocr_line' id='line_1_30' title="bbox 80 3033 1180 3122; baseline 0.001 -25"><span class='ocrx_word' id='word_1_226' title='bbox 80 3033 251 3098; x_wconf 81' lang='lat' dir='ltr'><strong>tinuerant</strong></span> <span class='ocrx_word' id='word_1_227' title='bbox 271 3035 400 3121; x_wconf 82' lang='lat' dir='ltr'><strong>templis</strong></span> <span class='ocrx_word' id='word_1_228' title='bbox 427 3035 599 3121; x_wconf 75' lang='lat' dir='ltr'><strong>signisque,</strong></span> <span class='ocrx_word' id='word_1_229' title='bbox 622 3035 758 3122; x_wconf 78' lang='lat' dir='ltr'><strong>(egregie</strong></span> <span class='ocrx_word' id='word_1_230' title='bbox 782 3041 889 3099; x_wconf 82' lang='lat' dir='ltr'><strong>autem</strong></span> <span class='ocrx_word' id='word_1_231' title='bbox 906 3041 1057 3098; x_wconf 86' lang='lat' dir='ltr'><strong>exornata</strong></span> <span class='ocrx_word' id='word_1_232' title='bbox 1076 3035 1180 3098; x_wconf 82' lang='lat' dir='ltr'><strong>insula</strong></span> 
     </span>
     <span class='ocr_line' id='line_1_31' title="bbox 80 3118 1179 3206; baseline 0 -24"><span class='ocrx_word' id='word_1_233' title='bbox 80 3122 163 3202; x_wconf 83' lang='lat' dir='ltr'><strong>erat)</strong></span> <span class='ocrx_word' id='word_1_234' title='bbox 181 3141 284 3203; x_wconf 90' lang='lat' dir='ltr'><strong>quum</strong></span> <span class='ocrx_word' id='word_1_235' title='bbox 298 3119 456 3184; x_wconf 85' lang='lat' dir='ltr'><strong>hostiliter</strong></span> <span class='ocrx_word' id='word_1_236' title='bbox 470 3119 687 3206; x_wconf 76' lang='lat' dir='ltr'><strong>diripuissent,</strong></span> <span class='ocrx_word' id='word_1_237' title='bbox 700 3119 855 3205; x_wconf 83' lang='lat' dir='ltr'><strong>adipeam</strong></span> <span class='ocrx_word' id='word_1_238' title='bbox 870 3119 982 3183; x_wconf 91' lang='lat' dir='ltr'><strong>urbem</strong></span> <span class='ocrx_word' id='word_1_239' title='bbox 997 3118 1179 3183; x_wconf 81' lang='lat' dir='ltr'><strong>transmise-</strong></span> 
     </span>
     <span class='ocr_line' id='line_1_32' title="bbox 82 3203 1179 3304; baseline 0 -36"><span class='ocrx_word' id='word_1_240' title='bbox 82 3213 171 3268; x_wconf 86' lang='lat' dir='ltr'><strong>runt.</strong></span> <span class='ocrx_word' id='word_1_241' title='bbox 207 3225 279 3268; x_wconf 86' lang='lat' dir='ltr'><strong>eam</strong></span> <span class='ocrx_word' id='word_1_242' title='bbox 301 3203 410 3268; x_wconf 84' lang='lat' dir='ltr'><strong>divisis</strong></span> <span class='ocrx_word' id='word_1_243' title='bbox 433 3204 517 3268; x_wconf 85' lang='lat' dir='ltr'><strong>inter</strong></span> <span class='ocrx_word' id='word_1_244' title='bbox 539 3225 572 3268; x_wconf 89' lang='lat' dir='ltr'><strong>se</strong></span> <span class='ocrx_word' id='word_1_245' title='bbox 597 3205 743 3290; x_wconf 86' lang='lat' dir='ltr'><strong>partibus</strong></span> <span class='ocrx_word' id='word_1_246' title='bbox 768 3225 868 3288; x_wconf 90' lang='lat' dir='ltr'><strong>quum</strong></span> <span class='ocrx_word' id='word_1_247' title='bbox 890 3203 1124 3304; x_wconf 84' lang='lat' dir='ltr'><strong>obpugnarent,</strong></span> <span class='ocrx_word' id='word_1_248' title='bbox 1146 3212 1179 3268; x_wconf 89' lang='lat' dir='ltr'><strong>et</strong></span> 
     </span>
     <span class='ocr_line' id='line_1_33' title="bbox 82 3289 1177 3376; baseline 0 -24"><span class='ocrx_word' id='word_1_249' title='bbox 82 3289 242 3367; x_wconf 82' lang='lat' dir='ltr'><strong>viderent,</strong></span> <span class='ocrx_word' id='word_1_250' title='bbox 263 3289 364 3352; x_wconf 79' lang='lat' dir='ltr'><strong>“aine</strong></span> <span class='ocrx_word' id='word_1_251' title='bbox 393 3289 552 3376; x_wconf 84' lang='lat' dir='ltr'><strong>operibus,</strong></span> <span class='ocrx_word' id='word_1_252' title='bbox 580 3289 675 3355; x_wconf 85' lang='lat' dir='ltr'><strong>armis</strong></span> <span class='ocrx_word' id='word_1_253' title='bbox 701 3289 854 3374; x_wconf 84' lang='lat' dir='ltr'><strong>scalisque</strong></span> <span class='ocrx_word' id='word_1_254' title='bbox 879 3309 949 3374; x_wconf 81' lang='lat' dir='ltr'><strong>capr</strong></span> <span class='ocrx_word' id='word_1_255' title='bbox 974 3311 1039 3352; x_wconf 91' lang='lat' dir='ltr'><strong>non</strong></span> <span class='ocrx_word' id='word_1_256' title='bbox 1063 3309 1177 3374; x_wconf 85' lang='lat' dir='ltr'><strong>posse3</strong></span> 
     </span>
     <span class='ocr_line' id='line_1_34' title="bbox 83 3371 1178 3459; baseline -0.001 -22"><span class='ocrx_word' id='word_1_257' title='bbox 83 3373 220 3437; x_wconf 83' lang='lat' dir='ltr'><strong>missum</strong></span> <span class='ocrx_word' id='word_1_258' title='bbox 244 3372 285 3438; x_wconf 84' lang='lat' dir='ltr'><strong>ab</strong></span> <span class='ocrx_word' id='word_1_259' title='bbox 312 3373 472 3438; x_wconf 85' lang='lat' dir='ltr'><strong>Antiocho</strong></span> <span class='ocrx_word' id='word_1_260' title='bbox 494 3373 678 3459; x_wconf 75' lang='lat' dir='ltr'><strong>presidium</strong></span> <span class='ocrx_word' id='word_1_261' title='bbox 701 3373 799 3436; x_wconf 82' lang='lat' dir='ltr'><strong>trium</strong></span> <span class='ocrx_word' id='word_1_262' title='bbox 821 3371 957 3437; x_wconf 91' lang='lat' dir='ltr'><strong>millium</strong></span> <span class='ocrx_word' id='word_1_263' title='bbox 985 3382 1178 3438; x_wconf 84' lang='lat' dir='ltr'><strong>armatorum</strong></span> 
     </span>
     <span class='ocr_line' id='line_1_35' title="bbox 83 3457 1177 3544; baseline -0.001 -23"><span class='ocrx_word' id='word_1_264' title='bbox 83 3479 185 3540; x_wconf 89' lang='lat' dir='ltr'><strong>quum</strong></span> <span class='ocrx_word' id='word_1_265' title='bbox 200 3458 352 3522; x_wconf 80' lang='lat' dir='ltr'><strong>intrasset</strong></span> <span class='ocrx_word' id='word_1_266' title='bbox 361 3457 490 3538; x_wconf 88' lang='lat' dir='ltr'><strong>urbem;</strong></span> <span class='ocrx_word' id='word_1_267' title='bbox 504 3466 608 3522; x_wconf 86' lang='lat' dir='ltr'><strong>extem</strong></span> <span class='ocrx_word' id='word_1_268' title='bbox 631 3457 673 3536; x_wconf 93' lang='lat' dir='ltr'><strong>lo,</strong></span> <span class='ocrx_word' id='word_1_269' title='bbox 686 3457 728 3522; x_wconf 93' lang='lat' dir='ltr'><strong>ob</strong></span> <span class='ocrx_word' id='word_1_270' title='bbox 751 3457 923 3544; x_wconf 88' lang='lat' dir='ltr'><strong>ugnatione</strong></span> <span class='ocrx_word' id='word_1_271' title='bbox 932 3457 1059 3536; x_wconf 88' lang='lat' dir='ltr'><strong>omissa,</strong></span> <span class='ocrx_word' id='word_1_272' title='bbox 1069 3457 1177 3521; x_wconf 75' lang='lat' dir='ltr'><strong>elensis</strong></span> 
     </span>
     <span class='ocr_line' id='line_1_36' title="bbox 83 3541 1176 3628; baseline -0.002 -22"><span class='ocrx_word' id='word_1_273' title='bbox 83 3542 122 3605; x_wconf 87' lang='lat' dir='ltr'><strong>ad</strong></span> <span class='ocrx_word' id='word_1_274' title='bbox 151 3542 294 3606; x_wconf 70' lang='lat' dir='ltr'><strong>insumi</strong></span> <span class='ocrx_word' id='word_1_275' title='bbox 324 3563 357 3606; x_wconf 90' lang='lat' dir='ltr'><strong>se</strong></span> <span class='ocrx_word' id='word_1_276' title='bbox 385 3541 513 3628; x_wconf 83' lang='lat' dir='ltr'><strong>recepit,</strong></span> <span class='ocrx_word' id='word_1_277' title='bbox 567 3543 574 3556; x_wconf 93' lang='lat'>&#39;</span> <span class='ocrx_word' id='word_1_278' title='bbox 601 3542 608 3556; x_wconf 89' lang='lat'>&#39;</span> <span class='ocrx_word' id='word_1_279' title='bbox 647 3542 712 3606; x_wconf 89' lang='lat' dir='ltr'><strong>aliu</strong></span> <span class='ocrx_word' id='word_1_280' title='bbox 756 3563 852 3627; x_wconf 88' lang='lat' dir='ltr'><strong>quam</strong></span> <span class='ocrx_word' id='word_1_281' title='bbox 877 3541 1070 3627; x_wconf 86' lang='lat' dir='ltr'><strong>depopulato</strong></span> <span class='ocrx_word' id='word_1_282' title='bbox 1093 3541 1176 3606; x_wconf 74' lang='lat' dir='ltr'><strong>rhea</strong></span> 
     </span>
     <span class='ocr_line' id='line_1_37' title="bbox 84 3625 456 3712; baseline -0.008 -20"><span class='ocrx_word' id='word_1_283' title='bbox 84 3625 198 3692; x_wconf 86' lang='lat' dir='ltr'><strong>urbem</strong></span> <span class='ocrx_word' id='word_1_284' title='bbox 213 3625 356 3690; x_wconf 89' lang='lat' dir='ltr'><strong>hostium</strong></span> <span class='ocrx_word' id='word_1_285' title='bbox 371 3647 456 3712; x_wconf 86' lang='lat' dir='ltr'><strong>agro.</strong></span> 
     </span>
    </p>
   </div>
   <div class='ocr_carea' id='block_1_3' title="bbox 239 3757 1020 3823">
    <p class='ocr_par' dir='ltr' id='par_1_7' title="bbox 239 3757 1020 3823">
     <span class='ocr_line' id='line_1_38' title="bbox 239 3757 1020 3823; baseline -0.004 -13"><span class='ocrx_word' id='word_1_286' title='bbox 239 3757 399 3812; x_wconf 70' lang='lat' dir='ltr'><strong>‘miram</strong></span> <span class='ocrx_word' id='word_1_287' title='bbox 410 3765 483 3812; x_wconf 86' lang='lat' dir='ltr'><strong>Gron.</strong></span> <span class='ocrx_word' id='word_1_288' title='bbox 497 3765 564 3813; x_wconf 77' lang='lat' dir='ltr'><strong>Cres.</strong></span> <span class='ocrx_word' id='word_1_289' title='bbox 789 3767 932 3823; x_wconf 59' lang='lat' dir='ltr'><strong>‘expectare</strong></span> <span class='ocrx_word' id='word_1_290' title='bbox 944 3761 1020 3810; x_wconf 67' lang='lat' dir='ltr'><strong>aeae</strong></span> 
     </span>
    </p>
   </div>
   <div class='ocr_carea' id='block_1_4' title="bbox 78 3897 1338 4660">
    <p class='ocr_par' dir='ltr' id='par_1_8' title="bbox 84 3897 1338 4092">
     <span class='ocr_line' id='line_1_39' title="bbox 114 3897 1337 3962; baseline 0 -16"><span class='ocrx_word' id='word_1_291' title='bbox 114 3899 146 3946; x_wconf 60' lang='grc' dir='ltr'>Β</span> <span class='ocrx_word' id='word_1_292' title='bbox 164 3900 249 3950; x_wconf 70' lang='grc' dir='ltr'><em>Μ</em></span> <span class='ocrx_word' id='word_1_293' title='bbox 266 3897 352 3961; x_wconf 67' lang='lat' dir='ltr'><strong>run]</strong></span> <span class='ocrx_word' id='word_1_294' title='bbox 375 3900 433 3948; x_wconf 72' lang='lat' dir='ltr'><strong>liae</strong></span> <span class='ocrx_word' id='word_1_295' title='bbox 450 3900 500 3960; x_wconf 86' lang='lat' dir='ltr'><strong>lpaa</strong></span> <span class='ocrx_word' id='word_1_296' title='bbox 519 3908 555 3948; x_wconf 84' lang='lat' dir='ltr'><strong>eat</strong></span> <span class='ocrx_word' id='word_1_297' title='bbox 574 3899 624 3947; x_wconf 84' lang='lat' dir='ltr'><strong>rod.</strong></span> <span class='ocrx_word' id='word_1_298' title='bbox 643 3899 697 3946; x_wconf 84' lang='lat' dir='ltr'><strong>Vie-</strong></span> <span class='ocrx_word' id='word_1_299' title='bbox 731 3899 839 3960; x_wconf 79' lang='lat' dir='ltr'><strong>Dujatiua</strong></span> <span class='ocrx_word' id='word_1_300' title='bbox 850 3899 980 3960; x_wconf 69' lang='lat' dir='ltr'><strong>Dorylaum,</strong></span> <span class='ocrx_word' id='word_1_301' title='bbox 998 3901 1080 3947; x_wconf 87' lang='lat' dir='ltr'><strong>urbem</strong></span> <span class='ocrx_word' id='word_1_302' title='bbox 1099 3899 1214 3961; x_wconf 70' lang='lat' dir='ltr'><strong>Phrygia.</strong></span> <span class='ocrx_word' id='word_1_303' title='bbox 1247 3902 1337 3962; x_wconf 81' lang='lat' dir='ltr'><strong>Aphro-</strong></span> 
     </span>
     <span class='ocr_line' id='line_1_40' title="bbox 84 3963 1338 4026; baseline -0.001 -15"><span class='ocrx_word' id='word_1_304' title='bbox 84 3965 160 4020; x_wconf 78' lang='lat' dir='ltr'><strong>tarinl.</strong></span> <span class='ocrx_word' id='word_1_305' title='bbox 179 3973 206 4011; x_wconf 81' lang='lat' dir='ltr'><strong>ea</strong></span> <span class='ocrx_word' id='word_1_306' title='bbox 226 3965 329 4011; x_wconf 69' lang='lat' dir='ltr'><strong>Andron</strong></span> <span class='ocrx_word' id='word_1_307' title='bbox 348 3964 431 4012; x_wconf 80' lang='lat' dir='ltr'><strong>lertio:</strong></span> <span class='ocrx_word' id='word_1_308' title='bbox 456 3975 483 4012; x_wconf 83' lang='lat' dir='ltr'><strong>ut</strong></span> <span class='ocrx_word' id='word_1_309' title='bbox 500 3971 635 4026; x_wconf 76' lang='lat' dir='ltr'><strong>reposuerat</strong></span> <span class='ocrx_word' id='word_1_310' title='bbox 648 3966 698 4023; x_wconf 85' lang='lat' dir='ltr'><strong>jam</strong></span> <span class='ocrx_word' id='word_1_311' title='bbox 729 3963 916 4010; x_wconf 62' lang='lat' dir='ltr'><strong>miscaria</strong></span> <span class='ocrx_word' id='word_1_312' title='bbox 932 3971 988 4010; x_wconf 82' lang='lat' dir='ltr'><strong>nota</strong></span> <span class='ocrx_word' id='word_1_313' title='bbox 1006 3971 1049 4020; x_wconf 81' lang='lat' dir='ltr'><strong>eat,</strong></span> <span class='ocrx_word' id='word_1_314' title='bbox 1060 3964 1102 4011; x_wconf 89' lang='lat' dir='ltr'><strong>aed</strong></span> <span class='ocrx_word' id='word_1_315' title='bbox 1120 3965 1178 4012; x_wconf 87' lang='lat' dir='ltr'><strong>nihil</strong></span> <span class='ocrx_word' id='word_1_316' title='bbox 1191 3964 1236 4011; x_wconf 87' lang='lat' dir='ltr'><strong>huo</strong></span> <span class='ocrx_word' id='word_1_317' title='bbox 1246 3965 1338 4012; x_wconf 85' lang='lat' dir='ltr'><strong>attloet.</strong></span> 
     </span>
     <span class='ocr_line' id='line_1_41' title="bbox 84 4025 1338 4092; baseline -0.002 -18"><span class='ocrx_word' id='word_1_318' title='bbox 84 4027 202 4087; x_wconf 51' lang='lat' dir='ltr'><strong>summ,</strong></span> <span class='ocrx_word' id='word_1_319' title='bbox 213 4041 288 4088; x_wconf 82' lang='lat' dir='ltr'><strong>qnam</strong></span> <span class='ocrx_word' id='word_1_320' title='bbox 299 4028 382 4074; x_wconf 76' lang='lat' dir='ltr'><strong>villose</strong></span> <span class='ocrx_word' id='word_1_321' title='bbox 392 4029 509 4088; x_wconf 75' lang='lat' dir='ltr'><strong>legaretur</strong></span> <span class='ocrx_word' id='word_1_322' title='bbox 520 4029 593 4092; x_wconf 78' lang='lat' dir='ltr'><strong>quoad</strong></span> <span class='ocrx_word' id='word_1_323' title='bbox 603 4034 680 4074; x_wconf 71' lang='lat' dir='ltr'><strong>totam.</strong></span> <span class='ocrx_word' id='word_1_324' title='bbox 730 4025 774 4072; x_wconf 86' lang='lat' dir='ltr'><strong>Pro</strong></span> <span class='ocrx_word' id='word_1_325' title='bbox 787 4027 858 4073; x_wconf 79' lang='lat' dir='ltr'><strong>Graaa</strong></span> <span class='ocrx_word' id='word_1_326' title='bbox 870 4025 975 4074; x_wconf 77' lang='lat' dir='ltr'><strong>Andreas</strong></span> <span class='ocrx_word' id='word_1_327' title='bbox 993 4027 1064 4074; x_wconf 87' lang='lat' dir='ltr'><strong>hahet</strong></span> <span class='ocrx_word' id='word_1_328' title='bbox 1076 4030 1190 4076; x_wconf 78' lang='lat' dir='ltr'><strong>Pn&#39;enna:</strong></span> <span class='ocrx_word' id='word_1_329' title='bbox 1207 4027 1338 4074; x_wconf 77' lang='lat' dir='ltr'><strong>Glareanus</strong></span> 
     </span>
    </p>

    <p class='ocr_par' dir='ltr' id='par_1_9' title="bbox 78 4089 1338 4660">
     <span class='ocr_line' id='line_1_42' title="bbox 113 4089 1337 4153; baseline -0.005 -13"><span class='ocrx_word' id='word_1_330' title='bbox 113 4093 145 4140; x_wconf 68' lang='grc'><strong>64</strong></span> <span class='ocrx_word' id='word_1_331' title='bbox 162 4089 281 4152; x_wconf 73' lang='lat' dir='ltr'><strong>Pernen]</strong></span> <span class='ocrx_word' id='word_1_332' title='bbox 299 4092 406 4140; x_wconf 77' lang='lat' dir='ltr'><strong>Andreas</strong></span> <span class='ocrx_word' id='word_1_333' title='bbox 417 4091 487 4138; x_wconf 82' lang='lat' dir='ltr'><strong>hahet</strong></span> <span class='ocrx_word' id='word_1_334' title='bbox 499 4093 623 4139; x_wconf 77' lang='lat' dir='ltr'><strong>thaaa:</strong></span> <span class='ocrx_word' id='word_1_335' title='bbox 641 4090 695 4136; x_wconf 79' lang='lat' dir='ltr'><strong>vie·</strong></span> <span class='ocrx_word' id='word_1_336' title='bbox 728 4089 859 4150; x_wconf 72' lang='lat' dir='ltr'><strong>reperiabm</strong></span> <span class='ocrx_word' id='word_1_337' title='bbox 881 4090 906 4137; x_wconf 87' lang='lat' dir='ltr'><strong>in</strong></span> <span class='ocrx_word' id='word_1_338' title='bbox 931 4091 979 4137; x_wconf 81' lang='lat' dir='ltr'><strong>auia</strong></span> <span class='ocrx_word' id='word_1_339' title='bbox 1001 4093 1091 4147; x_wconf 76' lang='lat' dir='ltr'><strong>Paleas,</strong></span> <span class='ocrx_word' id='word_1_340' title='bbox 1111 4107 1154 4153; x_wconf 86' lang='lat' dir='ltr'><strong>pro</strong></span> <span class='ocrx_word' id='word_1_341' title='bbox 1175 4105 1222 4151; x_wconf 87' lang='lat' dir='ltr'><strong>quo</strong></span> <span class='ocrx_word' id='word_1_342' title='bbox 1243 4091 1337 4138; x_wconf 78' lang='lat' dir='ltr'><strong>nomine</strong></span> 
     </span>
     <span class='ocr_line' id='line_1_43' title="bbox 82 4152 1338 4216; baseline -0.002 -16"><span class='ocrx_word' id='word_1_343' title='bbox 82 4163 125 4200; x_wconf 85' lang='lat' dir='ltr'><strong>aar.</strong></span> <span class='ocrx_word' id='word_1_344' title='bbox 137 4157 199 4203; x_wconf 78' lang='lat' dir='ltr'><strong>liber</strong></span> <span class='ocrx_word' id='word_1_345' title='bbox 207 4163 232 4203; x_wconf 82' lang='lat' dir='ltr'><strong>et</strong></span> <span class='ocrx_word' id='word_1_346' title='bbox 240 4152 362 4215; x_wconf 70' lang='lat' dir='ltr'><strong>serrem:</strong></span> <span class='ocrx_word' id='word_1_347' title='bbox 379 4155 404 4202; x_wconf 88' lang='lat' dir='ltr'><strong>in</strong></span> <span class='ocrx_word' id='word_1_348' title='bbox 418 4155 511 4202; x_wconf 79' lang='lat' dir='ltr'><strong>Thoan.</strong></span> <span class='ocrx_word' id='word_1_349' title='bbox 523 4156 602 4202; x_wconf 87' lang='lat' dir='ltr'><strong>oodice</strong></span> <span class='ocrx_word' id='word_1_350' title='bbox 614 4153 697 4213; x_wconf 77' lang='lat' dir='ltr'><strong>legisse</strong></span> <span class='ocrx_word' id='word_1_351' title='bbox 729 4153 858 4213; x_wconf 79' lang='lat' dir='ltr'><strong>auspicatur</strong></span> <span class='ocrx_word' id='word_1_352' title='bbox 877 4155 959 4214; x_wconf 87' lang='lat' dir='ltr'><strong>reponi</strong></span> <span class='ocrx_word' id='word_1_353' title='bbox 974 4169 1042 4215; x_wconf 79' lang='lat' dir='ltr'><strong>posse</strong></span> <span class='ocrx_word' id='word_1_354' title='bbox 1053 4157 1144 4211; x_wconf 72' lang='lat' dir='ltr'><strong>Pitana,</strong></span> <span class='ocrx_word' id='word_1_355' title='bbox 1159 4169 1212 4216; x_wconf 73' lang='lat' dir='ltr'><strong>qua</strong></span> <span class='ocrx_word' id='word_1_356' title='bbox 1229 4156 1284 4201; x_wconf 78' lang='lat' dir='ltr'><strong>urhe</strong></span> <span class='ocrx_word' id='word_1_357' title='bbox 1302 4161 1338 4199; x_wconf 84' lang='lat' dir='ltr'><strong>eat</strong></span> 
     </span>
     <span class='ocr_line' id='line_1_44' title="bbox 81 4217 820 4279; baseline -0.008 -13"><span class='ocrx_word' id='word_1_358' title='bbox 81 4231 108 4266; x_wconf 81' lang='lat' dir='ltr'><strong>aa</strong></span> <span class='ocrx_word' id='word_1_359' title='bbox 118 4219 170 4266; x_wconf 77' lang='lat' dir='ltr'><strong>lae.</strong></span> <span class='ocrx_word' id='word_1_360' title='bbox 184 4219 318 4267; x_wconf 76' lang='lat' dir='ltr'><strong>amorim</strong></span> <span class='ocrx_word' id='word_1_361' title='bbox 328 4219 429 4266; x_wconf 76' lang='lat' dir='ltr'><strong>affirmat</strong></span> <span class='ocrx_word' id='word_1_362' title='bbox 439 4225 569 4279; x_wconf 69' lang='lat' dir='ltr'><strong>repereras.</strong></span> <span class='ocrx_word' id='word_1_363' title='bbox 587 4218 645 4264; x_wconf 86' lang='lat' dir='ltr'><strong>Inda</strong></span> <span class='ocrx_word' id='word_1_364' title='bbox 657 4217 696 4263; x_wconf 82' lang='lat' dir='ltr'><strong>ille</strong></span> <span class='ocrx_word' id='word_1_365' title='bbox 729 4217 820 4278; x_wconf 73' lang='lat' dir='ltr'><strong>ldyaioe.</strong></span> 
     </span>
     <span class='ocr_line' id='line_1_45' title="bbox 80 4279 1337 4344; baseline -0.004 -15"><span class='ocrx_word' id='word_1_366' title='bbox 80 4283 153 4330; x_wconf 74' lang='grc' dir='ltr'><strong>εΙιιῚ</strong></span> <span class='ocrx_word' id='word_1_367' title='bbox 164 4285 311 4344; x_wconf 71' lang='grc' dir='ltr'><strong>Βιριινίιι,</strong></span> <span class='ocrx_word' id='word_1_368' title='bbox 329 4283 412 4330; x_wconf 76' lang='lat' dir='ltr'><strong>urbem</strong></span> <span class='ocrx_word' id='word_1_369' title='bbox 433 4283 524 4342; x_wconf 74' lang='lat' dir='ltr'><strong>Mysia,</strong></span> <span class='ocrx_word' id='word_1_370' title='bbox 544 4289 696 4328; x_wconf 86' lang='lat' dir='ltr'><strong>memoratam</strong></span> <span class='ocrx_word' id='word_1_371' title='bbox 760 4279 792 4327; x_wconf 77' lang='lat' dir='ltr'><strong>dh</strong></span> <span class='ocrx_word' id='word_1_372' title='bbox 809 4281 862 4329; x_wconf 78' lang='lat' dir='ltr'><strong>Sina</strong></span> <span class='ocrx_word' id='word_1_373' title='bbox 880 4283 991 4342; x_wconf 67' lang='lat' dir='ltr'><strong>aperilem</strong></span> <span class='ocrx_word' id='word_1_374' title='bbox 1011 4283 1082 4330; x_wconf 70' lang='lat' dir='ltr'><strong>arno</strong></span> <span class='ocrx_word' id='word_1_375' title='bbox 1100 4281 1210 4340; x_wconf 73' lang='lat' dir='ltr'><strong>mleque</strong></span> <span class='ocrx_word' id='word_1_376' title='bbox 1223 4281 1276 4340; x_wconf 82' lang='lat' dir='ltr'><strong>eapa&#39;</strong></span> <span class='ocrx_word' id='word_1_377' title='bbox 1293 4293 1337 4325; x_wconf 83' lang='lat' dir='ltr'><strong>aon</strong></span> 
     </span>
     <span class='ocr_line' id='line_1_46' title="bbox 80 4341 1336 4406; baseline -0.005 -12"><span class='ocrx_word' id='word_1_378' title='bbox 80 4347 209 4406; x_wconf 61' lang='lat' dir='ltr'><strong>&amp;phane</strong></span> <span class='ocrx_word' id='word_1_379' title='bbox 226 4349 310 4396; x_wconf 71' lang='lat' dir='ltr'><strong>Pam</strong></span> <span class='ocrx_word' id='word_1_380' title='bbox 321 4347 386 4406; x_wconf 80' lang='lat' dir='ltr'><strong>regia</strong></span> <span class='ocrx_word' id='word_1_381' title='bbox 397 4353 441 4402; x_wconf 85' lang='lat' dir='ltr'><strong>eet,</strong></span> <span class='ocrx_word' id='word_1_382' title='bbox 450 4361 496 4392; x_wconf 90' lang='lat' dir='ltr'><strong>non</strong></span> <span class='ocrx_word' id='word_1_383' title='bbox 508 4343 630 4405; x_wconf 84' lang='lat' dir='ltr'><strong>oppidum.</strong></span> <span class='ocrx_word' id='word_1_384' title='bbox 649 4344 696 4390; x_wconf 80' lang='lat' dir='ltr'><strong>Sed</strong></span> <span class='ocrx_word' id='word_1_385' title='bbox 724 4341 801 4406; x_wconf 79' lang='lat' dir='ltr'><strong>pam]</strong></span> <span class='ocrx_word' id='word_1_386' title='bbox 821 4343 875 4392; x_wconf 84' lang='lat' dir='ltr'><strong>Non</strong></span> <span class='ocrx_word' id='word_1_387' title='bbox 886 4360 953 4405; x_wconf 78' lang='lat' dir='ltr'><strong>posse</strong></span> <span class='ocrx_word' id='word_1_388' title='bbox 964 4345 986 4392; x_wconf 83' lang='lat' dir='ltr'><strong>ai</strong></span> <span class='ocrx_word' id='word_1_389' title='bbox 998 4347 1183 4396; x_wconf 84' lang='lat' dir='ltr'><strong>aolaarmorum,</strong></span> <span class='ocrx_word' id='word_1_390' title='bbox 1199 4349 1223 4389; x_wconf 85' lang='lat' dir='ltr'><strong>et</strong></span> <span class='ocrx_word' id='word_1_391' title='bbox 1234 4357 1275 4403; x_wconf 87' lang='lat' dir='ltr'><strong>per</strong></span> <span class='ocrx_word' id='word_1_392' title='bbox 1286 4357 1336 4389; x_wconf 88' lang='lat' dir='ltr'><strong>aea·</strong></span> 
     </span>
     <span class='ocr_line' id='line_1_47' title="bbox 78 4405 1336 4471; baseline -0.004 -13"><span class='ocrx_word' id='word_1_393' title='bbox 78 4420 105 4458; x_wconf 82' lang='lat' dir='ltr'><strong>et</strong></span> <span class='ocrx_word' id='word_1_394' title='bbox 116 4412 248 4471; x_wconf 67' lang='lat' dir='ltr'><strong>taliaque</strong></span> <span class='ocrx_word' id='word_1_395' title='bbox 260 4417 394 4470; x_wconf 80' lang='lat' dir='ltr'><strong>aequantur</strong></span> <span class='ocrx_word' id='word_1_396' title='bbox 410 4409 542 4456; x_wconf 85' lang='lat' dir='ltr'><strong>nominibua</strong></span> <span class='ocrx_word' id='word_1_397' title='bbox 559 4421 645 4467; x_wconf 76' lang='lat' dir='ltr'><strong>magne</strong></span> <span class='ocrx_word' id='word_1_398' title='bbox 661 4414 697 4454; x_wconf 88' lang='lat' dir='ltr'><strong>eat</strong></span> <span class='ocrx_word' id='word_1_399' title='bbox 728 4409 762 4455; x_wconf 80' lang='lat' dir='ltr'><strong>lae</strong></span> <span class='ocrx_word' id='word_1_400' title='bbox 773 4408 861 4469; x_wconf 84' lang='lat' dir='ltr'><strong>impetu</strong></span> <span class='ocrx_word' id='word_1_401' title='bbox 873 4409 932 4469; x_wconf 84' lang='lat' dir='ltr'><strong>capi,</strong></span> <span class='ocrx_word' id='word_1_402' title='bbox 942 4410 983 4458; x_wconf 85' lang='lat' dir='ltr'><strong>sed</strong></span> <span class='ocrx_word' id='word_1_403' title='bbox 995 4409 1149 4456; x_wconf 85' lang='lat' dir='ltr'><strong>neoeaaarium</strong></span> <span class='ocrx_word' id='word_1_404' title='bbox 1161 4405 1210 4452; x_wconf 83' lang='lat' dir='ltr'><strong>sore</strong></span> <span class='ocrx_word' id='word_1_405' title='bbox 1221 4415 1247 4454; x_wconf 87' lang='lat' dir='ltr'><strong>ut</strong></span> <span class='ocrx_word' id='word_1_406' title='bbox 1259 4407 1336 4468; x_wconf 84' lang='lat' dir='ltr'><strong>operi·</strong></span> 
     </span>
     <span class='ocr_line' id='line_1_48' title="bbox 78 4472 965 4535; baseline -0.002 -15"><span class='ocrx_word' id='word_1_407' title='bbox 78 4475 215 4522; x_wconf 70' lang='lat' dir='ltr'><strong>difiealua</strong></span> <span class='ocrx_word' id='word_1_408' title='bbox 234 4477 316 4522; x_wconf 75' lang='lat' dir='ltr'><strong>Cottae</strong></span> <span class='ocrx_word' id='word_1_409' title='bbox 326 4481 351 4520; x_wconf 85' lang='lat' dir='ltr'><strong>et</strong></span> <span class='ocrx_word' id='word_1_410' title='bbox 363 4474 487 4535; x_wconf 66' lang='lat' dir='ltr'><strong>Corplaaaa</strong></span> <span class='ocrx_word' id='word_1_411' title='bbox 497 4472 593 4518; x_wconf 86' lang='lat' dir='ltr'><strong>nomina</strong></span> <span class='ocrx_word' id='word_1_412' title='bbox 603 4483 697 4532; x_wconf 70' lang='lat' dir='ltr'><strong>proram</strong></span> <span class='ocrx_word' id='word_1_413' title='bbox 728 4473 772 4518; x_wconf 78' lang='lat' dir='ltr'><strong>hue</strong></span> <span class='ocrx_word' id='word_1_414' title='bbox 783 4481 965 4532; x_wconf 70' lang='lat' dir='ltr'><strong>oppugnaretur.</strong></span> 
     </span>
     <span class='ocr_line' id='line_1_49' title="bbox 78 4531 1167 4660; baseline -0.012 -73"><span class='ocrx_word' id='word_1_415' title='bbox 78 4541 162 4597; x_wconf 73' lang='lat' dir='ltr'><strong>lgm</strong></span> <span class='ocrx_word' id='word_1_416' title='bbox 172 4547 237 4586; x_wconf 80' lang='lat' dir='ltr'><strong>arnt.</strong></span> <span class='ocrx_word' id='word_1_417' title='bbox 263 4539 309 4585; x_wconf 73' lang='lat' dir='ltr'><strong>ero</strong></span> <span class='ocrx_word' id='word_1_418' title='bbox 322 4537 445 4599; x_wconf 63' lang='lat' dir='ltr'><strong>corylum</strong></span> <span class='ocrx_word' id='word_1_419' title='bbox 455 4551 503 4583; x_wconf 83' lang='lat' dir='ltr'><strong>uon</strong></span> <span class='ocrx_word' id='word_1_420' title='bbox 514 4535 594 4594; x_wconf 84' lang='lat' dir='ltr'><strong>inepte</strong></span> <span class='ocrx_word' id='word_1_421' title='bbox 605 4531 698 4594; x_wconf 80' lang='lat' dir='ltr'><strong>reponit</strong></span> <span class='ocrx_word' id='word_1_422' title='bbox 1147 4599 1167 4660; x_wconf 70' lang='lat'>2</span> 
     </span>
    </p>
   </div>
   <div class='ocr_carea' id='block_1_5' title="bbox 0 0 1552 4954">
    <p class='ocr_par' dir='ltr' id='par_1_10' title="bbox 0 0 1552 4954">
     <span class='ocr_line' id='line_1_50' title="bbox 0 0 1552 4954; baseline 0 7"><span class='ocrx_word' id='word_1_423' title='bbox 0 0 1552 4954; x_wconf 95' lang='lat' dir='ltr'><strong> </strong></span> 
     </span>
    </p>
   </div>
  </div>
 </body>
</html>
