3094 4954
433 355 520 419 LIB.
546 355 727 422 XXXVII.
757 355 853 423 CAP.
876 357 1008 424 XXXI.
1324 369 1389 432 10⁷

121 503 241 567 tenori
255 503 351 582 lbere,
365 523 439 586 quae
453 503 543 587 ignee
567 525 635 588 prae
649 524 683 568 se
790 505 887 568 hante
910 514 942 569 et
956 506 1044 590 quod
1064 527 1167 572 unum
1184 509 1224 574 iis
1237 527 1266 576 υ.
1276 531 1302 577 c.
1315 531 1370 578 scs.

122 589 168 651 ad
193 589 386 652 Panormum
409 588 632 652 circumventis
658 611 673 652 s
706 590 753 652 uti
773 590 886 669 fuerat,
906 589 941 654 id
955 598 1026 654 tum
1048 593 1222 658 maximum
1236 593 1302 641 Μ·
1317 593 1369 644 ¹⁹⁰·

121 683 325 736 momentum
340 672 382 735 ad
395 672 560 736 victoriam
573 672 645 737 hait.
679 695 755 737 nam
773 682 862 737 metu
879 675 963 758 ignis
982 675 1104 739 adversi
1127 677 1222 762 lagae

121 779 234 836 naves,
254 757 324 820 ”nc
352 777 448 842 prora
476 765 709 836 concurrerent,
739 779 840 842 quum
867 759 1088 842 declinassent,
1116 782 1221 846 neque

121 841 205 928 ipsae
232 841 324 904 ferire
350 849 453 904 rostro
481 841 607 905 hostem
629 850 786 926 poterant,
806 851 840 906 at
863 843 1007 928 obliquae
1025 865 1059 908 se
1077 847 1156 930 ipsae
1179 846 1220 910 ad

122 926 208 989 ictus
232 925 430 1010 praebebant.
463 933 505 1004 et,
528 926 555 988 si
579 947 644 1009 qua
662 935 873 1005 concurrerat,
896 928 1091 992 obruebatur
1113 929 1219 996 inluso

122 1010 208 1092 igui3
229 1010 395 1094 mgisque
408 1010 450 1073 ad
462 1009 654 1089 incendium,
669 1033 765 1094 quam
778 1011 819 1074 ad
832 1011 990 1097 praelium,
1006 1013 1217 1162 trepidabant.

124 1095 304 1158 Plurimum
324 1103 444 1174 umen,
467 1115 539 1178 quae
559 1094 649 1173 solet,
672 1095 810 1159 militum
831 1097 932 1160 virtus
953 1098 987 1162 in
1008 1098 1048 1162 be
1072 1100 1216 1165 ovalrrit.

121 1179 261 1242 medum
274 1199 413 1263 namque
427 1179 526 1242 aciem
539 1179 680 1242 hostium
693 1181 830 1244 Romani
847 1201 948 1264 quum
963 1183 1135 1268 mpissent,
1156 1185 1217 1248 cir-

120 1263 280 1328 cumvecti
302 1263 343 1327 ab
362 1271 452 1348 tergo
468 1263 687 1348 pugnantibus
706 1265 857 1329 adversus
878 1266 1019 1330 Rhodios
1038 1268 1132 1352 regiis
1147 1291 1215 1334 sese

120 1348 285 1433 objecere:
306 1357 531 1432 momentoque
544 1349 695 1434 temporis
717 1356 750 1412 et
768 1349 874 1412 media
895 1350 977 1414 acies
1000 1352 1161 1431 Antiochi,
1182 1363 1215 1418 et

119 1431 202 1496 laevo
216 1433 252 1496 in
265 1455 365 1497 comu
379 1433 601 1497 circumventae
615 1454 711 1497 naves
725 1434 959 1518 mergebantur.
989 1437 1128 1500 Dextera
1141 1459 1214 1522 pars
1228 1463 1330 1512 vincunt

119 1517 255 1602 integra,
270 1518 427 1581 sociorum
440 1517 541 1615 magis
554 1517 653 1596 clade,
668 1539 764 1602 quam
778 1540 838 1582 suo
855 1519 1007 1603 periculo,
1028 1521 1214 1588 terrebatur.
1227 1529 1334 1578 Romani·

120 1611 274 1680 ceterum,
287 1611 458 1687 postquam
472 1601 547 1665 alias
562 1602 802 1681 circumventas,
823 1605 1004 1702 praetoriam
1023 1627 1135 1670 navem
1154 1608 1214 1672 Po-

120 1685 132 1747 l
176 1687 290 1766 auidae,
312 1687 430 1750 relictis
450 1687 553 1764 sociis,
567 1687 637 1750 vela
658 1688 787 1752 dantem
806 1689 922 1768 vadere,
944 1689 1077 1754 sublatis
1096 1693 1213 1776 raptim

121 1709 292 1836 ditionibus
324 1773 367 1852 (et
394 1780 462 1834 erat
490 1771 649 1835 secundus
675 1773 858 1857 petentibus
890 1773 1057 1858 Ephesum
1083 1779 1210 1861 ventus)

119 1865 293 1940 capessunt
315 1857 435 1940 sugam,
459 1856 668 1940 quadraginta
692 1857 816 1922 duabus
840 1859 973 1923 navibus
992 1859 1026 1922 in
1047 1881 1084 1924 ea
1103 1883 1213 1946 pugna

120 1941 264 2018 amissis;
287 1963 422 2025 quarum
444 1941 552 2004 decem
571 1950 604 2004 et
625 1949 689 2004 tres
704 1951 805 2027 captae
818 1943 852 2006 in
866 1951 1056 2030 potestatem
1071 1946 1211 2010 hostium

119 2035 287 2104 venerunt,
311 2034 424 2089 ceterae
447 2025 584 2089 incensae
609 2035 665 2090 aut
685 2027 846 2092 demersae.
890 2029 1106 2092 Romanorum
1136 2031 1210 2095 duae

120 2131 218 2174 naves
231 2111 338 2174 fractae
353 2118 439 2188 sunt,
454 2110 626 2174 vulneratae
640 2111 770 2195 aliquot.
813 2113 938 2176 Rhodia
951 2134 1016 2176 una
1029 2122 1123 2199 capta
1144 2137 1211 2178 me-

120 2195 266 2258 morabili
275 2215 360 2258 casu.
379 2215 464 2274 nam,
474 2216 574 2278 quum
584 2204 687 2260 rostm
695 2196 903 2280 percussisset
915 2197 1077 2262 Sidoniam
1088 2219 1211 2277 navem,

119 2279 330 2356 ancorn,.ictu
343 2280 412 2364 ipso
424 2301 556 2343 excussa
569 2301 587 2343 e
601 2301 680 2344 nave
696 2301 763 2358 sua,
778 2301 863 2344 unco
877 2281 983 2358 deute,
1003 2281 1091 2344 velut
1113 2303 1211 2346 manu

119 2363 224 2426 ferrea
238 2363 363 2448 injecta,
378 2363 523 2449 adligavit
537 2364 666 2428 alterius
678 2385 824 2449 prorama
846 2363 920 2426 inde
931 2365 1073 2427 tumultu
1085 2364 1211 2448 injecto,

117 2447 263 2532 ”quum,
287 2447 429 2512 divellam
452 2470 485 2512 se
509 2449 549 2512 ab
572 2451 663 2512 hoste
689 2448 863 2534 cupientes,
885 2447 1064 2514 inhiberent
1084 2449 1211 2530 Rhodii,

118 2539 261 2596 tractum
276 2533 415 2597 ancorale
429 2541 462 2596 et
475 2531 655 2620 inplicitum
671 2533 777 2612 rearis,
798 2532 881 2597 latus
906 2533 1040 2598 alterum
1062 2534 1210 2598 detersit:

117 2617 338 2682 debilitatam¹
351 2618 411 2683 eai
435 2639 479 2696 ss,
493 2639 566 2702 quae
582 2618 645 2682 icta
655 2619 837 2697 cohaeserat,
852 2617 982 2682 naviml
996 2619 1091 2705 cepit.
1137 2621 1210 2684 Hoc

116 2703 257 2766 maxime
270 2703 364 2767 modo
434 2703 649 2787 Myonnesum
663 2703 767 2768 navali
780 2703 891 2788 proelio
904 2713 1084 2789 pugnatum
1098 2713 1156 2770 est.

159 2786 293 2851 XXXI.
315 2787 391 2853 Quo
417 2787 548 2851 territus
571 2788 762 2867 Antiochus,
783 2787 867 2872 quia,
892 2789 1090 2874 possessione
1112 2789 1208 2854 maris
1222 2785 1367 2910 ffiffi',

1220 2929 1258 2962 am
1269 2915 1362 2962 deserit.

139 2871 242 2950 ulam,
268 2872 444 2957 longinqua
471 2872 554 2936 tueri
581 2872 744 2937 diffidebat
770 2894 803 2936 se
831 2893 936 2956 posse,
957 2874 1142 2958 praesidium
1167 2875 1207 2940 ah

115 2894 330 3040 hyaimachia,
353 2977 395 3020 ne
418 2956 649 3042 obprimeretru
666 2957 711 3022 ibi
727 2956 767 3020 ah
787 2957 949 3035 Romanis,
971 2957 1085 3020 deduci
1099 2980 1207 3042 pravo,

114 3049 155 3104 ut
175 3062 227 3104 res
254 3041 325 3126 ipsa
352 3049 465 3127 postea
492 3041 611 3120 docuit,
634 3041 765 3106 consilio
784 3040 892 3126 jussit.
929 3062 995 3104 non
1019 3041 1104 3104 enim
1127 3043 1209 3106 tueri

115 3125 222 3190 solum
245 3127 274 3189 L
297 3125 479 3189 almachium
493 3125 629 3212 aprime
652 3127 686 3190 in
710 3135 764 3190 etu
784 3127 1000 3188 Romanorum
1016 3124 1106 3188 facile
1125 3133 1208 3190 erata

115 3211 173 3274 sed
188 3211 259 3274 obsi
283 3211 387 3274 'onem
401 3209 496 3274 etiam
510 3232 568 3296 per
578 3218 679 3275 totam
715 3211 826 3276 'amem
835 3209 977 3288 tolerare,
987 3217 1019 3274 et
1029 3209 1209 3274 obsidentes

115 3315 245 3378 quoque
260 3295 302 3358 sd
313 3295 459 3358 ultimam
473 3295 614 3380 inopiam
628 3296 784 3360 adducere
803 3295 996 3359 extrahendo
1017 3303 1155 3380 tempus,
1177 3303 1210 3360 et

116 3375 245 3444 interim
259 3401 348 3464 spem
361 3379 449 3465 pacis
462 3401 520 3464 per
534 3380 713 3444 occasiones
727 3387 858 3444 termae.
895 3380 964 3444 Nec
975 3379 1209 3464 Lysimachiam

116 3472 245 3528 tantum
258 3464 406 3528 hostibus
420 3465 550 3528 tradidit
563 3475 639 3550 post
651 3465 814 3529 adversam
828 3463 970 3528 navalem
984 3485 1137 3548 pugnam,
1153 3465 1209 3530 sed

115 3549 213 3612 etiam
237 3547 434 3646 Colophonis
458 3549 622 3614 obsidione
639 3549 800 3627 abscessit,
824 3556 857 3612 et
880 3547 994 3612 Sardes
1012 3548 1132 3632 recepit
1156 3569 1207 3612 se:

115 3642 213 3717 atque
226 3633 302 3696 inde
315 3655 349 3696 m
364 3633 598 3719 Cappadociam
617 3634 659 3698 ad
675 3634 874 3710 arimathea,
895 3632 951 3715 qui
973 3631 1089 3696 auxilia
1108 3653 1209 3696 arces-
1221 3625 1306 3736 ξθξῖῗ
1317 3640 1370 3672 ⁰⁰¹¹·

115 3726 282 3816 serent-et
296 3739 497 3818 quocumque
511 3719 572 3783 alio
586 3718 768 3817 poteratad
785 3717 892 3816 copias
914 3717 1154 3814 contrahepdas,
1175 3717 1209 3782 in
1231 3703 1257 3736 ¹⁸
1275 3703 1281 3736 ¹

114 3803 494 3972 uuehsela
508 3802 1209 3982 aetatumqueaetass

116 3971 246 4036 directis
270 3981 344 4035 ante
364 3981 495 4056 portum
521 3972 667 4052 navibus,
690 3993 790 4056 quum
812 3970 1040 4052 confeasronem
1069 3971 1209 4036 concessi

308 4121 356 4164 tet
366 4117 508 4164 &mussan
520 4117 593 4164 Grau.
606 4117 673 4163 (ἔην.
842 4109 933 4163 hecata
945 4115 1023 4164 aeta.

147 4243 177 4291 sl
197 4243 236 4290 Ne
251 4257 323 4302 prato
340 4239 510 4302 coemerent]
528 4241 588 4290 vict.
599 4243 681 4297 codex,
693 4241 730 4290 Na
762 4243 895 4303 portabant.

112 4323 191 4368 propr.
225 4307 283 4352 Vult
300 4319 386 4366 nempe
395 4306 505 4366 prmdd
519 4305 731 4366 est(nequeaulm
794 4307 826 4355 92
845 4307 919 4357 θαι
941 4335 1005 4353 ....
1024 4307 1150 4354 latidum!
1169 4300 1265 4364 Illodll]
1293 4303 1372 4354 Quum

114 4371 139 4416 ic
153 4373 196 4418 illo
213 4371 275 4416 libro
293 4369 495 4431 diphthongorum
514 4378 550 4417 est
567 4367 729 4432 Νηρῆα.
763 4369 851 4418 Ilhodll
862 4378 925 4417 retro
936 4379 1033 4430 agerem
1045 4382 1136 4422 navem,
1148 4375 1248 4414 tractum
1259 4369 1374 4426 mcorale,

115 4435 152 4480 Ne
167 4449 244 4494 prora
269 4449 327 4489 rue,
354 4441 379 4480 et
397 4433 494 4480 horulas
517 4433 612 4494 ignibus
637 4441 733 4480 amulas
764 4433 1067 4490 idestssuntuuiancon
1077 4431 1186 4488 alligatur
1203 4438 1375 4488 promtuaet

114 4505 292 4546 maest.-
316 4513 347 4544 ne
368 4512 444 4558 prora
465 4513 514 4544 aun
535 4497 682 4544 incurrerent
707 4499 731 4544 ln
764 4512 849 4556 magna
868 4504 934 4557 parte
954 4496 1062 4542 evolutus
1080 4501 1148 4540 extra
1167 4507 1250 4546 navem
1266 4495 1290 4544 in
1309 4511 1375 4546 snare

115 4577 197 4622 mom
216 4561 340 4608 hostilium
360 4561 464 4618 navium,
484 4577 536 4622 qua
555 4561 622 4620 ignes
640 4575 688 4622 pre
707 4576 731 4608 se
764 4562 1008 4610 uaiualaterisremor
1020 4557 1123 4606 detersit.
