3094 4954
409 289 497 390 nis.
519 325 721 392 xxxvru.
758 326 854 392 car.
876 327 955 392 vu.
1327 341 1387 404 141

131 497 299 554 recessere,
320 473 379 538 sed
403 473 436 538 in
458 473 616 560 reliquum
640 495 767 559 quoque
792 482 930 560 tempus,
950 475 1039 542 velut
1061 478 1180 562 proditi
1202 501 1224 546 a
1237 501 1265 549 u,
1278 501 1304 549 c.
1316 503 1370 552 aaa

132 561 211 639 suis,
227 560 387 644 segniores
402 559 442 623 ad
457 559 596 643 pericula
610 566 709 624 erant.
740 559 808 643 jam
823 581 916 624 nemo
933 561 1164 646 eruptionibus,
1185 575 1223 630 ut
1235 565 1264 613 A.
1277 565 1303 613 α
1318 567 1369 616 Μ

131 655 217 724 ante,
232 645 266 707 in
281 645 434 708 stationes
448 643 600 722 bostium,
615 644 681 722 sed,
696 643 841 729 dispositi
855 665 913 730 per
926 665 1034 710 muros
1056 655 1088 710 et
1107 655 1222 729 turres,

131 738 258 910 “llll
273 728 492 890 ildideillsliibi
505 812 614 876 adesse
627 811 753 876 AEtolos
768 811 898 891 audivit,
920 813 1036 878 omissa
1058 815 1220 882 obsidione

131 898 232 974 urbas,
245 919 341 981 quam
356 895 572 982 obpugnabat,
585 897 667 981 depo
691 897 796 960 ulatus
811 905 936 961 tantum
961 920 1062 983 agros,
1085 901 1220 986 Amphi-

131 981 291 1044 locbiam¹⁴
313 981 457 1058 excessit,
476 989 571 1065 atque
592 982 625 1044 in
685 981 867 1046 acedoniam
887 982 990 1046 rediit.
1033 984 1078 1047 Et
1092 985 1219 1050 AEtolos

131 1066 205 1130 inde
220 1065 363 1129 avocavit
376 1065 540 1150 populatio
554 1065 720 1129 maritime
734 1087 807 1130 orae.
852 1066 1017 1130 Pleuratus
1037 1068 1219 1152 lllyriorum

129 1171 195 1228 rex,
216 1171 292 1212 cum
315 1149 480 1234 sexaginta
500 1149 614 1214 lembis
638 1149 841 1214 Corinthium
862 1150 968 1214 sinum
987 1151 1141 1233 invectus,
1163 1155 1218 1218 ad·

125 1233 250 1381 limis
263 1235 466 1312 sessorum,
481 1255 553 1317 quae
568 1233 670 1298 Patris
684 1243 783 1312 erant,
797 1235 942 1314 navibus,
955 1237 1112 1300 maritima
1125 1239 1218 1304 AEto-

142 1319 149 1332 '
193 1318 348 1382 vastabm.
383 1318 533 1382 adversus
548 1340 630 1402 quos
644 1318 729 1382 mille
743 1319 845 1382 AEtoli
858 1319 957 1398 missi,
971 1341 1169 1406 quacumque
1185 1345 1218 1388 se

126 1403 238 1466 classis
253 1403 371 1466 circum
430 1411 479 1466 rat
492 1424 550 1487 per
560 1403 689 1466 litorum
699 1403 881 1482 amfractus,
891 1404 1087 1469 brevioribus
1099 1407 1218 1471 semitis

127 1487 350 1550 obcurrebant.
425 1495 438 1550 t
453 1487 589 1551 Romani
603 1488 644 1552 ad
658 1487 870 1566 Ambraciam,
889 1488 1035 1574 pluribus
1050 1489 1127 1553 locis
1141 1512 1218 1574 qua·

126 1571 237 1636 tiendo
264 1570 414 1636 arietibus
437 1593 556 1650 muros,
581 1572 779 1656 aliquantum
803 1573 890 1636 urbis
919 1574 1124 1638 nudaverant.
1159 1596 1217 1640 nec

126 1663 235 1719 tamen
258 1663 422 1741 penetrare
442 1656 476 1718 in
498 1657 610 1720 urbem
629 1665 787 1741 poterant.
830 1657 916 1720 Nam
931 1666 963 1722 et
978 1658 1045 1742 pari
1059 1659 1216 1724 celeritate

125 1759 229 1804 novus
242 1763 302 1826 pro
316 1741 424 1804 dinato
438 1761 550 1804 murus
564 1741 780 1826 objiciebatur,
802 1749 834 1804 et
848 1742 970 1821 armati,
990 1743 1090 1806 ruinis
1106 1763 1216 1829 super-

124 1833 256 1902 stantes,
284 1824 385 1888 instar
413 1825 603 1888 munimenti
631 1833 730 1890 erant.
775 1826 791 1888 Ι
847 1847 898 1905 ue,
926 1849 1026 1910 quum
1055 1836 1163 1912 aperta
1184 1829 1216 1892 vi
1228 1842 1343 1890 cimento

122 1929 239 1992 parum
267 1909 452 1994 procederet
478 1909 602 1973 consuli
630 1931 691 1988 res,
713 1910 828 1974 cunicu
843 1933 897 1974 nm
920 1911 1091 1990 occultum,
1115 1912 1215 1976 vineis
1228 1905 1298 1952 ΒΜ
1329 1970 1335 1982 .

122 2003 198 2058 ante
211 2003 356 2058 contecto
370 1993 450 2072 loco,
464 2015 556 2078 agere
570 1994 718 2060 instituit.
752 2003 785 2058 et
804 1995 1009 2078 aliquamdiu,
1032 2017 1132 2080 quum
1147 1997 1214 2063 dies
1226 1970 1374 2079 ,imm

122 2087 298 2160 noctesque
311 2078 345 2140 in
358 2099 452 2163 opere
467 2085 583 2156 essent,
598 2100 663 2142 non
678 2079 781 2144 solnm
796 2079 856 2143 sub
871 2087 955 2143 terra
972 2079 1137 2160 fodientes,
1158 2081 1214 2144 sed

123 2173 290 2244 egerentes
304 2162 397 2226 etism
411 2164 556 2242 humum,
570 2163 704 2226 fefellere
726 2165 861 2226 bostem.
905 2162 1063 2226 Cumulus
1085 2173 1214 2248 repente

122 2255 222 2308 terrae
235 2245 375 2308 eminens
389 2246 482 2310 index
497 2247 600 2332 operis
614 2247 782 2332 oppidanis
795 2247 865 2310 luit.
893 2246 1072 2330 pavidique,
1085 2268 1125 2309 ne
1135 2247 1214 2330 jam,

121 2329 271 2392 subrutis
286 2330 395 2408 muris,
409 2331 489 2394 facta
503 2331 536 2394 in
550 2331 663 2395 urbem
677 2331 729 2394 via
742 2339 836 2408 esset,
851 2329 967 2392 fossam
983 2330 1067 2392 intra
1084 2351 1213 2395 murum

120 2414 286 2561 eur-tegiope
300 2415 367 2512 q'ns
381 2415 592 2564 opssdthuod
607 2414 910 2563 vinplistcpirirtectum
935 2421 1011 2562 6ιῖῐέ
1033 2413 1157 2562 ducerel
1165 2415 1214 2478 in·

120 2519 271 2680 infidldm
285 2521 423 2648 epprppcpssui
437 2509 1213 2669 pomtpptpemwepepmp'eplfeppgnfmpspelppiplp

119 2665 200 2730 locas
217 2667 319 2730 ¹'aure
330 2669 468 2747 admota,
480 2667 620 2732 sonitum
631 2667 818 2732 fodientium
832 2667 1012 2752 captabant.
1036 2667 1141 2734 Quem
1156 2667 1212 2732 ubi

121 2751 142 2784 ¹⁸
150 2762 341 2850 aceepenurt
350 2763 373 2832 ⁰,
387 2753 535 2838 aperiunt
549 2761 667 2850 rectam
686 2751 730 2850 in·
743 2751 926 2816 cuniculum
940 2751 1033 2816 viam.
1070 2773 1128 2850 neq
1151 2753 1213 2816 fuit

117 2835 1211 3015 rameseie

117 3004 205 3066 fossa
216 3004 250 3068 in
264 3005 448 3068 cuniculum
461 3013 584 3090 pateret
592 3004 662 3082 iter,
676 3005 778 3089 primo
788 3003 866 3088 ipsis
876 3003 1083 3079 ferramentis,
1095 3001 1211 3084 quibus
1226 3021 1354 3080 sepeliun-

115 3087 151 3150 in
175 3109 278 3236 ΞΕ
304 3089 356 3236 uzi
366 3089 594 3236 tprantpdctppd
610 3088 750 3236 celepiter
776 3087 888 3151 mmati
915 3085 1010 3184 etiam
1038 3085 1269 3232 ppbepntesffl‘·

115 3193 201 3318 facecia
214 3265 264 3319 est
272 3283 282 3335 ;
291 3194 575 3341 ildterseriaiddtilius
590 3193 855 3334 fficuldffildi
869 3191 1211 3332 vffltprnuppnecfleia

115 3339 174 3404 ciis
189 3341 365 3424 praetentis,
379 3363 465 3404 nunc
478 3341 600 3404 foribus
612 3340 728 3426 raptim
739 3340 879 3425 objectis.
917 3339 1009 3402 Nova
1019 3338 1113 3402 etiam
1124 3337 1211 3402 baud

116 3425 226 3508 magni
251 3424 357 3508 operis
378 3425 528 3490 adversos
546 3446 611 3502 eos,
633 3425 689 3508 qui
708 3425 741 3488 in
760 3423 906 3488 cuniculo
921 3431 1020 3502 erant,
1034 3422 1211 3520 excogitata

114 3529 167 3570 res
182 3517 243 3572 est.
280 3509 401 3572 dolium
416 3509 548 3573 afundo
560 3517 738 3594 pertusum,
760 3529 823 3592 qua
845 3507 953 3570 fistula
972 3505 1095 3569 modica
1114 3507 1209 3569 inseri

113 3599 237 3676 posset,
259 3601 292 3656 et
314 3592 453 3656 fistulam
478 3593 610 3656 ferream
631 3593 879 3678 operculumque
905 3589 981 3654 dolii
1009 3589 1155 3669 ferreum,
1177 3599 1209 3652 et

307 3755 320 3784 ¹²
332 3751 487 3812 Amphilochia
499 3752 572 3798 Gron.
582 3751 649 3798 Cres.
777 3755 933 3809 ⁰oeespersst
945 3749 1017 3794 Gron.

464 3817 531 3862 essi
541 3823 604 3862 tarra
615 3815 690 3861 Gran.
702 3815 771 3862 Cres.
785 3813 862 3860 mss.

146 3949 178 3996 la
195 3951 260 3996 Am
271 3945 372 4010 asoa]
392 3949 474 3996 Esstst
489 3949 646 4010 fragmentum
659 3949 730 4009 l’oly-
761 3949 842 3996 nantis
853 3949 882 3996 sd
891 3947 1029 3994 exteriorem
1038 3961 1121 3994 sonum
1130 3947 1370 4004 indlcsrent,ubinsns

112 4015 210 4060 δίιηιιω
228 4014 258 4060 sb
276 4013 350 4058 llenr.
364 4013 455 4059 valesio
471 4013 729 4060 communicatumlse.
760 4013 884 4059 foderetur.
919 4011 975 4058 ldae
986 4011 1034 4058 lae.
1047 4013 1178 4058 Gronovius
1188 4013 1317 4073 suspicatur
1331 4011 1366 4058 Ll-

114 4077 242 4130 Gronorio,
253 4085 277 4122 et
295 4091 337 4135 per
348 4075 411 4122 bunc
427 4077 514 4136 publici
527 4077 588 4136 Jnris
606 4077 692 4122 factum
704 4077 729 4122 in
761 4077 824 4122 mum
836 4077 873 4124 bie
885 4073 977 4122 dedisse
988 4091 1043 4123 aare
1053 4077 1095 4123 οη·
1105 4077 1202 4130 adnata,
1215 4077 1251 4122 sel
1265 4089 1310 4121 ers
1327 4075 1369 4122 sd·

114 4139 237 4186 maenae
251 4139 349 4198 Epistol.
365 4141 394 4187 sd
406 4139 444 4186 Jn
456 4141 583 4200 Georgium
595 4139 728 4186 Gessium:
760 4147 824 4186 asoto.
858 4139 905 4186 Sed
916 4140 968 4196 boc,
979 4147 1006 4184 ut
1022 4139 1072 4199 ipse
1089 4147 1193 4195 annotat,
1205 4137 1297 4185 brevius
1304 4139 1369 4196 lusto

113 4205 175 4264 qnod
189 4205 288 4264 quidem
305 4203 463 4262 fragmentum
479 4213 568 4264 spectat
584 4204 728 4250 obsidionem
760 4213 828 4259 esset,
840 4217 882 4250 nec
894 4204 962 4264 plane
973 4217 1022 4250 rem
1034 4203 1166 4264 explicaret

113 4269 314 4321 Ambrsdemem,
326 4275 349 4312 et
361 4265 411 4313 bec
429 4268 479 4328 ipsa
495 4283 548 4326 qun
567 4281 582 4313 s
602 4267 667 4312 Livio
685 4267 729 4312 boc
794 4267 824 4316 19
840 4263 991 4328 Acceperast]
1010 4267 1046 4314 Sic
1054 4265 1190 4313 vetustiores
1198 4263 1255 4310 editi
1264 4271 1287 4308 et
1296 4263 1369 4310 sodes

112 4331 163 4377 loco
177 4339 348 4378 nmnorsntur.
383 4331 420 4377 Es
439 4331 479 4376 illo
498 4331 608 4376 discimus
629 4331 728 4376 Ambra·
761 4331 820 4378 vict.
840 4331 996 4376 Gronovisn·
1007 4331 1128 4382 editiones,
1140 4341 1169 4372 ex
1180 4337 1304 4386 operarum
1315 4339 1369 4386 pro·

111 4395 201 4442 ciemes
213 4410 261 4442 non
272 4395 343 4440 modo
354 4409 411 4441 aare
421 4396 511 4440 admoto
522 4403 625 4454 captasse
637 4393 727 4440 fodien·
760 4393 819 4441 fecto
831 4395 927 4450 incuria,
940 4393 1028 4439 babent
1038 4396 1176 4450 acceperam

112 4459 171 4506 tissa
181 4473 275 4514 naum,
287 4458 330 4504 sed
345 4457 457 4518 appositis
473 4458 605 4504 :ramentis
620 4457 729 4504 tenuissl·
792 4457 824 4504 2⁰
841 4453 940 4516 Ciliciis]
960 4457 1041 4502 Cilicia
1052 4462 1106 4500 sunt
1117 4459 1182 4500 testa
1192 4467 1205 4501 e
1216 4453 1264 4514 pilo
1274 4455 1369 4516 caprino

112 4525 163 4578 mis.
175 4531 203 4570 nt
222 4521 318 4582 patinis.
329 4529 374 4568 ete.
385 4536 438 4582 qne
454 4521 609 4568 subsultantia
623 4529 647 4567 et
665 4535 727 4568 reso·
759 4522 825 4580 quast
835 4521 941 4580 quedam
953 4519 1010 4564 sels.
