3118 5002
522 253 610 318 LIB.
632 251 724 318 XLI.
752 251 848 317 CAP.
870 252 944 319 XV.

1352 269 1413 334 811

160 397 246 462 dena
267 397 367 464 millia
387 397 533 483 pediturn
558 399 651 464 sociis
673 399 857 483 nominique
879 399 1005 479 Latino,
1026 409 1059 466 et
1082 409 1295 476 mxoenosiu.
1307 430 1333 478 o.
1345 429 1401 486 sss.

157 481 355 568 imperarent
369 485 503 582 equites.
545 485 595 548 Ti.
605 483 738 548 Claudio
751 491 957 569 prorogatum
970 491 1020 550 est
1033 487 1203 573 imperium
1217 491 1252 558 in
1265 491 1294 540 A·
1306 495 1332 542 0·
1347 495 1399 550 176

157 567 194 631 id
208 576 348 653 tempus,
363 589 428 652 quo
441 590 475 632 ιιι
489 569 682 653 provinciam
693 568 805 632 consul
818 568 965 636 venisset.

203 651 279 715 XV.
300 653 390 715 Dum
416 652 455 715 de
477 653 529 718 his
553 652 649 716 rebus
671 652 705 716 in
727 659 838 716 senatu
859 653 973 737 agitur,
995 653 1056 720 Cn.
1072 655 1250 738 Cornelius,

157 744 309 800 evocatus
322 757 341 798 a
355 735 484 814 viatore,
506 758 607 822 quum
627 736 746 834 templo
766 757 910 821 egressus
931 745 1024 816 esset,
1047 740 1154 823 paullo
1174 750 1250 826 post

157 819 254 884 rediit
267 819 400 884 confimo
414 821 517 900 vultu,
532 829 565 884 et
578 829 724 906 exposurt
740 820 886 885 Patribus
906 822 1103 906 conscriptis,
1126 825 1147 858 ⁸¹
1158 825 1248 891 bovis

158 904 364 983 samsone,
379 925 474 988 quem
489 905 712 982 immolavisset,
734 904 852 989 ”jecur
865 905 1032 970 defluxisse
1043 917 1068 972 ¹.
1089 907 1122 970 id
1137 929 1170 973 se
1183 909 1248 974 vic-

158 989 284 1051 timario
298 989 465 1052 nuncianti
478 1011 592 1074 parum
606 989 795 1066 credentem,
818 989 924 1073 ipsum
940 1011 1054 1073 aquam
1073 991 1193 1056 effundi
1207 1015 1247 1058 ex

158 1072 231 1150 olla,
246 1073 302 1136 ubi
326 1083 400 1136 exta
422 1081 641 1156 coquerentur,
659 1073 811 1157 jussisses
834 1081 867 1136 et
881 1074 995 1138 vidisse
1011 1083 1145 1140 ceteram
1164 1077 1246 1142 inte-

256 1165 380 1254 partem
394 1166 550 1236 extorum,
559 1157 651 1241 jecur
665 1179 757 1220 omne
769 1157 1035 1223 inenarrabiliter!
1051 1160 1244 1226 absumtum.

156 1177 289 1304 ffltu
311 1263 348 1304 eo
371 1241 515 1326 prodigio
538 1242 696 1319 Patribus,
717 1250 750 1304 et
768 1241 847 1304 alter
862 1243 975 1306 consul
987 1264 1095 1308 euram
1109 1245 1243 1328 adjecit:

157 1325 214 1407 qui
229 1345 273 1402 se,
288 1326 376 1408 quod
390 1335 487 1410 caput
495 1326 631 1410 jocinori
645 1325 806 1404 defuisset,
829 1326 932 1390 tribus
954 1327 1060 1390 bubus
1081 1329 1244 1413 perlitasse

157 1409 294 1506 negavit.
329 1409 464 1506 §enatus
479 1409 651 1494 majoribus
665 1410 776 1474 hostiis
789 1431 891 1494 usque
906 1411 946 1474 ad
959 1411 1134 1475 litationem
1149 1414 1244 1478 sacri·

157 1492 247 1556 ficarr
256 1503 361 1576 Jussrt.
404 1495 525 1558 Ceteris
540 1495 612 1560 Diis
627 1495 808 1580 perlitatum
822 1495 929 1558 ferunt
937 1521 946 1574 3
967 1495 1069 1560 Saluti
1085 1497 1243 1562 Petillium

156 1577 321 1661 perlitasse
336 1587 460 1662 negent.
505 1579 585 1643 lnde
598 1579 743 1644 consules
758 1587 970 1664 praetoresque
986 1580 1162 1665 provincias
1177 1603 1243 1646 sor-
1256 1589 1389 1639 ravines..

156 1661 219 1724 titi.
255 1659 277 1692 ‘⁸
290 1661 370 1726 Pisae
384 1663 445 1726 Cn.
460 1663 617 1743 Cornelio,
632 1663 767 1748 Ligures
784 1663 906 1728 Petillio
920 1665 1126 1730 obvenerunt.
1157 1667 1243 1732 Prte-

153 1753 250 1824 tores,
272 1745 311 1810 L.
336 1747 481 1844 Papirius
511 1749 605 1812 Maso
628 1749 792 1826 urbanam,
816 1749 864 1812 M.
880 1749 1022 1814 Aburius
1047 1751 1129 1814 inter
1151 1772 1243 1836 pere-

153 1829 273 1914 grinos,
294 1831 398 1894 sortiti
412 1841 497 1896 sunt.
541 1833 591 1897 M.
607 1833 772 1896 Cornelius
788 1832 893 1918 Scipio
910 1833 1141 1918 Maluginensis
1163 1835 1242 1900 llis·

153 1915 281 1998 paniam
296 1915 487 1994 ulteriorem,
503 1917 541 1980 L.
554 1917 715 2001 Aquillius
731 1917 844 1982 Gallus
860 1917 997 1982 Siciliam
1011 1919 1133 1983 habuit.
1164 1920 1241 1984 Duo

153 1999 313 2083 deprecati
328 2008 414 2077 sunt,
428 2022 468 2063 ne
482 2001 515 2064 in
530 2001 707 2086 provincias
728 2002 827 2066 uent:
851 2002 899 2066 M.
916 2003 1069 2087 Popillius
1082 2003 1116 2068 in
1132 2003 1241 2068 Sardi-

153 2083 251 2146 niam.
297 2085 467 2148 semema
488 2105 555 2150 eam
572 2087 763 2168 prouinciam
780 2106 907 2168 pacare,
930 2087 1014 2150 “et2
1030 2089 1064 2150 Τ.
1078 2089 1241 2152 AEbatium

146 2172 315 2248 pretorem
329 2167 495 2248 adjutorem
508 2170 547 2233 ab
560 2177 668 2234 serata
682 2171 786 2234 datam
800 2189 873 2234 esee.
907 2171 1093 2251 interrumpi
1106 2177 1240 2235 tenorem

152 2271 267 2329 rorans,
279 2253 313 2314 ia
327 2253 431 2334 quana
438 2256 622 2337 percpmdie
635 2255 820 2320 continuatio
837 2255 905 2334 ipsa
924 2255 1131 2338 efficaciam
1152 2261 1240 2334 ercet,

151 2336 275 2400 mirdme
288 2339 453 2403 comerrire.
494 2339 581 2404 later
595 2340 788 2404 traditionem
801 2339 922 2419 imperii
940 2340 1158 2420 mritateraqae
1171 2359 1240 2402 eac-

151 2422 290 2499 ceseom'r,
304 2441 370 2504 qua
384 2424 539 2487 noscendis
545 2425 646 2506 prim,
660 2444 750 2505 queam
768 2422 901 2504 qaae,
913 2422 1003 2488 rehtu
1015 2423 1174 2486 imbuenda
1187 2424 1239 2502 eit,

151 2523 230 2584 repe
245 2505 465 2588 temperentia
476 2510 523 2572 rei
543 2509 713 2572 occasiones
729 2507 918 2572 intercidere.
962 2506 1098 2572 Probata
1113 2506 1239 2592 Popillii

152 2589 313 2652 excusatio
332 2598 390 2655 est.
434 2591 470 2656 P.
485 2591 628 2656 Licinius
651 2591 785 2656 Crassus
804 2590 963 2656 sacrificiis
979 2613 1012 2656 ss
1026 2591 1161 2676 inpediri
1174 2591 1238 2656 sol-

151 2671 310 2738 lemnibus
324 2675 503 2755 excusabat,
515 2699 554 2740 ne
568 2677 602 2740 in
616 2676 809 2775 provinciam
823 2676 892 2740 iret.
934 2675 1069 2740 Citerior
1081 2675 1238 2762 Hispania

150 2757 330 2824 obvenerat.
375 2759 524 2824 Ceterum
543 2769 599 2824 aut
617 2781 662 2824 rre
675 2761 798 2860 jussus,
818 2768 873 2826 aut
882 2760 988 2845 jurare
999 2782 1061 2859 pro
1076 2761 1237 2840 concione,

150 2842 297 2906 sollemni
311 2843 462 2908 sacrificio
477 2867 510 2908 se
524 2845 693 2944 prohiberi.
724 2845 758 2908 id
772 2845 828 2910 ubi
842 2845 876 2908 in
892 2845 927 2908 P.
939 2845 1062 2908 Licmio
1077 2845 1122 2908 its
1136 2852 1237 2908 statu·

149 2933 222 2990 turn
245 2935 307 3024 est,
326 2935 359 2991 et
375 2927 415 3026 ab
437 2951 471 2992 se
490 2939 540 3027 ptr
552 2929 777 3027 jusjurandum
795 2929 981 3026 acciperent,
1004 2929 1053 2991 M.
1069 2927 1236 2992 Cornelius

149 3011 1236 3184 ruraesarrire-seuranrrsnr

183 3241 315 3292 ‘urentes
326 3243 399 3289 tiron.
411 3243 477 3290 crev.
573 3247 588 3277 ¹
599 3245 724 3291 carcerarii
736 3243 830 3305 Kreyae
844 3241 920 3290 sess.
1005 3245 1020 3274 ¹
1031 3243 1153 3300 diffluatur
1165 3240 1230 3288 End.

247 3305 529 3354 rememoraturus.
657 3311 779 3368 'parares
796 3310 818 3354 rt
830 3307 924 3366 Kreyss.
954 3319 1055 3368 parare,-
1071 3307 1093 3352 et
1105 3305 1182 3352 Bekk.

580 3375 593 3406 ¹
598 3369 712 3432 jurarent
723 3371 818 3432 meysa.
831 3371 908 3418 sess

149 3491 282 3540 faciurum
300 3501 343 3548 eat,
356 3492 461 3540 ridemur
471 3493 549 3554 legere
567 3495 665 3541 debere:
683 3495 757 3542 Bimae
789 3495 882 3554 utrique
894 3494 1027 3540 addendum
1036 3505 1171 3554 prenomen
1179 3491 1280 3548 videtur,
1288 3491 1326 3538 rel
1335 3491 1395 3538 atri·

150 3558 249 3618 legiones
259 3571 326 3602 m
337 3558 460 3604 seriberent
468 3575 477 3611 ,·
494 3561 564 3618 quine
579 3559 652 3605 mittio
671 3560 695 3604 im
709 3561 757 3603 ria·
789 3572 835 3616 que
847 3557 1027 3604 detrahendum.

147 3621 457 3681 gatandacrrorpeditee,
470 3624 671 3682 treocmrequites.
705 3621 758 3668 Vid.
821 3621 853 3668 64
870 3621 901 3668 lit
916 3621 941 3666 Τ.
954 3616 1084 3680 Elatiam]
1103 3619 1175 3666 Recte
1192 3619 1322 3680 suspicatur
1334 3619 1395 3666 tiro·

149 3697 252 3743 suprac
264 3683 288 3737 9,
300 3691 325 3728 et
335 3683 350 3728 l.
363 3683 413 3728 xl..
424 3698 444 3729 c.
457 3683 494 3731 16.
791 3682 874 3730 novius
886 3697 927 3742 pro
937 3690 959 3730 et
970 3683 1096 3741 legendum
1108 3696 1158 3728 esse
1169 3683 1198 3729 ei.

184 3746 215 3793 61
234 3747 302 3792 Beate
320 3743 456 3806 ammorii]
487 3748 563 3808 liujus
582 3747 644 3794 vocis
663 3748 758 3793 omnino
822 3746 854 3792 66
870 3742 1047 3806 Jarejararam]
1076 3746 1179 3791 Verbum
1206 3759 1284 3792 rarum
1312 3743 1394 3791 admo·

148 3811 274 3869 ignoratur
291 3823 380 3855 semus
414 3811 549 3870 Suspicatur
569 3811 698 3858 <lutherius
721 3810 758 3855 rel
791 3811 891 3864 dumet
910 3811 975 3867 cnjus
993 3807 1057 3854 baud
1074 3809 1138 3854 aliud
1152 3807 1394 3863 sommeexemplum

149 3887 203 3919 eam
216 3873 315 3918 derivari
327 3887 341 3918 a
351 3887 425 3928 amun,
436 3889 507 3933 quam
520 3875 602 3920 Festus
622 3874 689 3920 docet
707 3887 757 3920 esee
789 3881 872 3919 exstet.
890 3873 925 3918 Ae
935 3871 1036 3918 dubitari
1048 3885 1104 3917 sane
1116 3879 1198 3931 potest,
1210 3885 1239 3918 an
1251 3885 1280 3917 ex
1291 3871 1336 3916 hoc
1345 3883 1394 3915 uno

149 3945 192 3982 aut
207 3937 316 3991 securim,
326 3943 369 3982 aut
378 3935 497 3984 delubrem
512 3937 676 3997 pondticalem,
688 3937 721 3982 ira
732 3945 759 3982 ut
790 3937 840 3983 loco
859 3935 980 3982 deformati
999 3935 1109 3981 miserum
1127 3936 1152 3982 ln
1171 3935 1267 3982 modum
1285 3933 1337 3978 libri
1348 3933 1393 3978 hoe

148 4001 274 4046 ammeio
285 4001 327 4046 bos
346 3999 421 4046 dictus
438 4001 475 4056 sit,
493 4003 534 4047 bos
549 4015 577 4047 eo
593 4000 660 4046 cultri
671 4014 757 4059 genere
790 4001 885 4046 verbum
898 4000 955 4046 alias
966 3999 1110 4058 incognitum
1123 3999 1148 4044 in
1166 3999 1271 4058 linguam
1284 3995 1392 4042 Latinam

150 4064 298 4110 immolatus:
317 4063 353 4108 rel
374 4063 500 4122 legendum
519 4079 568 4111 esse
587 4065 713 4125 ragenario,
733 4063 758 4109 id
790 4063 856 4110 icelle
869 4063 1042 4109 admittendum
1052 4062 1090 4109 ait.

149 4135 450 4251 “ldiuiiliiriideflusr'mJ
476 4191 610 4238 Perizonius
629 4190 674 4250 legi
689 4191 757 4248 lubet
788 4125 1393 4250 „wisiiluzpiiiiii'aiiii'lliiidlilpbbietlffllidri‘

148 4253 280 4312 deffecisse.
313 4255 419 4312 Deflecte
431 4255 493 4302 enirn
505 4263 541 4302 est
552 4255 635 4302 delabi.
671 4255 701 4300 At
719 4253 757 4299 hie
789 4254 844 4308 telo,
857 4254 1118 4326 quitertioantepnno
1137 4259 1222 4309 prator
1239 4248 1291 4302 luit,
1304 4247 1390 4307 lllspa·

144 4321 214 4376 Jecur
233 4317 422 4376 colliquefaciens
440 4329 498 4372 erat,
509 4327 543 4378 et,
553 4327 580 4365 ut
597 4333 652 4364 mox
664 4317 756 4373 dieitur,
789 4319 852 4364 niam
861 4319 910 4378 jam
922 4326 977 4363 tunc
988 4315 1106 4373 obtigisse,
1114 4321 1136 4360 et
1146 4312 1241 4370 quidem
1250 4310 1391 4366 ulteritrtm·

149 4381 336 4428 inneffabiliter
347 4381 494 4442 obnupta.
789 4395 863 4440 quum
874 4381 962 4440 collega
971 4381 1021 4438 eius
1034 4377 1066 4424 M.
1077 4375 1177 4422 Titinius
1189 4374 1319 4424 citeriorem
1330 4374 1392 4422 ood-

182 4445 214 4492 66
231 4445 293 4492 rua
305 4445 346 4492 Cu.
360 4445 470 4502 Genetia
482 4445 580 4508 bigam
590 4441 696 4506 Petillia]
714 4443 758 4492 Vel
790 4445 875 4502 nuerit,
887 4449 1010 4492 utconstat
1021 4455 1050 4487 ex
1062 4455 1081 4486 c.
1093 4438 1133 4495 26,
1144 4437 1212 4486 inira.
