3108 4982
438 325 526 389 mo.
549 325 716 393 xxxrx.
744 283 842 392 cni.
864 327 941 393 ιιι.
1323 335 1387 401 ιιι

126 501 161 546 se
176 495 323 557 mens,
337 484 370 540 et
384 475 460 542 fidei
474 493 586 560 regum
600 475 681 540 nihil
695 497 771 541 sane
784 477 936 542 confisus.
979 477 1001 510 '⁸
1012 478 1133 543 Prusiae
1146 497 1368 548 verounum

125 566 288 630 levitatem
313 561 409 626 etiam
428 569 579 646 expertus
593 569 670 624 erat.
714 561 884 626 Flaminini
898 583 1025 646 quoque
1048 564 1221 630 adventum
1234 563 1263 610 Α·
1275 564 1302 612 ⁰·
1315 564 1372 613 ¹⁸³·

125 651 216 716 velut
229 647 358 712 letalem
373 645 435 710 sibi
455 647 630 710 horruerat.
673 647 726 710 Ad
747 647 854 710 omnia
875 647 1017 764 undipue
1039 647 1163 728 infesta,
1183 657 1222 714 ιιι

125 736 189 800 iter
203 755 271 798 sem
337 730 466 815 aliquod
475 737 690 828 praeparatum
704 731 789 815 fugo
801 732 942 810 haberet,
983 739 1105 816 septem
1115 735 1221 800 exitus

127 841 146 884 c
161 819 257 883 domo
282 827 404 896 ecerat3
428 821 461 878 et
475 836 515 879 cx
528 815 589 878 ιιι·
604 815 757 898 quosdam
769 816 921 895 occultos,
930 837 971 880 ne
980 817 1124 882 custodia
1138 819 1220 904 sepi·
1236 865 1242 874 ·

127 915 250 968 rentur.
280 901 346 966 Sed
416 921 454 964 ve
468 899 637 984 imperium
652 921 764 984 regum
778 899 858 964 nihil
871 901 1116 987 inexploratum
1132 905 1219 988 quod

129 987 313 1072 investigari
327 1008 368 1050 vo
381 993 451 1063 unt,
462 985 567 1048 efficit.
588 984 689 1048 totius
700 985 868 1050 circuitum
881 987 995 1050 domus
1008 985 1054 1050 ita
1066 989 1221 1054 custodiis

129 1072 286 1157 complexi
301 1078 389 1149 samt,
403 1077 442 1134 ut
462 1090 556 1132 nemo
579 1068 653 1132 inde
677 1069 758 1133 elabi
779 1077 898 1154 posset.
943 1071 1115 1152 Hannibal,
1130 1082 1219 1158 post-

128 1179 226 1243 quam
241 1165 290 1220 est
304 1155 492 1218 nunciatum
509 1153 625 1218 milites
647 1154 751 1239 regios
771 1154 806 1218 in
820 1154 978 1218 vestibsdo
993 1177 1071 1234 esse,
1084 1158 1219 1241 postico,

129 1243 219 1327 quod
241 1241 370 1305 devium
392 1239 529 1303 maxime
551 1247 646 1322 atque
668 1239 875 1303 occultissimi
900 1240 1005 1303 exitus
1018 1250 1095 1319 erat,
1109 1243 1219 1326 fugere

128 1335 274 1405 conatus,
288 1333 327 1388 ut
348 1324 382 1388 id
404 1345 543 1408 quoque,
557 1323 695 1386 obcursu
717 1323 856 1388 militum
870 1323 1040 1410 obseptum
1063 1327 1172 1404 sensit,
1186 1336 1219 1392 et

128 1411 239 1476 omnia
252 1411 335 1474 circa
358 1409 466 1472 clausu
489 1407 643 1472 custodiis
666 1407 828 1493 dispositis
851 1429 930 1487 esse,
944 1431 1103 1480 venenum
1121 1413 1219 1494 (quod

129 1497 234 1560 multo
262 1503 335 1558 autc
362 1501 576 1579 praeparatum
604 1494 645 1557 ad
666 1493 745 1556 tales
768 1493 905 1557 babebat
933 1497 1037 1575 casus)
1061 1496 1218 1580 poposcit.

131 1581 316 1660 liberm,
338 1578 454 1663 inquit,
477 1579 623 1641 dictorem
647 1599 722 1642 curo
739 1580 885 1660 populum
905 1580 1084 1657 Romanum,
1099 1582 1219 1662 quondo

130 1671 259 1728 norim
272 1663 383 1728 “emtis
396 1669 572 1744 ecepeolore
593 1664 713 1745 hripum
733 1670 861 1727 comeret.
904 1665 971 1726 Nec
994 1685 1145 1746 mopnom
1164 1686 1219 1730 nec

130 1750 352 1814 memorabilem
372 1769 412 1812 cc
433 1751 542 1812 immm'
559 1749 742 1829 proditoque
756 1749 945 1812 Flomiaimm
957 1750 1118 1812 victoriam
1124 1749 1218 1830 seret.

130 1855 230 1898 mores
246 1835 367 1916 quidem
375 1834 484 1914 populi
497 1833 629 1896 Romani
650 1839 794 1914 pacatum
807 1835 1001 1912 mutaverint,
1015 1836 1063 1897 cel
1083 1837 1134 1898 lic
1153 1836 1219 1898 dies

130 1925 306 2001 orpumcnto
320 1920 390 1982 mil.
420 1918 539 1980 Horum
548 1923 657 1998 patres
669 1920 793 1999 Pyrrho
805 1920 881 2000 cepi,
895 1920 974 1981 loeti
987 1927 1117 1998 amicto,
1132 1941 1218 1984 emer-

130 2007 224 2068 cilum
244 2007 279 2067 io
301 2005 398 2066 ltalia
420 2003 600 2078 labentiset
624 2023 774 2066 comerio
796 2009 924 2079 couerci,
936 2004 1157 2083 modernum.
1186 2007 1220 2068 li

130 2089 265 2170 lcyolmn
286 2089 481 2165 eomalorera,
497 2088 549 2168 qui
572 2093 679 2150 auctor
703 2093 782 2150 esset
804 2088 924 2150 Pmreic
941 2107 1002 2168 per
1022 2091 1120 2152 scelos
1140 2091 1219 2153 occi-

131 2173 227 2236 dendi
248 2173 384 2252 bospitio,
404 2173 559 2234 micenam.
603 2171 795 2234 Exsccratus
825 2171 939 2234 deinde
960 2171 994 2234 in
1024 2181 1122 2256 caput
1148 2195 1219 2258 reg·

131 2277 278 2340 numque
293 2255 421 2333 Pnssioe,
435 2263 467 2318 et
481 2255 654 2340 hospitales
672 2257 760 2320 Deos
773 2255 897 2318 violatae
913 2255 953 2318 ab
966 2276 1004 2318 eo
1025 2256 1100 2319 fidei
1121 2265 1219 2320 testm

130 2341 295 2490 biliam,
319 2339 469 2426 poculum
495 2340 651 2405 exhausit.
696 2340 759 2403 Hic
783 2339 858 2404 vitae
883 2339 987 2403 exitus
1009 2340 1071 2403 fuit
1094 2341 1219 2404 Hanni-

176 2473 254 2574 Lll.
276 2510 458 2596 Scipionem
472 2518 506 2574 et
529 2509 691 2594 Polybius,
705 2517 737 2574 et
756 2509 927 2573 “Rutilius
943 2510 1004 2573 hoc
1028 2529 1112 2574 anuo
1134 2531 1218 2573 mor·
1231 2511 1385 2574 septasole.

1230 2591 1277 2637 quo
1287 2591 1349 2624 anno

132 2601 229 2658 tuum
244 2595 395 2660 scribunt.
438 2595 510 2681 Ego
532 2617 634 2678 neque
657 2596 717 2673 bis,
733 2594 865 2678 ”neque
889 2595 1015 2660 Valerio
1033 2595 1216 2660 adsentior:
1230 2649 1342 2688 mortuos

133 2679 195 2758 bis,
209 2679 305 2763 quod,
319 2680 503 2746 censoribus
526 2680 575 2743 M.
592 2680 712 2759 Porcio,
732 2680 771 2744 L.
786 2680 921 2759 Valerio,
936 2680 1112 2766 principem
1127 2702 1218 2745 sena·

131 2771 186 2828 tus
209 2765 316 2850 ipsum
342 2766 381 2829 L.
407 2765 570 2829 Valerium
592 2785 754 2828 censorem
776 2765 894 2828 lectum
917 2766 1043 2830 invenio
1052 2793 1062 2846 3
1097 2768 1219 2851 ¹quum

131 2849 348 2935 superioribus
371 2849 475 2914 tribus
496 2849 605 2913 lustris
619 2850 789 2914 Africanus
811 2850 942 2913 fuisset:
966 2873 1030 2934 quo
1053 2851 1136 2930 vivo,
1157 2851 1220 2915 nisi

131 2943 169 2998 ut
183 2934 235 2998 ille
251 2942 364 2998 senatu
377 2941 567 3013 moveretur,
582 2955 679 3019 quam
692 2943 801 2998 notam
820 2955 913 2998 nemo
933 2935 1093 2998 memoriae
1113 2935 1220 3019 prodi-

131 3019 192 3096 dit,
205 3019 286 3083 alius
300 3019 450 3104 princeps
463 3019 497 3082 in
511 3019 618 3084 locum
632 3019 700 3104 ejus
714 3019 816 3082 lectus
830 3040 896 3081 non
906 3026 998 3080 esset.
1036 3019 1221 3082 ’Antiatem

536 3178 660 3242 'somate
676 3196 704 3228 ee
714 3183 749 3229 hir
760 3181 827 3228 Creu.

163 3313 197 3362 9⁶
213 3311 495 3375 num...reonmm]
521 3315 597 3376 liujus
615 3315 677 3374 regia
693 3329 743 3363 eer-
774 3314 827 3361 libri
839 3315 908 3360 modo
925 3315 1054 3363 memorati.
1088 3317 1195 3364 Valeriae
1207 3317 1278 3378 igitur
1288 3319 1389 3366 eredidit

131 3377 204 3424 vilem
221 3378 292 3438 plane
308 3375 411 3424 indolem
422 3377 533 3425 describit
546 3379 633 3435 Livius,
644 3380 660 3426 Ι.
671 3377 743 3426 XLV.
776 3379 910 3439 Scipionem
929 3387 1049 3427 mortuum
1066 3394 1117 3428 esse
1130 3381 1163 3428 M.
1176 3381 1281 3438 AEmllim
1294 3383 1320 3430 0.
1334 3383 1387 3430 Ph·

131 3456 155 3488 e.
166 3440 207 3487 44.
775 3441 849 3488 minio
860 3443 1007 3490 consulibua:
1025 3443 1138 3504 Polybius
1155 3453 1179 3492 et
1196 3445 1307 3502 Rutilius,
1319 3447 1389 3506 quin·

165 3504 199 3552 96
216 3504 305 3564 Septen
316 3506 391 3552 eriles
406 3536 413 3552 .
426 3536 432 3552 .
443 3501 564 3565 .secerol.·
580 3521 609 3553 ee
626 3507 663 3552 tle
677 3519 744 3568 quoe·
776 3505 880 3566 quenoio
901 3507 983 3561 seriae,
1005 3507 1050 3554 boc
1071 3523 1156 3570 nempe
1178 3523 1249 3557 aooo.
1293 3509 1389 3557 lleutrlr

131 3565 199 3630 dn]
223 3567 261 3614 ste
278 3567 358 3628 scripti
376 3567 527 3625 Grouoriani,
546 3577 571 3616 et
587 3578 666 3616 noster
686 3571 745 3616 Vici.
778 3570 904 3616 amolitur
917 3569 1004 3617 Livius.

132 3628 378 3690 vulgo...seeeml.·
394 3635 618 3694 eteeiieqaoedom.
812 3632 919 3682 lacon
938 3635 1091 3694 reperiorllea
1112 3637 1187 3683 tribea
1207 3632 1298 3697 lutrio]
1326 3637 1389 3683 onm

165 3695 198 3750 Π
215 3692 317 3755 ‘Seeid
342 3695 410 3742 'l'unc
420 3697 529 3755 quintum
541 3704 565 3744 et
575 3696 747 3757 maagesimnm
777 3697 899 3756 legebatur
915 3697 1006 3743 ambae.
1041 3698 1149 3758 Sigonius
1160 3701 1265 3760 reposuit
1275 3702 1389 3747 tellam

132 3761 328 3868 ιχιιᾶιιιέειιιι
343 3759 454 3806 Annibal
487 3759 542 3807 Vid.
559 3775 628 3820 supra
649 3769 696 3808 not.
715 3761 746 3808 ad
778 3759 1093 3870 ffiliillfulp'iudgmffi'
1111 3763 1255 3812 lxxxiv.
1278 3779 1298 3811 c
1315 3764 1390 3820 liet

938 3855 945 3870 0
956 3837 976 3870 α

164 3885 199 3934 98
215 3887 230 3917 ⁶
240 3881 355 3946 Midea]
374 3885 419 3932 ste
434 3887 474 3934 ille
492 3895 527 3934 est
543 3887 580 3934 vir
597 3887 748 3934 unctiasimia
812 3887 828 3934 2
844 3887 961 3934 Antiatem
971 3894 1084 3935 amtorem
1094 3885 1180 3948 rdelllt
1197 3892 1301 3937 triluce
1315 3890 1390 3950 pletis

133 3949 247 4004 moribus,
259 3963 330 4008 quero
341 3949 409 3998 toties
421 3951 504 3998 Cicero
514 3951 601 4010 allique
612 3952 678 3998 miri·
689 3965 748 4011 pra·
780 3949 815 3998 u.
828 3947 934 4012 Nasica]
952 3951 1093 4011 Opinionem
1113 3953 1200 4000 Valerii
1221 3953 1330 4009 Antiatis.
1348 3953 1389 4012 qul

133 4012 214 4058 dicent
230 4013 347 4060 laudibus.
379 4013 512 4062 Romanam
527 4015 648 4064 historiam
668 4016 749 4062 Graece
781 4013 914 4074 Scipionem
926 4023 1059 4062 eecuaatum
1070 4015 1141 4064 roim
1152 4017 1290 4064 memoravit
1305 4015 1390 4062 aduo-

133 4084 305 4135 composuerat.
780 4079 824 4124 bna
836 4077 941 4134 Petilliis,
952 4078 1035 4138 quinto
1045 4087 1100 4126 ante
1111 4079 1286 4133 bumannum
1297 4078 1391 4133 refellit,

166 4139 199 4187 Ν
216 4139 296 4200 Neque
315 4139 406 4188 Valerio
424 4137 546 4202 mmm]
565 4141 620 4188 Non
638 4141 749 4202 exprimit
780 4141 844 4202 quod
863 4141 943 4196 luder,
963 4141 1022 4200 eive,
1033 4149 1059 4190 ot
1078 4155 1141 4190 none
1159 4143 1285 4202 loquimur,
1307 4141 1391 4188 titulus

135 4199 179 4248 boe
198 4203 249 4249 loeo
268 4201 357 4258 Livius,
368 4218 477 4264 quanam
494 4204 565 4252 luerit
579 4205 666 4252 Valerii
678 4205 748 4252 Anu·
780 4205 891 4252 cretionis
909 4205 934 4252 P.
948 4206 1062 4266 Scipionis
1080 4219 1165 4254 nomeu
1182 4205 1253 4251 babet
1269 4205 1301 4252 bi.
1314 4205 1390 4251 ilarii

133 4265 179 4311 atio
190 4267 316 4322 sententia,
328 4267 384 4327 quia
395 4268 507 4314 nimirum
518 4283 570 4316 eam
581 4283 652 4329 supra
660 4269 748 4318 retulit.
780 4269 867 4316 tribuni
879 4269 961 4329 plebis.
994 4272 1104 4316 Ceterum
1123 4269 1209 4314 mirum
1226 4268 1301 4314 rideri
1319 4267 1392 4328 poenit

134 4328 258 4389 Quidquid
279 4329 344 4378 enlm
362 4339 443 4378 noster
461 4331 486 4378 in
506 4331 587 4379 flnel.
610 4333 748 4380 xxxvln.
781 4340 902 4394 tantopere
922 4347 984 4380 nunc
1003 4334 1098 4380 credere
1121 4331 1214 4378 Livium
1236 4331 1336 4378 orationi
1357 4331 1392 4378 illi

134 4393 240 4439 curavit
266 4394 297 4440 de
318 4395 467 4442 accusatione
488 4409 516 4442 ac
538 4405 614 4444 morte
636 4397 749 4452 Africani,
782 4396 808 4444 P.
819 4397 941 4456 Scipionis,
953 4393 1392 4456 qoomlxxxv111.e.tt‚dubner.

133 4457 212 4516 deque
230 4455 259 4504 lie
285 4471 338 4516 que
357 4459 468 4518 deincep·
484 4468 564 4506 secuta
586 4460 750 4516 sustollitur
781 4458 1088 4519 collieremralpeiuaait.

133 4519 274 4568 autoritate
281 4519 370 4568 Valerii
383 4523 530 4580 notuimus
541 4531 671 4571 mortales
687 4537 706 4570 c.
715 4525 749 4570 oo
