3118 5002
190 343 254 407 384
769 335 861 400 Tl'll
893 337 1007 402 L1Vll

194 497 327 548 Μαι.
355 485 538 570 occisisque,
548 492 735 550 contereret
744 483 1085 568 tempusinobsidionc
1094 483 1448 568 praesidii3sectmdum,

192 563 221 610 Α
234 561 261 610 ⁰·
275 562 328 618 ¹⁷¹·
356 592 393 634 ea
406 591 532 653 quoque
545 577 665 632 tentata
678 578 862 651 utcumque,
876 589 977 651 quum
991 567 1084 630 sciret
1098 569 1177 630 nihil
1191 569 1314 632 roboris
1334 592 1447 632 secum

356 651 1447 820 hadrianeae&redatruare

626 782 637 814 5
1336 784 1346 814 2

356 843 431 907 pere
455 821 551 886 misit.
581 829 697 904 quaet
721 819 830 897 serius,
852 840 949 902 quam
976 840 1026 882 res
1051 819 1241 904 postulabat,
1267 829 1300 882 et
1325 761 1446 904 radiim

357 915 437 984 aeta,
460 905 579 969 turbati
601 926 698 968 cursu
720 903 870 967 adversus
893 899 1065 967 instructos
1088 913 1120 966 et
1142 913 1337 988 praeparatos
1351 917 1446 967 erant

357 990 531 1054 adventuri.
577 987 698 1052 Consul
713 987 914 1050 anteveniens
928 987 1086 1070 extemplo
1107 988 1254 1070 praelium
1269 990 1446 1053 conseruit.

359 1073 465 1136 Primo
489 1072 631 1136 resistere
647 1072 858 1149 Macedones;
880 1070 1003 1148 deinde,
1017 1079 1055 1133 ut
1078 1071 1167 1134 nulla
1184 1093 1217 1134 re
1232 1093 1325 1155 pares
1340 1083 1445 1149 erant,

358 1157 482 1220 amissis
497 1157 646 1220 trecentis
658 1157 666 1196 ¹
679 1155 848 1240 peditibus,
861 1153 973 1238 viginti
989 1163 1125 1237 quatuor
1145 1155 1338 1238 primoribus
1353 1158 1447 1238 equi-

358 1249 429 1304 tum
443 1241 512 1304 ”ex
533 1241 591 1320 ala,
605 1261 701 1326 quam
725 1240 851 1304 Sacram
873 1247 997 1316 vocant,
1021 1239 1103 1301 inter
1126 1260 1205 1322 quos
1228 1239 1446 1302 Antimachus

359 1325 455 1389 etiam
477 1325 645 1424 proel'ectus
665 1323 722 1387 alre
745 1322 867 1400 cecidit,
891 1321 976 1385 abire
1000 1331 1164 1386 conantur.
1209 1321 1361 1386 Ceterum
1384 1324 1448 1386 iter

359 1431 459 1494 prope
481 1431 552 1495 ipso
575 1408 685 1494 proelio
710 1405 937 1470 tumultuosius
958 1405 1028 1469 suit
1072 1406 1223 1484 Phalanx,
1237 1407 1294 1469 ahs
1317 1409 1447 1492 trepido

360 1493 478 1592 nuncio
505 1494 617 1571 adcita,
639 1513 739 1590 quum
762 1489 877 1574 raptim
903 1489 1079 1587 duceretur,
1102 1489 1206 1636 ffio
1228 1491 1263 1553 in
1285 1493 1447 1588 angrmtiis

361 1573 1448 1742 triti?ffitlittdtiitll‘uffiagiidilhs

361 1751 572 1826 exspectante,
597 1750 794 1824 utcumque¹¹
831 1741 1041 1824 explicaretur
1068 1763 1192 1826 agmen,
1225 1743 1282 1804 sed
1312 1745 1448 1807 umetis

361 1825 601 1890 detrudentibus
612 1845 819 1910 perpraeceps
829 1823 1053 1908 inpedimenta,
1065 1827 1178 1909 (neque
1192 1825 1276 1888 enim
1290 1826 1382 1890 aliter
1395 1829 1449 1892 via

360 1909 913 2058 taurinen-‘renam
925 1909 1220 2057 wilini
1235 1911 1449 2060 {iffi}

362 2099 440 2158 sese,
465 2039 565 2162 qium
588 2078 675 2164 regio
696 2076 814 2162 agmini
837 2015 1233 2176 peliiilsisquepequitibus
1257 2017 1447 2144 ohcurrunt.

364 2161 415 2227 Ibi
429 2184 502 2227 vero
517 2163 634 2227 clamor
643 2161 826 2261 jubentium
838 2161 950 2226 referre
983 2162 989 2176 '
1015 2183 1055 2224 na
1069 2183 1168 2226 rumae
1184 2174 1331 2246 quoque⁰
1343 2185 1447 2250 prope

362 2247 496 2312 similem
511 2247 751 2334 trepidationem
765 2245 856 2310 fecit:
890 2245 978 2324 ut‚ei
1023 2255 1117 2325 ostes,
1131 2247 1259 2310 introire
1281 2249 1447 2331 angustias

361 2333 441 2412 ausi,
464 2333 590 2418 longius
613 2331 747 2396 insecuti
768 2339 883 2408 essent,
905 2353 937 2392 m
1001 2351 1020 2394 a
1044 2331 1147 2394 clades
1170 2331 1270 2416 accipi
1293 2334 1448 2429 potuerit.

363 2415 495 2495 Consul,
508 2425 634 2500 recepto
655 2438 694 2479 ex
716 2415 840 2479 tumulo
865 2352 1021 2499 praesidio,
1041 2423 1209 2478 contentus
1224 2415 1348 2478 modico
1374 2438 1448 2480 suc-

362 2521 464 2578 cessu,
489 2500 523 2562 in
550 2508 653 2563 castra
676 2499 782 2582 copias
804 2499 938 2562 reduxit.
994 2499 1087 2576 Sunt,
1111 2499 1166 2582 qui
1191 2521 1228 2563 eo
1249 2499 1299 2562 die
1327 2522 1448 2585 magno

385 2583 473 2646 roelio
487 2591 665 2666 pugnatum
680 2590 823 2645 auctores
839 2583 912 2646 sint.
940 2591 1013 2646 octo
1031 2581 1129 2646 millia
1149 2583 1288 2647 hostium
1303 2605 1396 2663 cossa,
1413 2586 1448 2648 in

362 2605 412 2728 iis
428 2665 471 2729 So
512 2673 598 2728 trum
612 2673 645 2728 et
657 2665 862 2763 Antipatrum
877 2665 980 2750 regios
1001 2667 1117 2730 duces=
1140 2667 1228 2730 vivos
1250 2677 1362 2752 captos
1384 2670 1448 2732 cir-

362 2749 439 2813 citer
487 2769 529 2812 uo
558 2749 655 2812 millia
683 2757 892 2832 octmgentos,
922 2750 1014 2834 signa
1042 2751 1188 2814 militaria
1211 2760 1304 2836 capta
1330 2753 1448 2836 viginti

362 2855 395 2897 se
419 2841 493 2896 tem.
537 2833 606 2898 Nec
629 2833 826 2896 incruentam
847 2834 1011 2898 victoriam
1033 2835 1149 2899 fuiseer
1186 2857 1224 2898 su
1248 2857 1282 2898 ra
1307 2847 1450 2921 quatuor

361 2855 460 2982 milia
486 2925 519 2982 et
546 2925 703 2983 trecentos
733 2917 772 2982 de
801 2919 941 2982 exercitu
973 2919 1112 2982 consulis
1151 2858 1316 2984 cecidisse:
1354 2921 1449 3006 signa

362 3003 383 3036 ⁸¹
396 3003 531 3068 sinistrae
545 3003 603 3068 alae
617 3004 757 3088 quinque
772 3003 896 3067 amissa.

200 3093 297 3140 remu.
308 3093 333 3141 in
406 3088 546 3154 LXVII.
571 3089 635 3152 Hic
647 3089 714 3152 dies
727 3097 759 3152 et
775 3087 926 3152 Romanis
938 3088 1046 3151 refecit
1059 3087 1190 3166 animos,
1199 3097 1231 3152 et
1245 3089 1359 3152 Persea
1373 3111 1448 3174 per-

201 3157 324 3232 umus·
363 3173 450 3252 culit,
466 3181 512 3252 ut,
527 3173 594 3236 dies
607 3194 725 3257 paucos
736 3173 776 3236 ad
788 3173 952 3257 Mopsium
963 3180 1112 3252 moratus,
1126 3193 1159 3236 se
1183 3173 1297 3236 ulturae
1308 3173 1448 3237 maxime

200 3221 343 3267 mm
363 3257 500 3320 militum
525 3257 711 3319 amissorum
736 3277 820 3334 cura,
832 3255 982 3354 prasidio
1003 3257 1079 3320 satis
1099 3195 1202 3320 valido
1225 3257 1265 3320 ad
1290 3257 1448 3321 Gonnum

362 3340 481 3418 relicto,
496 3339 529 3401 in
544 3339 765 3402 Macedoniam
779 3350 930 3425 reciperet
952 3340 1067 3425 copias.
1109 3341 1311 3404 Timotheum
1334 3363 1448 3425 quem-

363 3423 436 3487 dam
451 3445 489 3486 ex
503 3444 536 3485 re
560 3422 578 3436 '⁹
610 3423 766 3508 praesectis
774 3445 848 3487 cum
861 3425 984 3489 modica
997 3446 1093 3488 manu
1102 3425 1251 3508 relinquit
1260 3425 1302 3488 ad
1311 3425 1447 3504 Philam,

358 3506 487 3592 jussum
555 3515 685 3591 agnetae
712 3515 745 3570 et
772 3508 968 3593 propinquos
996 3517 1127 3572 tentare.
1186 3509 1296 3575 Quum
1326 3510 1447 3573 Pellam

362 3591 510 3670 venisset,
524 3591 664 3656 exercitu
677 3591 709 3656 in
725 3592 856 3658 hiberna
870 3593 1010 3671 dimisso,
1023 3593 1090 3678 ipse
1106 3615 1178 3656 cum
1194 3593 1295 3678 Cotye
1309 3594 1448 3657 Thessa-

362 3675 497 3740 lonicam
511 3683 561 3741 est
574 3677 744 3762 profectus.
787 3677 837 3740 Eo
857 3677 941 3742 fama
960 3677 1109 3757 adfertur,
1122 3677 1279 3742 Atlesbim
1299 3678 1447 3763 regulum

549 3807 557 3847 ¹
569 3817 664 3861 trecenis
675 3813 747 3860 Gron.
891 3817 913 3845 Μ
926 3815 1013 3860 muto
1023 3814 1095 3860 horss-
1113 3815 1191 3873 a'ageaa
1202 3811 1278 3858 Bell.

373 3877 389 3908 ¹¹
400 3881 425 3922 at
436 3882 554 3938 arumna
566 3877 661 3937 Kreyaa.
693 3879 746 3924 duaa
757 3883 867 3937 atcaaqar
880 3876 957 3922 Bell.
1085 3879 1098 3907 ⁰
1109 3891 1194 3936 qaoque
1206 3876 1272 3921 uncia
1283 3875 1338 3922 incl.
1352 3875 1429 3922 seu.

231 3999 263 4048 Μ
278 4001 316 4048 a:
326 4001 372 4058 alc,
383 4015 450 4062 qaaaa
462 4003 555 4049 Man
565 3999 656 4063 naemu]
674 4003 726 4050 Jam
738 4017 804 4049 men·
836 4002 941 4062 ineptum
953 4011 1004 4058 eat;
1021 4003 1040 4048 ai
1050 4003 1081 4049 ad
1096 4003 1208 4063 captivos,
1219 4017 1302 4065 parum
1314 4003 1447 4050 verisimile.

198 4063 231 4111 tio
250 4064 311 4112 faeta
327 4073 363 4110 eat
382 4067 504 4112 sacrarum
524 4067 614 4112 alarum
636 4081 706 4126 supra
727 4082 746 4112 c.
765 4067 804 4122 aa,
837 4067 932 4125 Aliquid
944 4067 1022 4112 mendi
1035 4067 1107 4113 latere
1118 4067 1217 4113 ridetur.

199 4141 325 4188 rumorque
342 4129 383 4175 fiet
400 4128 486 4175 iniral.
499 4129 612 4176 Xhlv.e.
625 4129 664 4175 ⁴2
698 4131 805 4189 Surpica-
868 4129 900 4176 30
915 4129 1141 4190 Ingeaaihioeaata'o
1149 4133 1225 4190 portia
1238 4125 1366 4190 utrinque]
1385 4129 1447 4174 Tum

198 4205 252 4237 mur
263 4193 314 4238 illas
325 4193 560 4252 equitumalaacirca
571 4193 646 4252 ipsum
658 4207 736 4252 regam
749 4193 803 4239 aoli-
836 4193 965 4252 phalangia,
989 4203 1039 4240 tum
1062 4193 1216 4248 Cretensium,
1238 4193 1277 4252 qui
1300 4193 1449 4238 deducebant

198 4261 295 4302 taaeaae
306 4270 418 4316 pugnare,
431 4257 453 4303 ei
463 4257 551 4302 tuendo
561 4255 681 4316 speciatim
692 4257 804 4312 addictas,
836 4257 937 4317 captivos
960 4265 983 4302 et
1004 4258 1113 4316 predam.
1147 4255 1175 4302 ln
1198 4257 1226 4302 iia
1246 4271 1298 4316 qua
1317 4263 1449 4314 sequuntur

199 4319 262 4364 unde
282 4328 304 4365 et
321 4320 377 4380 ipaia
395 4321 490 4368 tortasse
502 4321 622 4366 moram
639 4333 723 4366 nomen
741 4319 803 4365 indi·
835 4321 949 4379 partleula
959 4322 1011 4366 dum
1022 4335 1051 4366 ea
1064 4319 1175 4366 Gronovii
1186 4327 1265 4366 mente
1276 4321 1366 4380 adjecta
1377 4328 1421 4365 eat.

199 4391 257 4428 tum.
292 4383 340 4429 Nec
359 4383 428 4430 aliarn
446 4397 496 4430 ease
514 4383 620 4429 ducimur
638 4385 724 4442 region
738 4383 805 4438 clm,
869 4383 898 4430 31
918 4383 1022 4430 &bne
1032 4380 1088 4444 oia]
1106 4383 1198 4430 Sinistri
1215 4383 1330 4428 sociorum
1342 4383 1449 4443 peditum

199 4453 350 4492 memoratam
364 4447 429 4494 Livio
440 4448 455 4494 l.
467 4447 591 4494 xxxvll.
603 4461 622 4492 c.
635 4445 672 4492 4⁰.
838 4447 947 4506 corporis.

231 4507 262 4554 29
279 4509 311 4554 lia
330 4507 406 4570 caria]
430 4511 454 4557 si
474 4511 518 4557 hoe
539 4511 624 4558 reseras
642 4511 672 4556 ad
693 4509 806 4566 vehicula,
