<?xml version="1.0" encoding="UTF-8"?>
<!DOCTYPE html PUBLIC "-//W3C//DTD XHTML 1.0 Transitional//EN"
    "http://www.w3.org/TR/xhtml1/DTD/xhtml1-transitional.dtd">
<html xmlns="http://www.w3.org/1999/xhtml" xml:lang="en" lang="en">
 <head>
  <title>
</title>
<meta http-equiv="Content-Type" content="text/html;charset=utf-8" />
  <meta name='ocr-system' content='tesseract 3.04.00' />
  <meta name='ocr-capabilities' content='ocr_page ocr_carea ocr_par ocr_line ocrx_word'/>
</head>
<body>
  <div class='ocr_page' id='page_1' title='image "./tliviipatavinih01crevgoog/tliviipatavinih01crevgoog_0395.png"; bbox 0 0 3118 5002; ppageno 0'>
   <div class='ocr_carea' id='block_1_1' title="bbox 466 396 1402 464">
    <p class='ocr_par' dir='ltr' id='par_1_1' title="bbox 466 396 1402 464">
     <span class='ocr_line' id='line_1_1' title="bbox 466 396 1402 464; baseline 0.002 -4"><span class='ocrx_word' id='word_1_1' title='bbox 466 396 555 462; x_wconf 85' lang='lat' dir='ltr'><strong>LlB.</strong></span> <span class='ocrx_word' id='word_1_2' title='bbox 577 396 688 462; x_wconf 86' lang='lat' dir='ltr'><strong>XLll.</strong></span> <span class='ocrx_word' id='word_1_3' title='bbox 714 399 812 464; x_wconf 85' lang='lat' dir='ltr'><strong>CAP.</strong></span> <span class='ocrx_word' id='word_1_4' title='bbox 834 399 976 464; x_wconf 87' lang='lat' dir='ltr'>LXVII.</span> <span class='ocrx_word' id='word_1_5' title='bbox 1341 401 1402 462; x_wconf 81' lang='lat'><strong>385</strong></span> 
     </span>
    </p>
   </div>
   <div class='ocr_carea' id='block_1_2' title="bbox 151 541 1384 2372">
    <p class='ocr_par' dir='ltr' id='par_1_2' title="bbox 151 541 1384 2372">
     <span class='ocr_line' id='line_1_2' title="bbox 153 541 1384 689; baseline 0.003 -83"><span class='ocrx_word' id='word_1_6' title='bbox 153 542 332 689; x_wconf 56' lang='lat' dir='ltr'><strong>immam}</strong></span> <span class='ocrx_word' id='word_1_7' title='bbox 340 548 373 640; x_wconf 81' lang='lat' dir='ltr'><strong>et</strong></span> <span class='ocrx_word' id='word_1_8' title='bbox 394 541 576 642; x_wconf 40' lang='lat' dir='ltr'><strong>Corragum·</strong></span> <span class='ocrx_word' id='word_1_9' title='bbox 593 544 747 608; x_wconf 85' lang='lat' dir='ltr'><strong>Eumenis</strong></span> <span class='ocrx_word' id='word_1_10' title='bbox 769 545 966 630; x_wconf 86' lang='lat' dir='ltr'><strong>praefectum,</strong></span> <span class='ocrx_word' id='word_1_11' title='bbox 981 545 1015 608; x_wconf 91' lang='lat' dir='ltr'><strong>in</strong></span> <span class='ocrx_word' id='word_1_12' title='bbox 1033 543 1145 630; x_wconf 81' lang='lat' dir='ltr'><strong>Cotyis</strong></span> <span class='ocrx_word' id='word_1_13' title='bbox 1160 545 1239 642; x_wconf 73' lang='lat' dir='ltr'><strong>lines</strong></span> <span class='ocrx_word' id='word_1_14' title='bbox 1253 563 1317 674; x_wconf 66' lang='lat' dir='ltr'><strong>pq.</strong></span> <span class='ocrx_word' id='word_1_15' title='bbox 1330 565 1384 682; x_wconf 69' lang='lat' dir='ltr'><strong>pqp</strong></span> 
     </span>
     <span class='ocr_line' id='line_1_3' title="bbox 152 629 1239 798; baseline 0.003 -25"><span class='ocrx_word' id='word_1_16' title='bbox 152 635 519 794; x_wconf 61' lang='lat' dir='ltr'><strong>tttthtttntt</strong></span> <span class='ocrx_word' id='word_1_17' title='bbox 563 629 1239 798; x_wconf 60' lang='lat' dir='ltr'><strong>ttttalffittltttlsstt‘gttptt</strong></span> 
     </span>
     <span class='ocr_line' id='line_1_4' title="bbox 153 794 1238 878; baseline 0.002 -20"><span class='ocrx_word' id='word_1_18' title='bbox 153 795 346 858; x_wconf 85' lang='lat' dir='ltr'><strong>ficiscentem</strong></span> <span class='ocrx_word' id='word_1_19' title='bbox 370 794 463 858; x_wconf 90' lang='lat' dir='ltr'><strong>donis</strong></span> <span class='ocrx_word' id='word_1_20' title='bbox 484 795 695 878; x_wconf 83' lang='lat' dir='ltr'><strong>prosequitur.</strong></span> <span class='ocrx_word' id='word_1_21' title='bbox 741 797 910 860; x_wconf 77' lang='lat' dir='ltr'><strong>”ducenta</strong></span> <span class='ocrx_word' id='word_1_22' title='bbox 935 798 1063 876; x_wconf 89' lang='lat' dir='ltr'><strong>talenta,</strong></span> <span class='ocrx_word' id='word_1_23' title='bbox 1089 807 1238 860; x_wconf 76' lang='lat' dir='ltr'>semestre</span> 
     </span>
     <span class='ocr_line' id='line_1_5' title="bbox 154 878 1237 966; baseline 0.003 -25"><span class='ocrx_word' id='word_1_24' title='bbox 154 879 357 962; x_wconf 81' lang='lat' dir='ltr'><strong>stipendium,</strong></span> <span class='ocrx_word' id='word_1_25' title='bbox 373 878 527 963; x_wconf 90' lang='lat' dir='ltr'><strong>equitatui</strong></span> <span class='ocrx_word' id='word_1_26' title='bbox 554 888 709 957; x_wconf 87' lang='lat' dir='ltr'><strong>numerat,</strong></span> <span class='ocrx_word' id='word_1_27' title='bbox 729 879 750 910; x_wconf 83' lang='lat'><strong>⁸¹</strong></span> <span class='ocrx_word' id='word_1_28' title='bbox 762 903 862 964; x_wconf 93' lang='lat' dir='ltr'><strong>quum</strong></span> <span class='ocrx_word' id='word_1_29' title='bbox 882 881 985 966; x_wconf 92' lang='lat' dir='ltr'><strong>primo</strong></span> <span class='ocrx_word' id='word_1_30' title='bbox 1007 903 1149 944; x_wconf 91' lang='lat' dir='ltr'><strong>annuum</strong></span> <span class='ocrx_word' id='word_1_31' title='bbox 1164 881 1237 944; x_wconf 89' lang='lat' dir='ltr'><strong>dare</strong></span> 
     </span>
     <span class='ocr_line' id='line_1_6' title="bbox 153 961 1341 1048; baseline 0.001 -22"><span class='ocrx_word' id='word_1_32' title='bbox 153 963 378 1026; x_wconf 88' lang='lat' dir='ltr'><strong>constituisset.</strong></span> <span class='ocrx_word' id='word_1_33' title='bbox 422 962 555 1039; x_wconf 85' lang='lat' dir='ltr'><strong>Consul,</strong></span> <span class='ocrx_word' id='word_1_34' title='bbox 578 972 748 1048; x_wconf 89' lang='lat' dir='ltr'><strong>postquam</strong></span> <span class='ocrx_word' id='word_1_35' title='bbox 772 966 950 1048; x_wconf 80' lang='lat' dir='ltr'><strong>profectum</strong></span> <span class='ocrx_word' id='word_1_36' title='bbox 975 967 1087 1029; x_wconf 88' lang='lat' dir='ltr'><strong>Persea</strong></span> <span class='ocrx_word' id='word_1_37' title='bbox 1108 966 1237 1042; x_wconf 90' lang='lat' dir='ltr'><strong>audivit,</strong></span> <span class='ocrx_word' id='word_1_38' title='bbox 1251 963 1303 1038; x_wconf 69' lang='lat'><strong>⁰9¹·</strong></span> <span class='ocrx_word' id='word_1_39' title='bbox 1316 961 1341 1009; x_wconf 77' lang='lat' dir='ltr'><strong>in</strong></span> 
     </span>
     <span class='ocr_line' id='line_1_7' title="bbox 153 1026 1384 1146; baseline 0.003 -38"><span class='ocrx_word' id='word_1_40' title='bbox 153 1047 194 1109; x_wconf 86' lang='lat' dir='ltr'><strong>ad</strong></span> <span class='ocrx_word' id='word_1_41' title='bbox 210 1045 362 1110; x_wconf 89' lang='lat' dir='ltr'><strong>Gonnum</strong></span> <span class='ocrx_word' id='word_1_42' title='bbox 378 1055 480 1109; x_wconf 91' lang='lat' dir='ltr'><strong>castra</strong></span> <span class='ocrx_word' id='word_1_43' title='bbox 494 1056 608 1125; x_wconf 89' lang='lat' dir='ltr'><strong>movet,</strong></span> <span class='ocrx_word' id='word_1_44' title='bbox 625 1048 651 1109; x_wconf 90' lang='lat' dir='ltr'><strong>si</strong></span> <span class='ocrx_word' id='word_1_45' title='bbox 690 1049 761 1110; x_wconf 92' lang='lat' dir='ltr'><strong>otiri</strong></span> <span class='ocrx_word' id='word_1_46' title='bbox 777 1049 895 1133; x_wconf 93' lang='lat' dir='ltr'><strong>oppido</strong></span> <span class='ocrx_word' id='word_1_47' title='bbox 909 1057 1027 1134; x_wconf 90' lang='lat' dir='ltr'><strong>posset.</strong></span> <span class='ocrx_word' id='word_1_48' title='bbox 1068 1049 1153 1112; x_wconf 77' lang='lat' dir='ltr'><strong>Ante</strong></span> <span class='ocrx_word' id='word_1_49' title='bbox 1168 1026 1384 1146; x_wconf 66' lang='lat' dir='ltr'><strong>ipsah¹b²m⁸⁸⁶</strong></span> 
     </span>
     <span class='ocr_line' id='line_1_8' title="bbox 152 1070 1238 1216; baseline 0.003 -23"><span class='ocrx_word' id='word_1_50' title='bbox 152 1131 271 1216; x_wconf 88' lang='lat' dir='ltr'><strong>Tempe</strong></span> <span class='ocrx_word' id='word_1_51' title='bbox 300 1131 334 1194; x_wconf 89' lang='lat' dir='ltr'><strong>in</strong></span> <span class='ocrx_word' id='word_1_52' title='bbox 363 1130 507 1194; x_wconf 87' lang='lat' dir='ltr'><strong>faucibus</strong></span> <span class='ocrx_word' id='word_1_53' title='bbox 535 1131 643 1208; x_wconf 91' lang='lat' dir='ltr'><strong>situm,</strong></span> <span class='ocrx_word' id='word_1_54' title='bbox 666 1070 868 1196; x_wconf 76' lang='lat' dir='ltr'><strong>lllacedoniae</strong></span> <span class='ocrx_word' id='word_1_55' title='bbox 906 1133 1043 1196; x_wconf 87' lang='lat' dir='ltr'><strong>claustra</strong></span> <span class='ocrx_word' id='word_1_56' title='bbox 1078 1133 1238 1196; x_wconf 83' lang='lat' dir='ltr'><strong>tutissima</strong></span> 
     </span>
     <span class='ocr_line' id='line_1_9' title="bbox 151 1214 1236 1312; baseline 0.001 -34"><span class='ocrx_word' id='word_1_57' title='bbox 151 1215 284 1299; x_wconf 80' lang='lat' dir='ltr'><strong>praebet,</strong></span> <span class='ocrx_word' id='word_1_58' title='bbox 293 1225 325 1278; x_wconf 88' lang='lat' dir='ltr'><strong>et</strong></span> <span class='ocrx_word' id='word_1_59' title='bbox 339 1214 372 1278; x_wconf 89' lang='lat' dir='ltr'><strong>in</strong></span> <span class='ocrx_word' id='word_1_60' title='bbox 383 1214 577 1278; x_wconf 78' lang='lat' dir='ltr'><strong>Thessaliam</strong></span> <span class='ocrx_word' id='word_1_61' title='bbox 587 1224 803 1312; x_wconf 91' lang='lat' dir='ltr'><strong>opportunum</strong></span> <span class='ocrx_word' id='word_1_62' title='bbox 813 1217 1043 1280; x_wconf 82' lang='lat' dir='ltr'><strong>Macedonibus</strong></span> <span class='ocrx_word' id='word_1_63' title='bbox 1058 1217 1236 1280; x_wconf 88' lang='lat' dir='ltr'><strong>decursum.</strong></span> 
     </span>
     <span class='ocr_line' id='line_1_10' title="bbox 153 1299 1236 1384; baseline -0.001 -21"><span class='ocrx_word' id='word_1_64' title='bbox 153 1299 264 1364; x_wconf 78' lang='lat' dir='ltr'><strong>Quum</strong></span> <span class='ocrx_word' id='word_1_65' title='bbox 286 1307 319 1362; x_wconf 90' lang='lat' dir='ltr'><strong>et</strong></span> <span class='ocrx_word' id='word_1_66' title='bbox 340 1299 409 1362; x_wconf 90' lang='lat' dir='ltr'><strong>loco</strong></span> <span class='ocrx_word' id='word_1_67' title='bbox 431 1307 464 1362; x_wconf 89' lang='lat' dir='ltr'><strong>et</strong></span> <span class='ocrx_word' id='word_1_68' title='bbox 510 1299 635 1362; x_wconf 81' lang='lat' dir='ltr'><strong>raesidro</strong></span> <span class='ocrx_word' id='word_1_69' title='bbox 658 1300 760 1364; x_wconf 88' lang='lat' dir='ltr'><strong>valido</strong></span> <span class='ocrx_word' id='word_1_70' title='bbox 775 1299 796 1330; x_wconf 82' lang='lat'><strong>⁸⁴</strong></span> <span class='ocrx_word' id='word_1_71' title='bbox 807 1301 1061 1384; x_wconf 88' lang='lat' dir='ltr'><strong>inexpugnabilis</strong></span> <span class='ocrx_word' id='word_1_72' title='bbox 1075 1322 1124 1362; x_wconf 90' lang='lat' dir='ltr'><strong>res</strong></span> <span class='ocrx_word' id='word_1_73' title='bbox 1144 1309 1236 1378; x_wconf 90' lang='lat' dir='ltr'><strong>esset,</strong></span> 
     </span>
     <span class='ocr_line' id='line_1_11' title="bbox 153 1321 1237 1468; baseline 0.001 -23"><span class='ocrx_word' id='word_1_74' title='bbox 153 1383 277 1446; x_wconf 87' lang='lat' dir='ltr'><strong>abstitit</strong></span> <span class='ocrx_word' id='word_1_75' title='bbox 303 1383 439 1468; x_wconf 85' lang='lat' dir='ltr'><strong>incepto.</strong></span> <span class='ocrx_word' id='word_1_76' title='bbox 484 1321 522 1446; x_wconf 82' lang='lat' dir='ltr'><strong>ln</strong></span> <span class='ocrx_word' id='word_1_77' title='bbox 554 1383 766 1448; x_wconf 83' lang='lat' dir='ltr'><strong>Perrhaebiam</strong></span> <span class='ocrx_word' id='word_1_78' title='bbox 794 1385 882 1448; x_wconf 86' lang='lat' dir='ltr'><strong>flexis</strong></span> <span class='ocrx_word' id='word_1_79' title='bbox 912 1385 1087 1462; x_wconf 82' lang='lat' dir='ltr'><strong>itineribus,</strong></span> <span class='ocrx_word' id='word_1_80' title='bbox 1105 1385 1237 1447; x_wconf 88' lang='lat' dir='ltr'><strong>Malloea</strong></span> 
     </span>
     <span class='ocr_line' id='line_1_12' title="bbox 152 1466 1237 1554; baseline 0.001 -25"><span class='ocrx_word' id='word_1_81' title='bbox 152 1467 257 1550; x_wconf 91' lang='lat' dir='ltr'><strong>primo</strong></span> <span class='ocrx_word' id='word_1_82' title='bbox 284 1466 316 1530; x_wconf 91' lang='lat' dir='ltr'><strong>in</strong></span> <span class='ocrx_word' id='word_1_83' title='bbox 357 1475 395 1530; x_wconf 94' lang='lat' dir='ltr'><strong>tu</strong></span> <span class='ocrx_word' id='word_1_84' title='bbox 421 1474 513 1552; x_wconf 90' lang='lat' dir='ltr'><strong>capta</strong></span> <span class='ocrx_word' id='word_1_85' title='bbox 542 1489 578 1530; x_wconf 88' lang='lat' dir='ltr'><strong>ac</strong></span> <span class='ocrx_word' id='word_1_86' title='bbox 604 1468 737 1554; x_wconf 83' lang='lat' dir='ltr'><strong>direpta,</strong></span> <span class='ocrx_word' id='word_1_87' title='bbox 765 1469 885 1553; x_wconf 90' lang='lat' dir='ltr'><strong>Tripoli</strong></span> <span class='ocrx_word' id='word_1_88' title='bbox 913 1469 1035 1552; x_wconf 87' lang='lat' dir='ltr'><strong>aliaque</strong></span> <span class='ocrx_word' id='word_1_89' title='bbox 1059 1469 1237 1532; x_wconf 89' lang='lat' dir='ltr'><strong>Perrhaebia</strong></span> 
     </span>
     <span class='ocr_line' id='line_1_13' title="bbox 153 1551 1236 1648; baseline 0 -34"><span class='ocrx_word' id='word_1_90' title='bbox 153 1558 290 1648; x_wconf 86' lang='lat' dir='ltr'><strong>recepta,</strong></span> <span class='ocrx_word' id='word_1_91' title='bbox 368 1551 461 1615; x_wconf 88' lang='lat' dir='ltr'><strong>&#39;asam</strong></span> <span class='ocrx_word' id='word_1_92' title='bbox 482 1551 584 1615; x_wconf 92' lang='lat' dir='ltr'><strong>rediit.</strong></span> <span class='ocrx_word' id='word_1_93' title='bbox 613 1551 686 1615; x_wconf 90' lang='lat' dir='ltr'><strong>inde</strong></span> <span class='ocrx_word' id='word_1_94' title='bbox 708 1553 852 1616; x_wconf 85' lang='lat' dir='ltr'><strong>Eumene</strong></span> <span class='ocrx_word' id='word_1_95' title='bbox 874 1561 968 1636; x_wconf 90' lang='lat' dir='ltr'><strong>atque</strong></span> <span class='ocrx_word' id='word_1_96' title='bbox 982 1553 1091 1616; x_wconf 89' lang='lat' dir='ltr'><strong>Attalo</strong></span> <span class='ocrx_word' id='word_1_97' title='bbox 1105 1553 1236 1616; x_wconf 91' lang='lat' dir='ltr'><strong>domum</strong></span> 
     </span>
     <span class='ocr_line' id='line_1_14' title="bbox 153 1635 1235 1734; baseline 0.001 -37"><span class='ocrx_word' id='word_1_98' title='bbox 153 1635 302 1712; x_wconf 75' lang='lat' dir='ltr'><strong>remissis,</strong></span> <span class='ocrx_word' id='word_1_99' title='bbox 330 1635 528 1734; x_wconf 76' lang='lat' dir='ltr'><strong>Misagenem</strong></span> <span class='ocrx_word' id='word_1_100' title='bbox 557 1637 776 1720; x_wconf 89' lang='lat' dir='ltr'><strong>Numidasque</strong></span> <span class='ocrx_word' id='word_1_101' title='bbox 801 1637 834 1700; x_wconf 93' lang='lat' dir='ltr'><strong>in</strong></span> <span class='ocrx_word' id='word_1_102' title='bbox 870 1637 1002 1700; x_wconf 90' lang='lat' dir='ltr'><strong>hiberna</strong></span> <span class='ocrx_word' id='word_1_103' title='bbox 1027 1637 1060 1700; x_wconf 90' lang='lat' dir='ltr'><strong>in</strong></span> <span class='ocrx_word' id='word_1_104' title='bbox 1085 1635 1235 1721; x_wconf 88' lang='lat' dir='ltr'><strong>proximis</strong></span> 
     </span>
     <span class='ocr_line' id='line_1_15' title="bbox 152 1719 1237 1805; baseline 0.001 -23"><span class='ocrx_word' id='word_1_105' title='bbox 152 1719 335 1783; x_wconf 59' lang='lat' dir='ltr'><strong>Thessalis!</strong></span> <span class='ocrx_word' id='word_1_106' title='bbox 357 1720 491 1784; x_wconf 78' lang='lat' dir='ltr'><strong>urbibus</strong></span> <span class='ocrx_word' id='word_1_107' title='bbox 517 1719 687 1784; x_wconf 82' lang='lat' dir='ltr'><strong>distribuit.</strong></span> <span class='ocrx_word' id='word_1_108' title='bbox 727 1731 759 1784; x_wconf 91' lang='lat' dir='ltr'><strong>et</strong></span> <span class='ocrx_word' id='word_1_109' title='bbox 786 1729 909 1805; x_wconf 87' lang='lat' dir='ltr'><strong>partem</strong></span> <span class='ocrx_word' id='word_1_110' title='bbox 936 1721 1092 1784; x_wconf 87' lang='lat' dir='ltr'><strong>exercitus</strong></span> <span class='ocrx_word' id='word_1_111' title='bbox 1115 1721 1159 1783; x_wconf 87' lang='lat' dir='ltr'><strong>ita</strong></span> <span class='ocrx_word' id='word_1_112' title='bbox 1179 1742 1237 1804; x_wconf 88' lang='lat' dir='ltr'><strong>per</strong></span> 
     </span>
     <span class='ocr_line' id='line_1_16' title="bbox 152 1804 1235 1882; baseline 0.001 -16"><span class='ocrx_word' id='word_1_113' title='bbox 152 1811 253 1866; x_wconf 90' lang='lat' dir='ltr'><strong>totam</strong></span> <span class='ocrx_word' id='word_1_114' title='bbox 279 1804 473 1868; x_wconf 82' lang='lat' dir='ltr'><strong>Thessaliam</strong></span> <span class='ocrx_word' id='word_1_115' title='bbox 503 1804 619 1882; x_wconf 89' lang='lat' dir='ltr'><strong>divisit,</strong></span> <span class='ocrx_word' id='word_1_116' title='bbox 648 1813 686 1868; x_wconf 89' lang='lat' dir='ltr'><strong>ut</strong></span> <span class='ocrx_word' id='word_1_117' title='bbox 713 1814 745 1868; x_wconf 92' lang='lat' dir='ltr'><strong>et</strong></span> <span class='ocrx_word' id='word_1_118' title='bbox 772 1805 904 1869; x_wconf 88' lang='lat' dir='ltr'><strong>hiberna</strong></span> <span class='ocrx_word' id='word_1_119' title='bbox 932 1805 1097 1868; x_wconf 91' lang='lat' dir='ltr'><strong>commoda</strong></span> <span class='ocrx_word' id='word_1_120' title='bbox 1125 1826 1235 1868; x_wconf 91' lang='lat' dir='ltr'><strong>omncs</strong></span> 
     </span>
     <span class='ocr_line' id='line_1_17' title="bbox 152 1884 1235 1974; baseline 0.001 -23"><span class='ocrx_word' id='word_1_121' title='bbox 152 1888 362 1966; x_wconf 68' lang='lat' dir='ltr'><strong>haberentet</strong></span> <span class='ocrx_word' id='word_1_122' title='bbox 383 1888 530 1974; x_wconf 86' lang='lat' dir='ltr'><strong>praesidio</strong></span> <span class='ocrx_word' id='word_1_123' title='bbox 553 1889 686 1952; x_wconf 89' lang='lat' dir='ltr'><strong>urbibus</strong></span> <span class='ocrx_word' id='word_1_124' title='bbox 708 1897 823 1953; x_wconf 85' lang='lat' dir='ltr'><strong>essent.</strong></span> <span class='ocrx_word' id='word_1_125' title='bbox 867 1890 909 1955; x_wconf 74' lang='lat' dir='ltr'><strong>Q.</strong></span> <span class='ocrx_word' id='word_1_126' title='bbox 929 1889 1075 1952; x_wconf 88' lang='lat' dir='ltr'><strong>Mucium</strong></span> <span class='ocrx_word' id='word_1_127' title='bbox 1096 1884 1235 1974; x_wconf 85' lang='lat' dir='ltr'><strong>le&#39;gatum</strong></span> 
     </span>
     <span class='ocr_line' id='line_1_18' title="bbox 153 1973 1236 2037; baseline 0.002 -3"><span class='ocrx_word' id='word_1_128' title='bbox 153 1993 227 2034; x_wconf 93' lang='lat' dir='ltr'><strong>cum</strong></span> <span class='ocrx_word' id='word_1_129' title='bbox 240 1973 365 2037; x_wconf 90' lang='lat' dir='ltr'><strong>duobus</strong></span> <span class='ocrx_word' id='word_1_130' title='bbox 380 1973 519 2036; x_wconf 90' lang='lat' dir='ltr'><strong>millibus</strong></span> <span class='ocrx_word' id='word_1_131' title='bbox 532 1973 572 2036; x_wconf 92' lang='lat' dir='ltr'><strong>ad</strong></span> <span class='ocrx_word' id='word_1_132' title='bbox 587 1973 790 2037; x_wconf 88' lang='lat' dir='ltr'><strong>obtinendam</strong></span> <span class='ocrx_word' id='word_1_133' title='bbox 804 1973 1004 2036; x_wconf 87' lang='lat' dir='ltr'><strong>Ambraciam</strong></span> <span class='ocrx_word' id='word_1_134' title='bbox 1016 1973 1112 2036; x_wconf 89' lang='lat' dir='ltr'><strong>misit.</strong></span> <span class='ocrx_word' id='word_1_135' title='bbox 1145 1973 1236 2037; x_wconf 88' lang='lat' dir='ltr'><strong>Grae-</strong></span> 
     </span>
     <span class='ocr_line' id='line_1_19' title="bbox 153 2057 1236 2143; baseline 0.002 -25"><span class='ocrx_word' id='word_1_136' title='bbox 153 2077 263 2118; x_wconf 87' lang='lat' dir='ltr'><strong>carum</strong></span> <span class='ocrx_word' id='word_1_137' title='bbox 276 2057 452 2121; x_wconf 87' lang='lat' dir='ltr'><strong>eivitatium</strong></span> <span class='ocrx_word' id='word_1_138' title='bbox 467 2057 568 2120; x_wconf 80' lang='lat' dir='ltr'><strong>socios</strong></span> <span class='ocrx_word' id='word_1_139' title='bbox 591 2079 700 2122; x_wconf 93' lang='lat' dir='ltr'><strong>omues</strong></span> <span class='ocrx_word' id='word_1_140' title='bbox 721 2065 837 2143; x_wconf 87' lang='lat' dir='ltr'><strong>praeter</strong></span> <span class='ocrx_word' id='word_1_141' title='bbox 850 2059 987 2121; x_wconf 84' lang='lat' dir='ltr'><strong>Achaeos</strong></span> <span class='ocrx_word' id='word_1_142' title='bbox 1002 2057 1131 2120; x_wconf 84' lang='lat' dir='ltr'><strong>dimisit.</strong></span> <span class='ocrx_word' id='word_1_143' title='bbox 1162 2079 1236 2120; x_wconf 90' lang='lat' dir='ltr'><strong>cum</strong></span> 
     </span>
     <span class='ocr_line' id='line_1_20' title="bbox 153 2140 1236 2372; baseline 0.001 -170"><span class='ocrx_word' id='word_1_144' title='bbox 153 2141 309 2204; x_wconf 85' lang='lat' dir='ltr'><strong>exercitus</strong></span> <span class='ocrx_word' id='word_1_145' title='bbox 332 2150 430 2372; x_wconf 45' lang='grc' dir='ltr'>Ψ</span> <span class='ocrx_word' id='word_1_146' title='bbox 454 2142 615 2226; x_wconf 78' lang='lat' dir='ltr'><strong>proiectus</strong></span> <span class='ocrx_word' id='word_1_147' title='bbox 647 2143 681 2206; x_wconf 93' lang='lat' dir='ltr'><strong>in</strong></span> <span class='ocrx_word' id='word_1_148' title='bbox 704 2141 856 2206; x_wconf 85' lang='lat' dir='ltr'><strong>Achaiam</strong></span> <span class='ocrx_word' id='word_1_149' title='bbox 882 2141 1068 2220; x_wconf 89' lang='lat' dir='ltr'><strong>Phthiotim,</strong></span> <span class='ocrx_word' id='word_1_150' title='bbox 1093 2140 1236 2204; x_wconf 91' lang='lat' dir='ltr'><strong>Pteleum</strong></span> 
     </span>
    </p>
   </div>
   <div class='ocr_carea' id='block_1_3' title="bbox 154 2224 1237 2311">
    <p class='ocr_par' dir='ltr' id='par_1_3' title="bbox 154 2224 1237 2311">
     <span class='ocr_line' id='line_1_21' title="bbox 154 2224 1237 2311; baseline -0.001 -24"><span class='ocrx_word' id='word_1_151' title='bbox 154 2224 314 2288; x_wconf 90' lang='lat' dir='ltr'><strong>desertum</strong></span> <span class='ocrx_word' id='word_1_152' title='bbox 432 2226 663 2311; x_wconf 87' lang='lat' dir='ltr'><strong>oppidanorum</strong></span> <span class='ocrx_word' id='word_1_153' title='bbox 688 2227 786 2290; x_wconf 92' lang='lat' dir='ltr'><strong>diruit</strong></span> <span class='ocrx_word' id='word_1_154' title='bbox 811 2247 830 2288; x_wconf 92' lang='lat' dir='ltr'><strong>a</strong></span> <span class='ocrx_word' id='word_1_155' title='bbox 853 2225 1077 2304; x_wconf 83' lang='lat' dir='ltr'><strong>fundamentis,</strong></span> <span class='ocrx_word' id='word_1_156' title='bbox 1091 2225 1237 2288; x_wconf 85' lang='lat' dir='ltr'><strong>Antrona</strong></span> 
     </span>
    </p>
   </div>
   <div class='ocr_carea' id='block_1_4' title="bbox 1250 1091 1346 1136">
    <p class='ocr_par' dir='ltr' id='par_1_4' title="bbox 1250 1091 1346 1136">
     <span class='ocr_line' id='line_1_22' title="bbox 1250 1091 1346 1136; baseline 0 0"><span class='ocrx_word' id='word_1_157' title='bbox 1250 1091 1346 1136; x_wconf 77' lang='lat' dir='ltr'><strong>confert.</strong></span> 
     </span>
    </p>
   </div>
   <div class='ocr_carea' id='block_1_5' title="bbox 152 2307 1238 3070">
    <p class='ocr_par' dir='ltr' id='par_1_5' title="bbox 152 2307 1238 3070">
     <span class='ocr_line' id='line_1_23' title="bbox 153 2307 1237 2395; baseline -0.002 -24"><span class='ocrx_word' id='word_1_158' title='bbox 153 2307 316 2373; x_wconf 88' lang='lat' dir='ltr'><strong>voluntate</strong></span> <span class='ocrx_word' id='word_1_159' title='bbox 330 2332 367 2374; x_wconf 91' lang='lat' dir='ltr'><strong>co</strong></span> <span class='ocrx_word' id='word_1_160' title='bbox 379 2309 500 2374; x_wconf 90' lang='lat' dir='ltr'><strong>entium</strong></span> <span class='ocrx_word' id='word_1_161' title='bbox 515 2311 643 2395; x_wconf 89' lang='lat' dir='ltr'><strong>recepit.</strong></span> <span class='ocrx_word' id='word_1_162' title='bbox 684 2311 737 2374; x_wconf 86' lang='lat' dir='ltr'><strong>Ad</strong></span> <span class='ocrx_word' id='word_1_163' title='bbox 752 2309 911 2373; x_wconf 88' lang='lat' dir='ltr'><strong>Larissam</strong></span> <span class='ocrx_word' id='word_1_164' title='bbox 933 2309 1045 2372; x_wconf 92' lang='lat' dir='ltr'><strong>deinde</strong></span> <span class='ocrx_word' id='word_1_165' title='bbox 1066 2307 1237 2370; x_wconf 87' lang='lat' dir='ltr'><strong>exercitum</strong></span> 
     </span>
     <span class='ocr_line' id='line_1_24' title="bbox 153 2391 1237 2474; baseline -0.001 -18"><span class='ocrx_word' id='word_1_166' title='bbox 153 2393 303 2458; x_wconf 90' lang='lat' dir='ltr'><strong>admovit.</strong></span> <span class='ocrx_word' id='word_1_167' title='bbox 327 2395 404 2458; x_wconf 92' lang='lat' dir='ltr'><strong>urbs</strong></span> <span class='ocrx_word' id='word_1_168' title='bbox 419 2395 542 2459; x_wconf 90' lang='lat' dir='ltr'><strong>deserta</strong></span> <span class='ocrx_word' id='word_1_169' title='bbox 556 2403 640 2474; x_wconf 83' lang='lat' dir='ltr'><strong>erat3</strong></span> <span class='ocrx_word' id='word_1_170' title='bbox 661 2393 695 2458; x_wconf 92' lang='lat' dir='ltr'><strong>in</strong></span> <span class='ocrx_word' id='word_1_171' title='bbox 719 2416 821 2458; x_wconf 88' lang='lat' dir='ltr'><strong>arcem</strong></span> <span class='ocrx_word' id='word_1_172' title='bbox 840 2392 943 2457; x_wconf 87' lang='lat' dir='ltr'><strong>omnis</strong></span> <span class='ocrx_word' id='word_1_173' title='bbox 968 2391 1139 2456; x_wconf 89' lang='lat' dir='ltr'><strong>multitudo</strong></span> <span class='ocrx_word' id='word_1_174' title='bbox 1162 2413 1237 2456; x_wconf 92' lang='lat' dir='ltr'><strong>con·</strong></span> 
     </span>
     <span class='ocr_line' id='line_1_25' title="bbox 153 2476 1237 2564; baseline -0.004 -22"><span class='ocrx_word' id='word_1_175' title='bbox 153 2487 307 2542; x_wconf 85' lang='lat' dir='ltr'><strong>cesserat:</strong></span> <span class='ocrx_word' id='word_1_176' title='bbox 330 2500 399 2542; x_wconf 92' lang='lat' dir='ltr'><strong>eam</strong></span> <span class='ocrx_word' id='word_1_177' title='bbox 414 2479 597 2564; x_wconf 82' lang='lat' dir='ltr'><strong>obpugnare</strong></span> <span class='ocrx_word' id='word_1_178' title='bbox 618 2479 808 2564; x_wconf 85' lang='lat' dir='ltr'><strong>adgreditur.</strong></span> <span class='ocrx_word' id='word_1_179' title='bbox 853 2478 950 2542; x_wconf 91' lang='lat' dir='ltr'><strong>Primi</strong></span> <span class='ocrx_word' id='word_1_180' title='bbox 971 2477 1113 2541; x_wconf 90' lang='lat' dir='ltr'><strong>omnium</strong></span> <span class='ocrx_word' id='word_1_181' title='bbox 1129 2476 1237 2538; x_wconf 89' lang='lat' dir='ltr'><strong>Maee-</strong></span> 
     </span>
     <span class='ocr_line' id='line_1_26' title="bbox 154 2559 1237 2648; baseline -0.002 -24"><span class='ocrx_word' id='word_1_182' title='bbox 154 2563 264 2642; x_wconf 89' lang='lat' dir='ltr'><strong>dones,</strong></span> <span class='ocrx_word' id='word_1_183' title='bbox 276 2563 397 2648; x_wconf 83' lang='lat' dir='ltr'><strong>regium</strong></span> <span class='ocrx_word' id='word_1_184' title='bbox 435 2563 605 2642; x_wconf 85' lang='lat' dir='ltr'><strong>raesidium,</strong></span> <span class='ocrx_word' id='word_1_185' title='bbox 626 2573 714 2627; x_wconf 91' lang='lat' dir='ltr'><strong>metu</strong></span> <span class='ocrx_word' id='word_1_186' title='bbox 737 2570 944 2628; x_wconf 84' lang='lat' dir='ltr'><strong>excesserant.</strong></span> <span class='ocrx_word' id='word_1_187' title='bbox 974 2561 1123 2645; x_wconf 88' lang='lat' dir='ltr'><strong>aquibus</strong></span> <span class='ocrx_word' id='word_1_188' title='bbox 1136 2559 1237 2622; x_wconf 91' lang='lat' dir='ltr'><strong>relicti</strong></span> 
     </span>
     <span class='ocr_line' id='line_1_27' title="bbox 154 2585 1236 2731; baseline -0.005 -21"><span class='ocrx_word' id='word_1_189' title='bbox 154 2647 305 2731; x_wconf 89' lang='lat' dir='ltr'><strong>oppidani</strong></span> <span class='ocrx_word' id='word_1_190' title='bbox 333 2647 367 2711; x_wconf 94' lang='lat' dir='ltr'><strong>in</strong></span> <span class='ocrx_word' id='word_1_191' title='bbox 397 2585 588 2712; x_wconf 57' lang='lat' dir='ltr'><strong>titutionem</strong></span> <span class='ocrx_word' id='word_1_192' title='bbox 616 2657 719 2712; x_wconf 87' lang='lat' dir='ltr'><strong>extem</strong></span> <span class='ocrx_word' id='word_1_193' title='bbox 743 2649 774 2711; x_wconf 93' lang='lat' dir='ltr'><strong>lo</strong></span> <span class='ocrx_word' id='word_1_194' title='bbox 798 2647 940 2712; x_wconf 87' lang='lat' dir='ltr'><strong>veniunt.</strong></span> <span class='ocrx_word' id='word_1_195' title='bbox 984 2645 1133 2710; x_wconf 90' lang='lat' dir='ltr'><strong>Dubitari</strong></span> <span class='ocrx_word' id='word_1_196' title='bbox 1153 2644 1236 2722; x_wconf 92' lang='lat' dir='ltr'><strong>inde,</strong></span> 
     </span>
     <span class='ocr_line' id='line_1_28' title="bbox 153 2727 1238 2818; baseline -0.003 -24"><span class='ocrx_word' id='word_1_197' title='bbox 153 2740 262 2794; x_wconf 85' lang='lat' dir='ltr'><strong>utrum</strong></span> <span class='ocrx_word' id='word_1_198' title='bbox 292 2733 469 2796; x_wconf 88' lang='lat' dir='ltr'><strong>Demetrias</strong></span> <span class='ocrx_word' id='word_1_199' title='bbox 497 2732 587 2818; x_wconf 87' lang='lat' dir='ltr'><strong>prius</strong></span> <span class='ocrx_word' id='word_1_200' title='bbox 614 2733 708 2817; x_wconf 82' lang='lat' dir='ltr'><strong>adgre</strong></span> <span class='ocrx_word' id='word_1_201' title='bbox 733 2733 824 2796; x_wconf 89' lang='lat' dir='ltr'><strong>&#39;enda</strong></span> <span class='ocrx_word' id='word_1_202' title='bbox 856 2733 946 2810; x_wconf 87' lang='lat' dir='ltr'><strong>foret,</strong></span> <span class='ocrx_word' id='word_1_203' title='bbox 975 2753 1016 2794; x_wconf 89' lang='lat' dir='ltr'><strong>an</strong></span> <span class='ocrx_word' id='word_1_204' title='bbox 1043 2731 1077 2794; x_wconf 92' lang='lat' dir='ltr'><strong>in</strong></span> <span class='ocrx_word' id='word_1_205' title='bbox 1114 2727 1238 2793; x_wconf 78' lang='lat' dir='ltr'><strong>Boeotia</strong></span> 
     </span>
     <span class='ocr_line' id='line_1_29' title="bbox 152 2813 1237 2914; baseline -0.003 -36"><span class='ocrx_word' id='word_1_206' title='bbox 152 2815 420 2914; x_wconf 72' lang='lat' dir='ltr'><strong>&#39;‘adspiciendae‘l</strong></span> <span class='ocrx_word' id='word_1_207' title='bbox 444 2838 504 2880; x_wconf 88' lang='lat' dir='ltr'><strong>res.</strong></span> <span class='ocrx_word' id='word_1_208' title='bbox 546 2817 700 2895; x_wconf 91' lang='lat' dir='ltr'><strong>Thebani,</strong></span> <span class='ocrx_word' id='word_1_209' title='bbox 718 2815 906 2880; x_wconf 89' lang='lat' dir='ltr'><strong>vexantibus</strong></span> <span class='ocrx_word' id='word_1_210' title='bbox 928 2836 982 2878; x_wconf 88' lang='lat' dir='ltr'><strong>eos</strong></span> <span class='ocrx_word' id='word_1_211' title='bbox 1007 2813 1179 2891; x_wconf 79' lang='lat' dir='ltr'><strong>Coronaeis,</strong></span> <span class='ocrx_word' id='word_1_212' title='bbox 1203 2813 1237 2876; x_wconf 90' lang='lat' dir='ltr'><strong>in</strong></span> 
     </span>
     <span class='ocr_line' id='line_1_30' title="bbox 152 2897 1238 2985; baseline -0.004 -21"><span class='ocrx_word' id='word_1_213' title='bbox 152 2900 311 2964; x_wconf 82' lang='lat' dir='ltr'><strong>Boeotram</strong></span> <span class='ocrx_word' id='word_1_214' title='bbox 324 2901 532 2966; x_wconf 83' lang='lat' dir='ltr'><strong>arcessebant.</strong></span> <span class='ocrx_word' id='word_1_215' title='bbox 559 2901 600 2964; x_wconf 89' lang='lat' dir='ltr'><strong>od</strong></span> <span class='ocrx_word' id='word_1_216' title='bbox 614 2902 728 2964; x_wconf 88' lang='lat' dir='ltr'><strong>horum</strong></span> <span class='ocrx_word' id='word_1_217' title='bbox 745 2921 865 2985; x_wconf 89' lang='lat' dir='ltr'><strong>preces,</strong></span> <span class='ocrx_word' id='word_1_218' title='bbox 880 2899 954 2982; x_wconf 91' lang='lat' dir='ltr'><strong>quia</strong></span> <span class='ocrx_word' id='word_1_219' title='bbox 974 2897 1114 2962; x_wconf 89' lang='lat' dir='ltr'><strong>hibernis</strong></span> <span class='ocrx_word' id='word_1_220' title='bbox 1135 2897 1238 2982; x_wconf 86' lang='lat' dir='ltr'><strong>aptior</strong></span> 
     </span>
     <span class='ocr_line' id='line_1_31' title="bbox 152 2982 969 3070; baseline -0.006 -21"><span class='ocrx_word' id='word_1_221' title='bbox 152 2985 250 3070; x_wconf 86' lang='lat' dir='ltr'><strong>regio,</strong></span> <span class='ocrx_word' id='word_1_222' title='bbox 265 3007 361 3070; x_wconf 89' lang='lat' dir='ltr'><strong>quam</strong></span> <span class='ocrx_word' id='word_1_223' title='bbox 376 2985 543 3070; x_wconf 82' lang='lat' dir='ltr'><strong>Magnesia</strong></span> <span class='ocrx_word' id='word_1_224' title='bbox 556 2993 633 3064; x_wconf 91' lang='lat' dir='ltr'><strong>erat,</strong></span> <span class='ocrx_word' id='word_1_225' title='bbox 647 2985 681 3048; x_wconf 88' lang='lat' dir='ltr'><strong>in</strong></span> <span class='ocrx_word' id='word_1_226' title='bbox 696 2985 853 3048; x_wconf 87' lang='lat' dir='ltr'><strong>Boeotiarn</strong></span> <span class='ocrx_word' id='word_1_227' title='bbox 868 2982 969 3045; x_wconf 92' lang='lat' dir='ltr'><strong>duxit.</strong></span> 
     </span>
    </p>
   </div>
   <div class='ocr_carea' id='block_1_6' title="bbox 344 3111 1040 3216">
    <p class='ocr_par' dir='ltr' id='par_1_6' title="bbox 344 3111 1040 3216">
     <span class='ocr_line' id='line_1_32' title="bbox 344 3111 1040 3216; baseline -0.003 -14"><span class='ocrx_word' id='word_1_228' title='bbox 344 3161 359 3202; x_wconf 77' lang='lat' dir='ltr'><strong>P</strong></span> <span class='ocrx_word' id='word_1_229' title='bbox 374 3155 492 3204; x_wconf 67' lang='lat' dir='ltr'><strong>stranda</strong></span> <span class='ocrx_word' id='word_1_230' title='bbox 504 3157 577 3204; x_wconf 82' lang='lat' dir='ltr'><strong>Gran.</strong></span> <span class='ocrx_word' id='word_1_231' title='bbox 589 3157 656 3204; x_wconf 74' lang='lat' dir='ltr'><strong>cres.</strong></span> <span class='ocrx_word' id='word_1_232' title='bbox 785 3161 799 3200; x_wconf 76' lang='lat' dir='ltr'><strong>t</strong></span> <span class='ocrx_word' id='word_1_233' title='bbox 811 3111 962 3216; x_wconf 72' lang='lat' dir='ltr'><strong>adipiscenda</strong></span> <span class='ocrx_word' id='word_1_234' title='bbox 974 3153 1040 3200; x_wconf 71' lang='lat' dir='ltr'><strong>Eud.</strong></span> 
     </span>
    </p>
   </div>
   <div class='ocr_carea' id='block_1_7' title="bbox 151 3299 1401 3734">
    <p class='ocr_par' dir='ltr' id='par_1_7' title="bbox 151 3299 1401 3424">
     <span class='ocr_line' id='line_1_33' title="bbox 185 3299 1401 3368; baseline -0.002 -17"><span class='ocrx_word' id='word_1_235' title='bbox 185 3305 218 3351; x_wconf 62' lang='grc' dir='ltr'><strong>Μ</strong></span> <span class='ocrx_word' id='word_1_236' title='bbox 234 3305 338 3352; x_wconf 65' lang='lat' dir='ltr'><strong>massa</strong></span> <span class='ocrx_word' id='word_1_237' title='bbox 350 3303 447 3368; x_wconf 65' lang='lat' dir='ltr'><strong>uuna]</strong></span> <span class='ocrx_word' id='word_1_238' title='bbox 466 3307 556 3353; x_wconf 69' lang='lat' dir='ltr'><strong>lineas</strong></span> <span class='ocrx_word' id='word_1_239' title='bbox 568 3306 659 3366; x_wconf 71' lang='lat' dir='ltr'><strong>argenti</strong></span> <span class='ocrx_word' id='word_1_240' title='bbox 670 3314 760 3353; x_wconf 74' lang='lat' dir='ltr'><strong>nortm-</strong></span> <span class='ocrx_word' id='word_1_241' title='bbox 824 3306 857 3352; x_wconf 75' lang='grc'><strong>34</strong></span> <span class='ocrx_word' id='word_1_242' title='bbox 873 3305 1057 3368; x_wconf 66' lang='lat' dir='ltr'><strong>irrepugnabili·</strong></span> <span class='ocrx_word' id='word_1_243' title='bbox 1074 3299 1123 3365; x_wconf 79' lang='lat' dir='ltr'><strong>ras]</strong></span> <span class='ocrx_word' id='word_1_244' title='bbox 1142 3303 1205 3364; x_wconf 67' lang='lat' dir='ltr'><strong>tege</strong></span> <span class='ocrx_word' id='word_1_245' title='bbox 1219 3317 1273 3350; x_wconf 85' lang='lat' dir='ltr'><strong>cam</strong></span> <span class='ocrx_word' id='word_1_246' title='bbox 1284 3301 1401 3350; x_wconf 80' lang='lat' dir='ltr'><strong>Graoorlo</strong></span> 
     </span>
     <span class='ocr_line' id='line_1_34' title="bbox 151 3369 853 3424; baseline 0 -8"><span class='ocrx_word' id='word_1_247' title='bbox 151 3377 188 3416; x_wconf 78' lang='lat' dir='ltr'><strong>tea</strong></span> <span class='ocrx_word' id='word_1_248' title='bbox 203 3369 292 3424; x_wconf 59' lang='lat' dir='ltr'><strong>lhdht).</strong></span> <span class='ocrx_word' id='word_1_249' title='bbox 792 3371 853 3416; x_wconf 74' lang='lat' dir='ltr'><strong>urhe.</strong></span> 
     </span>
    </p>

    <p class='ocr_par' dir='ltr' id='par_1_8' title="bbox 151 3426 1401 3734">
     <span class='ocr_line' id='line_1_35' title="bbox 185 3426 1401 3493; baseline -0.002 -15"><span class='ocrx_word' id='word_1_250' title='bbox 185 3431 218 3478; x_wconf 72' lang='grc'><strong>33</strong></span> <span class='ocrx_word' id='word_1_251' title='bbox 236 3433 308 3482; x_wconf 74' lang='lat' dir='ltr'><strong>Quam</strong></span> <span class='ocrx_word' id='word_1_252' title='bbox 324 3435 397 3492; x_wconf 69' lang='lat' dir='ltr'><strong>priua</strong></span> <span class='ocrx_word' id='word_1_253' title='bbox 412 3448 510 3480; x_wconf 73' lang='lat' dir='ltr'><strong>maan</strong></span> <span class='ocrx_word' id='word_1_254' title='bbox 528 3433 584 3480; x_wconf 81' lang='lat' dir='ltr'><strong>dore</strong></span> <span class='ocrx_word' id='word_1_255' title='bbox 598 3429 760 3492; x_wconf 68' lang='lat' dir='ltr'><strong>conluctaret]</strong></span> <span class='ocrx_word' id='word_1_256' title='bbox 825 3433 856 3480; x_wconf 70' lang='lat' dir='ltr'><strong>St</strong></span> <span class='ocrx_word' id='word_1_257' title='bbox 874 3433 1031 3493; x_wconf 76' lang='lat' dir='ltr'><strong>Adipismdae</strong></span> <span class='ocrx_word' id='word_1_258' title='bbox 1050 3426 1100 3492; x_wconf 83' lang='lat' dir='ltr'><strong>m]</strong></span> <span class='ocrx_word' id='word_1_259' title='bbox 1130 3431 1242 3492; x_wconf 77' lang='lat' dir='ltr'><strong>Displicet</strong></span> <span class='ocrx_word' id='word_1_260' title='bbox 1269 3427 1299 3476; x_wconf 77' lang='grc' dir='ltr'><strong>τὸ</strong></span> <span class='ocrx_word' id='word_1_261' title='bbox 1325 3430 1401 3490; x_wconf 77' lang='lat' dir='ltr'><strong>adipi·</strong></span> 
     </span>
     <span class='ocr_line' id='line_1_36' title="bbox 152 3493 1401 3557; baseline -0.003 -15"><span class='ocrx_word' id='word_1_262' title='bbox 152 3497 269 3542; x_wconf 76' lang='lat' dir='ltr'><strong>semestre</strong></span> <span class='ocrx_word' id='word_1_263' title='bbox 281 3505 372 3542; x_wconf 81' lang='lat' dir='ltr'><strong>tanturn</strong></span> <span class='ocrx_word' id='word_1_264' title='bbox 383 3497 524 3557; x_wconf 78' lang='lat' dir='ltr'><strong>stipandlum</strong></span> <span class='ocrx_word' id='word_1_265' title='bbox 534 3497 671 3552; x_wconf 79' lang='lat' dir='ltr'><strong>numeravit,</strong></span> <span class='ocrx_word' id='word_1_266' title='bbox 679 3511 761 3556; x_wconf 77' lang='lat' dir='ltr'><strong>quarn-</strong></span> <span class='ocrx_word' id='word_1_267' title='bbox 793 3498 888 3544; x_wconf 79' lang='lat' dir='ltr'><strong>emdae.</strong></span> <span class='ocrx_word' id='word_1_268' title='bbox 930 3497 968 3543; x_wconf 80' lang='lat' dir='ltr'><strong>An</strong></span> <span class='ocrx_word' id='word_1_269' title='bbox 996 3496 1167 3556; x_wconf 60' lang='lat' dir='ltr'><strong>metm!</strong></span> <span class='ocrx_word' id='word_1_270' title='bbox 1205 3493 1401 3554; x_wconf 80' lang='lat' dir='ltr'><strong>quemadmodum</strong></span> 
     </span>
     <span class='ocr_line' id='line_1_37' title="bbox 151 3557 1401 3620; baseline -0.001 -15"><span class='ocrx_word' id='word_1_271' title='bbox 151 3559 188 3605; x_wconf 80' lang='lat' dir='ltr'><strong>vis</strong></span> <span class='ocrx_word' id='word_1_272' title='bbox 207 3560 283 3618; x_wconf 86' lang='lat' dir='ltr'><strong>primo</strong></span> <span class='ocrx_word' id='word_1_273' title='bbox 301 3559 417 3619; x_wconf 81' lang='lat' dir='ltr'><strong>pollicitus</strong></span> <span class='ocrx_word' id='word_1_274' title='bbox 436 3567 496 3605; x_wconf 81' lang='lat' dir='ltr'><strong>esset</strong></span> <span class='ocrx_word' id='word_1_275' title='bbox 518 3560 618 3606; x_wconf 82' lang='lat' dir='ltr'><strong>solidum</strong></span> <span class='ocrx_word' id='word_1_276' title='bbox 640 3559 669 3606; x_wconf 83' lang='lat' dir='ltr'><strong>tia</strong></span> <span class='ocrx_word' id='word_1_277' title='bbox 691 3561 761 3606; x_wconf 80' lang='lat' dir='ltr'><strong>totius</strong></span> <span class='ocrx_word' id='word_1_278' title='bbox 793 3573 864 3620; x_wconf 80' lang='lat' dir='ltr'><strong>supra</strong></span> <span class='ocrx_word' id='word_1_279' title='bbox 883 3575 901 3605; x_wconf 84' lang='lat' dir='ltr'><strong>r.</strong></span> <span class='ocrx_word' id='word_1_280' title='bbox 920 3559 957 3614; x_wconf 76' lang='grc'><strong>37.</strong></span> <span class='ocrx_word' id='word_1_281' title='bbox 993 3559 1049 3608; x_wconf 74' lang='lat' dir='ltr'><strong>lade</strong></span> <span class='ocrx_word' id='word_1_282' title='bbox 1069 3559 1183 3606; x_wconf 67' lang='lat' dir='ltr'><strong>aaaron</strong></span> <span class='ocrx_word' id='word_1_283' title='bbox 1204 3565 1271 3620; x_wconf 78' lang='lat' dir='ltr'><strong>atqua</strong></span> <span class='ocrx_word' id='word_1_284' title='bbox 1292 3557 1401 3604; x_wconf 70' lang='lat' dir='ltr'><strong>aum</strong></span> 
     </span>
     <span class='ocr_line' id='line_1_38' title="bbox 151 3621 981 3684; baseline 0.001 -15"><span class='ocrx_word' id='word_1_285' title='bbox 151 3623 363 3682; x_wconf 75' lang='lat' dir='ltr'><strong>soniaripendiurn</strong></span> <span class='ocrx_word' id='word_1_286' title='bbox 381 3623 524 3682; x_wconf 81' lang='lat' dir='ltr'><strong>persolutam</strong></span> <span class='ocrx_word' id='word_1_287' title='bbox 541 3623 577 3669; x_wconf 89' lang='lat' dir='ltr'><strong>lrl.</strong></span> <span class='ocrx_word' id='word_1_288' title='bbox 613 3623 663 3670; x_wconf 80' lang='lat' dir='ltr'><strong>lise</strong></span> <span class='ocrx_word' id='word_1_289' title='bbox 679 3637 759 3670; x_wconf 83' lang='lat' dir='ltr'><strong>reno·</strong></span> <span class='ocrx_word' id='word_1_290' title='bbox 792 3625 906 3684; x_wconf 75' lang='lat' dir='ltr'><strong>adspicere</strong></span> <span class='ocrx_word' id='word_1_291' title='bbox 912 3621 981 3684; x_wconf 73' lang='lat' dir='ltr'><strong>jane</strong></span> 
     </span>
     <span class='ocr_line' id='line_1_39' title="bbox 151 3687 419 3734; baseline -0.004 0"><span class='ocrx_word' id='word_1_292' title='bbox 151 3695 216 3734; x_wconf 74' lang='lat' dir='ltr'><strong>aaran</strong></span> <span class='ocrx_word' id='word_1_293' title='bbox 228 3687 305 3733; x_wconf 80' lang='lat' dir='ltr'><strong>Persei</strong></span> <span class='ocrx_word' id='word_1_294' title='bbox 316 3687 419 3734; x_wconf 70' lang='lat' dir='ltr'><strong>aranda.</strong></span> 
     </span>
    </p>
   </div>
   <div class='ocr_carea' id='block_1_8' title="bbox 0 0 1564 5002">
    <p class='ocr_par' dir='ltr' id='par_1_9' title="bbox 0 0 1564 5002">
     <span class='ocr_line' id='line_1_40' title="bbox 0 0 1564 5002; baseline 0 0"><span class='ocrx_word' id='word_1_295' title='bbox 0 0 1564 5002; x_wconf 95' lang='lat' dir='ltr'><strong> </strong></span> 
     </span>
    </p>
   </div>
  </div>
 </body>
</html>
