3094 4954
219 314 281 378 110

782 301 875 366 ΤΙΤΙ
904 300 1020 366 Ltvtt

218 471 248 518 u.
260 471 286 517 o.
298 469 353 517 eos
381 453 541 520 cuncmtio
557 453 794 527 Romanorum
815 469 907 532 quos,
929 447 1025 512 simul
1038 446 1149 511 Asiam
1164 445 1364 544 sdt'g‘ssscnt,
1377 448 1478 512 effuso

218 533 249 582 A„
261 535 287 582 0·
298 535 353 582 ¹⁹⁰·
382 539 507 624 agmine
521 537 563 600 ad
576 543 679 600 castra
692 535 778 618 regia
790 533 891 596 ituros
906 532 1091 596 crediderat.
1134 531 1257 596 Statuit
1282 540 1391 596 tamen
1412 555 1477 596 non

222 949 295 996 Filius

221 1012 327 1060 Afriesul

221 1076 326 1136 captivus

221 1141 284 1200 apud

223 1203 365 1250 Antiochum

225 2154 307 2215 Legati

223 2220 298 2266 oratio
309 2219 338 2266 de

223 2297 287 2344 pace.

367 1220 520 1276 'constat
557 1209 610 1272 alir
636 1207 792 1294 pnncipio
819 1207 842 1272 b

381 623 472 710 prius
486 623 571 685 adue
586 619 759 696 consulem,
781 639 878 701 quam
894 619 930 681 P.
943 617 1145 701 Scipionem:
1168 624 1201 679 et
1223 617 1269 680 ita
1290 617 1478 680 mandatum

383 709 423 772 ab
446 728 519 792 rege
542 713 619 770 erat.
654 704 688 766 in
710 724 748 766 eo
771 702 941 766 maximam
965 722 1056 800 spem
1075 700 1224 779 habebat,
1247 701 1477 785 ¹praeterquam

383 792 471 876 quod
493 797 526 854 et
549 787 736 872 magnitudo
760 787 858 850 animi
881 794 914 850 et
938 791 1066 850 satietas
1106 785 1193 848 lorioe
1207 783 1394 870 placabilem
1405 808 1479 848 eum

383 875 520 940 maxime
541 873 696 950 faciebat3
717 879 895 954 notumque
919 877 986 933 erat
1003 807 1165 954 gentibus,
1185 869 1243 952 qui
1254 869 1358 933 victor
1377 871 1429 933 ille
1445 871 1477 932 in

386 959 554 1044 Hispania,
583 957 640 1040 qui
668 955 782 1020 deinde
810 955 845 1018 in
874 954 983 1018 Ali-ica
1010 953 1140 1016 maaet:
1163 953 1259 1017 etiam
1283 955 1370 1038 quod
1393 955 1479 1018 filius

385 1044 454 1128 ejus
478 1051 591 1128 captus
612 1041 646 1104 in
668 1047 825 1126 potestate
850 1037 934 1122 regis
957 1044 1034 1101 erat.
1080 1037 1114 1101 ls
1139 1037 1206 1116 ubi,
1227 1045 1260 1101 et
1287 1039 1426 1122 quando,
1447 1049 1479 1102 et

386 1149 450 1212 quo
465 1149 541 1190 casu
556 1123 737 1223 captususit,
755 1123 839 1188 sicut
852 1121 1222 1270 pllleraqugpp'lqdpsrgm
1237 1121 1321 1186 inter
1335 1131 1479 1270 stipatores

386 1297 638 1360 circumventum
652 1293 692 1356 ab
706 1291 801 1376 regiis
812 1227 1089 1356 naiviiuitrrdmii
1099 1227 1367 1375 realii,rpious1llquliirr
1377 1217 1480 1355 iffi:

385 1381 468 1446 itum
482 1381 516 1444 in
529 1379 640 1444 Asiam
653 1385 713 1456 est,
728 1398 802 1440 cum
820 1383 927 1440 turma
937 1374 1121 1458 Fregellana
1137 1375 1270 1439 missum
1281 1375 1480 1461 exploratum

386 1466 427 1530 ad
441 1465 527 1550 regia
540 1471 653 1541 casua,
668 1461 769 1526 effirso
783 1459 910 1524 obviam
929 1459 1082 1543 equitatu,
1105 1481 1205 1543 quum
1224 1461 1377 1546 reciperet
1402 1483 1480 1540 sese,

386 1550 420 1614 in
444 1571 482 1614 eo
506 1548 671 1633 delapsum
693 1545 836 1608 tumultu
857 1565 897 1607 ex
923 1553 1047 1628 equom,
1069 1565 1144 1608 cum
1169 1544 1295 1608 duobus
1319 1547 1480 1629 equitibus

386 1635 585 1720 obpressum,
608 1632 654 1694 ita
668 1629 708 1694 ad
721 1651 828 1714 regem
842 1629 1017 1694 deductum
1031 1649 1110 1694 ease.
1154 1629 1241 1694 lllud
1255 1629 1331 1694 satis
1345 1640 1480 1708 constat,

387 1719 415 1782 si
429 1740 491 1802 pax
506 1738 580 1780 cum
593 1713 714 1813 populo
734 1715 878 1777 Romano
900 1721 1051 1792 maneret,
1072 1714 1310 1799 hospitiumque
1332 1715 1479 1800 privatim

386 1803 454 1886 regi
468 1823 543 1866 cum
558 1797 762 1884 Scipionibus
776 1805 870 1876 esset,
892 1819 996 1882 neque
1010 1797 1180 1878 liberalius,
1194 1819 1297 1882 neque
1310 1799 1479 1885 benignius

386 1886 495 1951 baberi
510 1885 633 1968 colique
648 1882 890 1960 adolescentem,
905 1903 1001 1966 quam
1023 1883 1129 1948 cultus
1149 1891 1208 1962 est,
1228 1884 1381 1968 potuisse.
1425 1886 1479 1948 Ob

386 1973 456 2036 hoeo
471 1992 571 2054 quum
585 1969 757 2032 adventum
772 1969 808 2032 P.
824 1967 982 2052 Scipionis
995 1966 1120 2052 legatus
1135 1989 1190 2032 ers
1214 1977 1358 2048 ectasset,
1380 1970 1436 2034 ubi
1452 1971 1479 2032 is

386 2056 483 2134 venit,
496 2054 659 2118 consulem
674 2052 750 2131 adit,
764 2052 919 2137 petitque,
933 2059 972 2116 ut
986 2053 1135 2117 mandata
1149 2075 1190 2116 au
1214 2053 1220 2067 '
1256 2061 1280 2118 t.

430 2141 574 2205 XXXV.
608 2139 773 2204 Advocato
802 2137 960 2222 frequenti
989 2137 1131 2216 consilio,
1156 2138 1252 2223 legati
1278 2137 1374 2203 verba
1403 2149 1480 2202 sunt

387 2225 504 2290 audita.
549 2225 593 2303 Is,
608 2225 712 2288 multia
727 2229 798 2286 auto
818 2223 1018 2305 legationibus
1036 2223 1236 2305 nequidquam
1250 2225 1331 2287 ultro
1346 2225 1481 2306 citroqroe

387 2313 425 2375 de
440 2331 521 2393 pace
535 2312 646 2388 missis,
668 2329 736 2373 eam
749 2311 848 2390 ipsam
856 2307 1006 2390 fiduciam
1020 2309 1195 2390 inpetrandi
1213 2309 1272 2372 siti
1292 2329 1366 2387 esse,
1388 2308 1479 2388 dixit,

386 2398 468 2479 quod
473 2399 597 2478 priores
612 2396 705 2476 lopati
723 2395 801 2456 uitii
813 2395 1025 2476 inpetrasserd.
1069 2395 1233 2475 Smyr-uam
1249 2395 1337 2472 caira,
1348 2395 1480 2458 etLam-

380 2503 519 2563 psacum,
540 2486 571 2543 et
585 2479 808 2542 Aleaaudriom
826 2478 984 2556 maden,
1006 2485 1036 2542 et
1057 2479 1283 2560 Lysimachiam
1295 2480 1330 2544 io
1341 2480 1479 2562 Europa,

377 2567 521 2646 jactatas
533 2566 566 2626 ia
580 2566 643 2626 illis
658 2563 926 2643 disceptationibus
940 2583 1013 2626 esse.
1049 2583 1177 2645 qrrarum
1195 2565 1392 2646 Lysimachia
1409 2565 1476 2645 jam

387 2651 510 2713 mouisse
522 2667 634 2730 repert,
647 2667 686 2710 oe
699 2647 774 2728 quid
786 2649 819 2710 ia
831 2648 960 2728 Europa
974 2649 1084 2712 maere
1093 2669 1160 2712 cum
1170 2649 1323 2714 dicerent:
1337 2669 1400 2727 eas,
1415 2671 1481 2731 qua

386 2735 419 2796 ia
434 2735 513 2796 Asia
535 2735 608 2810 siat,
632 2733 772 2795 οἰυίέαίεε
795 2731 928 2810 tradere,
946 2739 1096 2814 paratum
1116 2754 1189 2811 esse,
1207 2739 1237 2797 et
1260 2735 1380 2816 siquas
1400 2736 1481 2797 alias

386 2818 527 2895 Romani,
553 2817 634 2898 qaod
655 2835 781 2880 urorum
796 2818 938 2898 partiam
949 2817 1081 2898 suniat,
1105 2819 1262 2882 uindicare
1286 2819 1325 2882 ad
1353 2822 1480 2901 imperio

386 2905 470 2986 rapio
484 2903 586 2966 uelint.
619 2903 756 2984 Iaperuoe
770 2923 894 2984 quoque,
908 2905 942 2966 iu
957 2903 1176 2984 bellamsactoe,
1183 2911 1308 2986 partem
1321 2905 1481 2968 dimidiam

385 3009 486 3072 repom
503 2994 747 3070 praestaturamn
763 2988 877 3068 populo
899 2987 1046 3052 Romano.
1090 2989 1153 3052 Hae
1174 2989 1369 3052 conditiones
1390 2998 1482 3054 erant

385 3073 483 3159 pacis.
528 3073 662 3156 Reliqua
675 3071 775 3136 oratio
789 3072 861 3152 fiat,
887 3073 927 3136 Ut
941 3091 1085 3136 martores
1098 3093 1201 3138 reram
1219 3077 1429 3152 bumanorum,
1451 3081 1481 3138 et

385 3159 589 3240 suesortuue
609 3157 849 3236 moderarentur,
872 3157 924 3220 ’et
943 3159 1096 3222 alieuam⁰
1118 3179 1156 3222 ue
1177 3166 1349 3241 urprsereat.
1392 3161 1481 3222 llini-

385 3250 455 3307 reat
468 3243 597 3323 Europa
610 3243 779 3322 tapetam.
815 3243 851 3305 id
863 3263 978 3325 quoque
991 3245 1157 3306 iumcmm
1172 3265 1244 3308 esse.
1287 3245 1354 3308 EtP
1365 3247 1482 3325 parari

385 3329 506 3408 siapula
519 3325 705 3408 adquirendo
711 3326 841 3408 facilius
848 3330 997 3408 potuisse,
1012 3349 1103 3410 quam
1114 3330 1257 3392 mdversa
1274 3331 1371 3393 tmesi
1377 3349 1481 3411 posse.

386 3411 505 3494 quodsi
519 3413 603 3474 Asia
618 3431 733 3492 quoquc
740 3419 865 3494 partem
878 3415 1013 3494 aliquam
1021 3413 1309 3492 abstraherereliut,
1321 3415 1482 3478 dummodo

385 3517 446 3560 aon
460 3495 560 3558 dubiis
574 3496 746 3578 ropionibus
752 3496 878 3578 flaiani,
901 3499 983 3561 uinci
996 3519 1083 3562 suom
1097 3500 1328 3580 teruperoutiam
1339 3499 1483 3562 Rouana

386 3581 563 3662 cupiditate,
577 3582 669 3662 pacis
692 3587 723 3644 et
745 3583 912 3646 concordias
937 3603 1057 3662 eausa,
1079 3603 1179 3664 reqem
1200 3603 1375 3665 passurum.
1420 3583 1481 3660 Ea,

408 3687 459 3728 uae
471 3665 583 3764 legato·
599 3687 716 3750 magna
734 3666 775 3730 ad
794 3687 905 3751 pacem
927 3666 1148 3752 inpetrandam
1163 3667 1362 3746 videbantur,
1382 3689 1483 3754 parva

301 3765 370 3799 Μ
437 3771 539 3816 marus
554 3771 630 3814 visa.
674 3751 771 3830 Nam,
791 3758 822 3815 et
836 3753 1001 3834 inpensam,
1020 3773 1085 3835 quc
1104 3755 1137 3816 in
1157 3754 1265 3817 bellum
1277 3753 1368 3834 sacto
1391 3762 1483 3832 esset,

223 3895 283 3927 rum.
316 3830 342 3862 ‘i
386 3855 502 3898 omaeru
509 3841 662 3918 mactare
681 3855 791 3918 repom,
813 3858 942 3920 aequum
962 3837 1143 3917 censebant,
1158 3839 1243 3922 cujrss
1263 3839 1352 3920 culpa
1371 3838 1483 3901 bellam

385 3921 551 3983 casitatem
565 3925 663 3994 esset‚·
685 3927 715 3984 et
729 3941 789 3984 uon
801 3923 890 3984 Ionio
905 3922 992 3985 modo
1008 3929 1097 4004 atque
1110 3924 1236 3987 AEolide
1250 3923 1357 3988 deduci
1372 3923 1483 3986 dedere

413 4057 471 4102 mm
488 4071 514 4102 eo
531 4056 630 4102 tumultu
647 4057 763 4117 &imaum
779 4071 836 4118 sqso
856 4057 929 4103 Gron.
946 4059 1013 4106 Cres.
1047 4062 1072 4106 irs
1088 4075 1113 4108 so
1129 4061 1228 4108 tuate
1245 4060 1360 4120 delapsum
1378 4075 1407 4106 ee
1425 4075 1483 4121 equo

384 4119 477 4180 Xrayss.
492 4119 568 4166 nott.
729 4126 745 4155 ¹¹
753 4123 911 4181 prestiturum
923 4123 995 4170 Gran.
1008 4124 1075 4170 Crer.
1236 4125 1329 4171 ⁰siian
1341 4125 1415 4172 Gran.

862 4188 909 4233 Pet
920 4186 965 4233 del.
977 4185 1045 4234 Cres.

256 4311 465 4374 turmam
482 4307 757 4372 qaod-..etianqaod1
777 4311 833 4358 linc
865 4312 968 4360 buscenti
985 4328 1015 4360 ne
1032 4329 1115 4374 graves
1133 4316 1303 4363 incumberent.
1337 4315 1487 4368 †llendum

222 4377 550 4436 eodemplauereciduutsc
567 4375 586 4421 ai
603 4374 733 4434 scripsisset
746 4375 834 4432 Livius,
865 4377 905 4424 bic
927 4377 1020 4437 irrepsit
1042 4379 1066 4426 ln
1089 4381 1229 4428 recentiores
1257 4380 1380 4436 editiones,
1404 4383 1486 4428 atim

223 4443 448 4500 tamqsia...tasr
457 4441 705 4501 pecorumque...
772 4443 778 4452 “
867 4439 962 4487 Notavit
980 4442 1004 4487 id
1016 4443 1159 4498 Gronovius.
1178 4459 1222 4492 nee
1240 4451 1319 4492 tamen
1337 4459 1352 4491 c
1368 4453 1487 4492 contextu

254 4503 271 4548 2
287 4504 343 4551 *Et
353 4505 451 4552 alternus
467 4519 495 4552 ae
511 4499 630 4566 urgerent]
649 4502 680 4548 Et
696 4503 779 4550 alicua
798 4503 834 4550 la·
865 4513 1020 4565 expunxerst.
