3098 4958
362 339 452 406 LIB.
477 335 602 406 XLIV.
632 338 729 405 OAP.
750 337 879 404 XXVI.
1287 349 1352 412 433

83 489 262 556 inimicitiae
276 495 377 569 erant,
392 507 490 573 quam
502 489 646 574 ipsorum
661 490 741 554 odiis
755 489 839 554 inter
860 509 894 554 se
914 509 1065 555 accensae.
1107 491 1184 557 Non
1200 505 1227 554 υ.
1241 507 1266 554 o.
1279 509 1333 556 sos.

83 587 155 640 ea¹¹¹
167 597 280 660 regum
294 574 466 652 aemuiatio,
480 583 518 638 ut
539 595 631 659 aequo
645 575 752 639 animo
770 575 884 639 Persea
900 583 1006 638 tantas
1028 575 1160 660 adipisci
1169 587 1184 618 ¹²
1198 571 1225 618 Α·
1238 573 1265 619 ⁰·
1279 571 1332 621 ¹⁶&

84 681 107 723 o
149 682 175 738 s,
188 669 375 742 tantamque
388 658 532 742 gloriam,
542 667 661 744 quanta
676 659 828 723 Romanis
837 659 929 723 victis
939 681 1013 723 eum
1024 661 1183 742 manebat,

117 765 249 808 umenes
271 743 399 808 visurus
421 743 526 806 fuerit
570 743 729 808 Cernebat
753 752 786 807 et
809 745 932 822 Persea,
953 743 1022 830 jam
1046 745 1120 809 inde
1142 747 1182 811 ab

84 829 179 892 initio
192 828 278 908 belli,
292 827 380 892 omni
394 828 491 892 modo
505 847 595 912 spem
610 829 697 914 pacis
709 836 859 906 tentasse,
872 837 905 892 et
925 828 959 892 in
981 829 1048 892 dies
1069 831 1182 916 magis,

84 931 153 995 quo
165 914 294 998 propior
307 913 528 976 admoveretm
540 919 651 991 tenor,
659 912 739 976 nihil
754 933 856 997 neque
867 933 958 1061 Ἕκ
972 913 1068 992 aliud,
1078 935 1181 999 neque

85 996 235 1082 cogitare.
279 997 440 1060 Romanos
476 1015 592 1080 noque,
607 997 682 1080 quia
696 997 873 1060 traheretur
921 998 1007 1062 utius
1023 1019 1079 1084 spe
1094 998 1181 1084 ipso·

84 1101 157 1144 rum
172 1081 301 1159 bellum,
316 1088 348 1144 et
362 1080 449 1166 ipsos
455 1017 571 1159 duces,
585 1089 617 1145 et
634 1089 780 1144 senatum
800 1103 866 1145 non
887 1082 1053 1146 abhorrere
1074 1084 1180 1148 afini-

83 1165 168 1228 endo
181 1173 248 1228 tam
262 1165 464 1228 incommodo
478 1185 515 1228 aa
529 1165 649 1228 difficili
663 1165 755 1229 bello.
799 1165 871 1229 Hac
892 1166 1058 1250 utriusque
1079 1169 1178 1252 partis

82 1249 247 1313 voluntate
263 1249 435 1332 explorata,
450 1249 536 1333 quod
550 1249 619 1312 fieri
633 1249 727 1312 etiam
743 1270 801 1312 sua
823 1258 936 1335 sponte
957 1251 1053 1314 taedio
1067 1253 1178 1316 validi-

82 1333 157 1412 oris,
178 1341 269 1398 metu
291 1333 473 1397 infirmioris
508 1333 656 1398 credebat
676 1355 781 1432 posse,
804 1333 838 1398 in
868 1354 906 1398 eo
930 1355 1020 1398 suam
1049 1357 1177 1421 operam

80 1417 244 1481 venditare
269 1417 464 1482 concilianda
487 1419 589 1502 gratia
609 1439 711 1503 magis
735 1419 845 1503 cupiit.
898 1420 994 1498 Nam,
1017 1421 1112 1484 modo
1136 1443 1177 1485 ne

74 1501 206 1588 juvaret
227 1501 312 1566 bello
335 1503 495 1566 Romanos
513 1511 597 1566 terra
618 1502 769 1587 marique,
788 1503 883 1566 modo
905 1503 991 1588 pacis
1012 1506 1176 1589 patrandae

79 1608 157 1649 cum
174 1587 326 1650 Romanis
345 1586 563 1671 paciscebatur
582 1587 777 1651 mercedem:
796 1587 869 1650 “ne
892 1587 976 1652 bello
998 1589 1175 1670 interesset,

78 1671 191 1734 mille⁰
205 1679 238 1734 et
252 1671 449 1756 quingenta?
463 1671 591 1736 talenta.
613 1671 647 1734 in
661 1679 816 1756 utroque‘¹
831 1693 895 1735 non
910 1673 1006 1736 iidem
1020 1674 1115 1738 modo
1129 1695 1174 1754 se,

79 1755 138 1818 sed
151 1755 276 1820 obsides
291 1777 429 1840 quoque,
443 1756 516 1820 dare
538 1764 685 1842 paratum
706 1777 784 1835 esse,
798 1757 995 1821 ostendebat.
1040 1759 1174 1822 Perseus

78 1839 122 1902 ad
141 1861 209 1903 rem
231 1839 441 1904 inchoandam
465 1841 700 1926 promtissimus
723 1850 800 1920 erat,
815 1850 947 1926 cogente
965 1849 1065 1922 metu,
1080 1851 1113 1906 et
1134 1845 1174 1908 de

78 1924 245 1988 obsidibus
259 1925 450 2010 accipiendis
472 1926 539 1989 sine
554 1925 703 1990 dilatione
724 1925 847 2011 agebat,
861 1935 1122 2012 conveneratque,
1136 1937 1175 1992 ut

78 2009 202 2094 accepti
228 2009 356 2074 Cretam
379 2009 590 2074 mitterentur.
642 2010 709 2074 Ubi
738 2010 778 2073 ad
830 2011 951 2074 ecuniae
979 2013 1174 2076 mentionem

78 2103 212 2158 ventum
225 2103 301 2174 erat,
316 2094 361 2159 ibi
373 2095 559 2160 haesitabatr
582 2094 603 2126 ⁸⁵
613 2103 646 2158 et
660 2095 770 2178 utique
814 2103 913 2158 teram
927 2095 960 2158 in
975 2095 1057 2158 tanti
1071 2097 1174 2159 nomi-

77 2179 130 2242 nis
146 2179 274 2263 regibus
287 2188 414 2264 turpem
430 2201 466 2243 ac
480 2180 649 2258 sordidam,
663 2187 696 2242 et
709 2179 808 2258 danti,
821 2187 853 2242 et
874 2179 975 2263 magis
997 2180 1173 2264 accipienti,

76 2263 256 2328 mercedem
271 2285 349 2328 esse.
394 2264 537 2329 Maiebat
558 2264 592 2328 in
614 2285 703 2362 apem
726 2264 879 2327 Romanoe
893 2263 981 2348 pacis
996 2285 1061 2326 non
1083 2285 1173 2327 recu-

77 2369 148 2412 sare
162 2348 195 2412 in
219 2369 338 2430 ensam,
351 2349 408 2412 sed
432 2371 502 2414 eam
528 2369 694 2434 pecuniam
709 2347 858 2446 (perfecta
878 2369 912 2412 re
933 2347 1103 2427 daturum3
1125 2348 1174 2412 in-

77 2443 165 2497 terea
263 2435 401 2498 othracae
423 2434 458 2498 in
482 2434 602 2518 templo
617 2433 846 2518 depositurum.
889 2433 939 2495 Ea
953 2432 1058 2495 insula
1072 2453 1173 2516 quum

77 2519 180 2666 {psius
194 2517 323 2616 ditionis
337 2518 551 2666 etsdeidem
563 2519 725 2666 Epmgpps
739 2517 819 2665 ndiiss
839 2517 1000 2665 ipntleressu
1009 2516 1086 2666 ἔζη
1102 2517 1173 2665 izeei-

78 2623 757 2772 retpeiutdlirddiieidipdamagidrtiiruseldaptdii,
773 2624 852 2750 nitidi
873 2624 1171 2772 prpergpeinfammiam

77 2793 213 2836 movere.

120 2855 249 2920 XXVI.
271 2855 341 2920 Nec
355 2857 425 2920 hcc
438 2863 565 2920 tantum
577 2857 710 2920 Perseo¹
723 2877 781 2941 per
799 2855 961 2920 avaritiam
976 2863 1025 2919 est
1040 2855 1171 2919 dimissa
1184 2869 1260 2916 reno
1272 2883 1328 2916 m-

77 2962 138 3020 res,
153 2939 175 2973 ⁸¹
206 2961 284 3004 uum
299 2941 467 3025 pectinum
482 2948 585 3004 tutam
601 2949 633 3004 et
646 2962 757 3026 pacem
771 2939 887 3003 habere
907 2961 965 3024 per
980 2939 1169 3018 Eumenem,
1182 2934 1242 2980 '⁵⁶⁸

77 3047 150 3110 quae
164 2962 214 3089 dell
228 3033 318 3110 parte
416 3025 427 3088 i
447 3025 631 3089 redimenda
653 3033 746 3104 esset,
761 3045 797 3088 ac
818 3033 965 3108 receptus
986 3025 1169 3107 protrahere

76 3110 242 3174 inimicum
257 3131 359 3174 merce
382 3131 399 3173 e
413 3117 577 3190 onustum,
588 3117 621 3174 et
634 3110 742 3174 hostes
755 3108 868 3173 merito
879 3108 908 3170 ei
920 3109 1082 3171 Romanos
1094 3127 1169 3192 pos-

107 3286 131 3316 ¹¹²
142 3295 237 3330 amasso
247 3297 290 3328 nos
300 3295 328 3328 ss
340 3280 417 3328 aeta.
481 3286 496 3315 ¹¹
507 3285 580 3344 apisci
591 3283 686 3343 iireysa
699 3281 776 3330 neat.
824 3282 1057 3330 veterascamus
1069 3281 1134 3330 aad

204 3348 344 3407 rqsiageso
354 3345 428 3392 (iton.
525 3351 669 3408 astrsssqae
682 3347 758 3393 Beik.
853 3345 955 3394 'Perses'
967 3347 1027 3393 iisd.

74 3509 132 3556 odio
150 3509 327 3556 inimicitiarum
346 3523 374 3557 eo
390 3509 519 3557 adductam
534 3525 591 3566 esse,
608 3519 635 3558 at
646 3512 691 3558 mi·
724 3513 811 3560 wasta
829 3519 885 3560 aunt
901 3525 985 3559 marera
1004 3511 1095 3571 argenti
1113 3517 1228 3558 nostrates
1242 3509 1338 3570 matii.

75 3575 141 3620 nime
161 3573 248 3620 faveret
268 3573 370 3620 sirtori·
390 3574 475 3621 Persei.
509 3574 538 3620 in
558 3575 619 3622 hane
635 3589 690 3622 aen·
723 3577 963 3638 Miliestpsiagesto,
975 3590 1058 3622 marrae
1072 3575 1179 3632 Uimi.
1198 3575 1268 3622 iniis
1280 3589 1338 3635 quo·

75 3637 176 3684 tentiam
187 3637 221 3683 sie
232 3637 332 3684 formare
345 3637 449 3684 Lisianss
466 3639 578 3684 orationis
594 3647 690 3685 contex-
724 3654 770 3700 que
781 3655 833 3698 que
844 3647 982 3698 sequuntur,
993 3639 1058 3698 iege:
1078 3640 1106 3686 Is
1123 3647 1247 3701 atramque.
1281 3639 1339 3686 Hae

75 3711 128 3747 sum
140 3715 277 3760 morsos:
294 3717 338 3747 soa
349 3709 396 3748 toas
406 3704 460 3762 pais
469 3709 571 3762 potem
585 3705 646 3749 ister
656 3718 692 3750 eoa
723 3704 803 3749 omnis
814 3703 929 3748 debentur
938 3703 1063 3748 Gronosio.

75 3767 204 3812 trimis-itia
221 3771 295 3820 eruat,
309 3771 332 3812 et
349 3767 446 3824 ipsoram
464 3766 523 3812 odiis
542 3768 602 3813 ister
614 3781 638 3812 ss
653 3781 692 3813 ac·
755 3766 787 3812 st
804 3767 836 3812 Bt
853 3767 930 3827 stipas
950 3763 1058 3826 Musas]
1084 3765 1116 3812 Et
1134 3779 1164 3812 ex
1183 3766 1273 3812 duabsu
1292 3765 1338 3812 iilis

75 3843 158 3883 cem,
180 3841 251 3888 quarn
274 3829 337 3889 quod
358 3843 402 3876 asa
424 3843 452 3876 so
472 3843 550 3891 regan
571 3831 691 3886 mistio,
723 3831 801 3885 rebus,
823 3829 1008 3888 uniusquidem
1029 3837 1099 3883 certe,
1122 3843 1206 3890 nempe
1228 3843 1259 3876 ne
1277 3829 1339 3875 beiio

74 3899 101 3938 st
113 3925 119 3936 .
133 3921 140 3936 ·
153 3923 159 3936 .
724 3893 846 3938 interesset
859 3892 985 3946 Eumenes,
1000 3894 1131 3940 mercedem
1149 3901 1240 3953 turpem
1251 3907 1278 3938 sc
1289 3906 1339 3938 sor·

109 3953 141 4000 ³⁴
158 3954 196 4001 Ne
218 3955 275 4001 detio
297 3955 423 4010 intonaret,
445 3956 507 4002 seille
525 3961 548 4002 et
569 3957 693 4016 quingenta
725 3957 803 4002 didam
815 3969 873 4002 esse.

77 4019 172 4064 talenta.
206 4019 235 4064 Ia
254 4015 360 4079 atroque]
379 4019 425 4064 iiie
443 4019 532 4078 aliquid
551 4018 631 4065 deesse
643 4019 694 4078 ipss
757 4019 789 4066 36
805 4019 846 4066 Ad
857 4017 940 4081 Pella]
959 4020 1044 4066 Nonne
1059 4019 1143 4066 meiius
1160 4017 1285 4064 videatnri
1305 4017 1339 4063 sti

76 4095 115 4128 sea
133 4083 227 4128 aiamat.
261 4082 326 4132 Quid
342 4083 465 4138 exciderit,
478 4082 589 4129 discimus
600 4095 629 4128 ex
642 4083 691 4144 Ap·
725 4097 755 4130 ss
767 4085 844 4130 reita.

76 4146 148 4205 piano
163 4146 188 4191 in
207 4145 323 4204 eaeerptis
341 4147 370 4192 da
383 4146 449 4192 Beiio
462 4145 619 4192 Mseedonico.
654 4147 693 4192 Sic
755 4146 787 4200 37
806 4147 879 4198 &aar
895 4149 1015 4208 prasion
1034 4143 1119 4207 istaes]
1142 4143 1259 4190 Emendat
1276 4143 1338 4188 (iro-

76 4209 141 4255 anim
152 4207 224 4254 habet
235 4209 331 4255 Grecos
342 4210 447 4269 scriptor.
480 4207 601 4256 ratam
612 4205 633 4254 δ’
640 4205 693 4272 ᾔτει
724 4211 822 4257 novius:
839 4225 906 4272 quaa
915 4213 1012 4271 peresio
1023 4211 1111 4257 testata
1118 4213 1159 4254 ast
1168 4221 1246 4266 mess
1257 4207 1339 4255 arten

76 4267 216 4333 (iiiprvric)
229 4271 275 4330 τῆς
285 4270 333 4334 μὲν
343 4269 487 4329 διαλύσεως,
498 4271 568 4333 χίλια
579 4271 620 4319 sci
632 4287 692 4319 aas·
721 4289 765 4333 par
776 4275 904 4332 Barasasa,
923 4289 974 4336 qu
990 4276 1027 4321 sel
1040 4279 1106 4333 ports
1124 4271 1190 4330 regat
1208 4271 1338 4319 radissesda

75 4329 284 4392 romanamet
297 4331 493 4397 ἡσυχίαςχίλια.
521 4337 692 4384 iiunesensnm
724 4343 841 4390 assetur
859 4339 965 4399 dereptas
981 4338 1113 4398 prorsam
1131 4335 1244 4379 inimicam
1255 4367 1337 4381 .....

74 4399 157 4459 procui
170 4399 241 4445 dubio
250 4409 396 4459 expresserat
409 4401 502 4447 Livium:
520 4403 591 4446 verbs
601 4401 633 4447 sio
645 4399 692 4446 ior·
722 4407 804 4462 posset.
821 4401 958 4448 Proernam
969 4400 1073 4457 intellige
1085 4399 1192 4444 iudicare.
1221 4397 1258 4444 Sic
1270 4399 1338 4452 inira,

75 4477 177 4508 namus.
211 4462 248 4509 Ne
266 4464 323 4510 belis
340 4465 599 4519 interminative!
613 4479 692 4524 paren
723 4463 1000 4521 suaseramus
1019 4469 1042 4509 et
1060 4463 1099 4509 iiie
1116 4469 1194 4515 aretas.
1207 4463 1338 4509 aedoneu-

74 4527 217 4582 oaariiimt,
234 4527 295 4574 ssiiie
313 4533 336 4574 et
354 4530 479 4589 ,sagma
497 4529 590 4576 tciesta.
624 4527 691 4575 uuo
723 4533 761 4576 tas
770 4522 1298 4589 ssotmaseaesaadisceiaorisprotraterst.

163 4605 247 4652 voa.
262 4607 318 4652 ur.
1125 4587 1175 4651 ri
