3118 5002
474 313 561 376 LlB.
585 312 696 376 XLII.
729 312 825 378 CAP.
846 313 886 377 V.
1316 323 1379 386 833

125 467 254 548 busque
268 462 345 541 suis,
360 467 393 524 et
406 459 549 524 Thessali
563 460 667 544 legati,
683 461 881 540 nunciantes,
895 483 967 546 quae
981 461 1015 526 in
1029 463 1217 529 Macedonia
1231 479 1260 589 p
1271 481 1297 590 g
1311 483 1365 599 1⁵7⁷}

170 557 324 612 rorentur.
1252 575 1258 588 ·
1290 578 1297 590 ·

126 573 214 696 gev·
248 633 394 708 Perseus,
417 629 485 714 jam
508 629 628 693 bellum
649 629 721 694 vivo
768 638 833 694 atre
857 630 1030 714 cogitatum
1054 631 1087 694 in
1110 631 1216 696 animo
1230 642 1326 689 Peneus

128 718 272 794 volvens,
301 735 422 791 omnes,
451 735 515 778 non
550 723 660 798 gentes
688 737 720 778 m
763 737 782 777 o
813 715 956 793 Graeciae,
986 715 1042 778 sed
1075 701 1216 780 civitates
1229 707 1318 814 'om'

130 803 238 878 etiam,
262 800 292 863 le
332 798 473 861 tionibus
496 797 670 876 mittendis,
691 799 868 882 pollicendo
890 799 992 884 plura,
1017 821 1112 883 quam
1135 822 1217 885 prae-
1229 783 1365 880 npppqpm

131 885 258 962 stando,
273 821 333 947 sill
347 881 543 946 conciliabat.
587 883 689 944 Erant
703 890 808 946 tamen
824 905 939 968 magna
952 905 992 946 ex
1005 891 1094 968 parte
1116 885 1217 948 homi-
1229 898 1299 945 citat.

133 991 213 1032 num
238 969 278 1030 ad
297 969 444 1044 favorem,
459 966 528 1064 ejus
550 965 692 1029 inclinati
713 966 819 1044 animi,
843 975 874 1029 et
898 967 1058 1050 aliquanto
1073 990 1168 1053 quam
1183 969 1216 1032 in

133 1053 312 1116 Eumenem
335 1071 393 1136 pro
436 1071 574 1112 nsrores:
597 1072 696 1134 quum
719 1049 873 1113 Eumenis
895 1051 1054 1114 beneficiis
1078 1053 1216 1116 muneri-

132 1137 258 1220 busque
273 1156 383 1199 omnes
393 1071 526 1198 (Rreraeciae
541 1134 682 1197 civitates
697 1145 729 1197 et
743 1134 884 1219 plerique
894 1135 1073 1220 principum
1087 1136 1217 1220 obligati

133 1229 260 1284 essent:
282 1220 377 1282 etita
401 1239 434 1281 se
456 1218 489 1280 in
511 1239 609 1302 regno
635 1239 693 1281 suo
713 1227 844 1315 gereret,
858 1228 904 1296 ut,
918 1240 989 1302 quae
1013 1219 1073 1282 sub
1098 1219 1216 1284 ditione

132 1305 213 1390 ejus,
228 1303 338 1367 urbes¹
354 1302 472 1366 nullius
486 1301 593 1365 liberae
612 1301 746 1366 civitatis
761 1303 920 1364 fortunam
936 1324 1042 1366 secum
1062 1313 1215 1368 mutatam

131 1389 259 1452 vellent.
290 1395 399 1450 mntra
411 1387 523 1449 Persea
537 1387 620 1450 fama
637 1395 703 1448 erat
717 1394 791 1470 post
811 1386 910 1470 patris
932 1395 1065 1450 mortem
1086 1410 1215 1452 uxorem

132 1493 233 1535 manu
247 1493 304 1534 sua
316 1470 484 1534 occidisse:
507 1471 537 1532 A
560 1470 661 1548 ellem,
677 1470 857 1532 ministrum
876 1470 1035 1554 quondam
1049 1472 1167 1534 fraudis
1183 1472 1215 1535 in

132 1557 231 1618 fratre
245 1553 391 1633 tollendo,
407 1562 501 1638 atque
515 1492 559 1617 ob
571 1554 605 1617 id
625 1554 811 1637 requisitum
827 1577 845 1616 a
861 1554 1007 1640 Philippo
1031 1555 1072 1618 ad
1095 1555 1216 1642 suppli-

132 1639 230 1716 cium,
245 1637 449 1716 exundantem,
463 1638 645 1701 arcessitum
669 1647 742 1723 post
757 1638 855 1724 patris
878 1645 1011 1702 mortem
1032 1639 1216 1724 ingentibus

131 1723 297 1822 promissis
310 1723 350 1785 ad
372 1722 502 1806 praemia
515 1730 612 1785 tantae
636 1731 822 1808 perpetratae
846 1722 890 1786 rei
912 1723 993 1786 clam
1015 1723 1216 1788 interfecisse.

130 1807 291 1870 intestinis
307 1807 327 1840 ¹⁰
336 1807 534 1890 externisque
547 1815 699 1891 praeterea
711 1806 820 1870 multis
835 1806 974 1870 caedibus
989 1807 1147 1888 infamem,
1158 1831 1217 1872 nec

131 1891 198 1955 ullo
212 1889 494 1955 commendabilem
514 1890 636 1968 merito,
652 1891 861 1974 praeferebant
874 1891 969 1976 vulgo
984 1893 1126 1957 civitates
1148 1902 1215 1957 tam

131 1975 186 2060 pio
211 1997 245 2038 er
308 1975 514 2060 propinquos,
529 1983 594 2038 tam
611 1974 699 2058 justo
723 1974 757 2038 in
781 1975 875 2054 cives,
889 1984 955 2038 tam
979 1977 1129 2041 munifico
1144 2000 1218 2062 erga

131 2080 243 2122 omnes
280 2059 401 2123 omines
416 2058 492 2143 regi,
508 2081 563 2122 seu
575 2059 658 2122 sarua
666 2067 698 2122 et
709 2058 871 2143 majestate
882 2059 1096 2124 Macedonum
1106 2083 1216 2146 regum

131 2143 345 2228 preoccupati
359 2143 398 2206 ad
413 2141 644 2240 spernendam*
660 2143 813 2226 originem
826 2143 900 2206 novi
921 2145 1010 2227 regni
1018 2170 1027 2223 3
1043 2166 1100 2208 seu
1114 2155 1217 2210 muta-

132 2225 231 2290 tionis
244 2249 347 2290 rerum
370 2227 497 2312 cuprdi3
520 2248 576 2289 seu
598 2226 672 2310 quia
695 2248 769 2288 eum
791 2227 951 2310 objectum
974 2249 1042 2290 esse
1067 2229 1217 2292 Romanis

131 2311 291 2375 volebant.
334 2311 435 2374 Erant
463 2319 568 2374 autem
595 2333 660 2374 non
689 2309 790 2372 AEtoli
814 2311 909 2374 modo
938 2310 972 2372 in
1001 2311 1218 2391 seditionibus,

131 2403 263 2479 propter
286 2395 446 2479 ingentem
461 2395 526 2458 vim
550 2393 621 2458 aeris
646 2393 748 2471 alieni,
763 2393 820 2457 sed
832 2393 975 2458 Thessali
1000 2395 1111 2458 etiam:
1137 2397 1155 2430 ¹¹
1166 2395 1218 2462 ea¹

132 2479 329 2564 contagione,
343 2479 430 2542 velut
444 2479 544 2557 tabes,
558 2477 592 2541 in
610 2477 819 2542 Perrhaebiam
843 2500 968 2562 quoque
989 2479 1023 2542 id
1040 2491 1219 2564 pervaserat

132 2561 262 2626 malum.
307 2563 328 2595 ¹²
340 2563 450 2629 Quum
464 2561 632 2626 Thessalos
646 2563 680 2626 in
695 2563 790 2626 armis
805 2583 873 2626 esse
888 2564 1074 2627 nunciatum
1084 2571 1142 2644 est,
1154 2565 1218 2650 Ap.

134 2645 304 2710 Claudium
317 2645 457 2732 legatum
471 2647 512 2710 ad
534 2667 586 2709 eas
609 2667 659 2710 res
683 2646 899 2732 adspiciendas
923 2649 1218 2736 componendasque

133 2740 261 2794 senatus
276 2731 371 2795 misit.
416 2729 492 2809 Qui,
517 2731 682 2815 utriusque
705 2731 804 2816 partis
826 2731 1024 2817 principibus
1048 2733 1218 2820 castigatis,

135 2837 235 2899 quum
251 2815 370 2900 injusto
389 2815 507 2879 foenore
530 2823 695 2899 gravatum
718 2837 763 2879 aes
784 2815 931 2896 alienum,
946 2817 1024 2902 ipsis
1044 2840 1158 2902 magna
1179 2839 1217 2881 ex

130 2909 221 2984 parte
236 2899 493 2978 concedentibus,
507 2899 561 2984 qui
576 2909 752 2978 onerarent,
761 2901 905 2978 levasset,
913 2901 996 2998 justi
1010 2902 1120 2965 crediti
1134 2901 1219 2966 solu-

131 2984 251 3046 tionem
268 2983 331 3046 ¹’in
346 2987 399 3031 *¹¹¹
413 3005 568 3048 annorum
587 2983 754 3069 pensiones
776 2985 947 3048 distriburt.
992 2985 1052 3048 Per
1072 2985 1218 3049 eumdem

132 3068 276 3152 Appium
290 3067 462 3152 eodemque
477 3069 571 3132 modo
586 3068 769 3153 compositae
785 3068 818 3130 in
835 3067 1013 3130 Perrhaebia
1026 3089 1085 3131 res.
1126 3069 1219 3132 AEto·

132 3153 236 3215 lorum
252 3173 379 3215 caussas
396 3152 566 3216 Marcellus
582 3153 718 3238 Delphis
732 3174 789 3238 per
804 3153 887 3216 idem
902 3160 1029 3236 tempus
1049 3151 1218 3216 hostilibus

132 3245 219 3298 actas
248 3237 371 3313 animis,
402 3237 423 3272 ¹⁴
437 3258 515 3321 quas
525 3247 539 3276 ¹²
567 3237 717 3300 intestino
753 3244 916 3323 gesserant
942 3235 1035 3314 bello,
1062 3237 1218 3321 cognovit.

134 3321 246 3385 Quum
261 3329 415 3384 certatum
436 3322 595 3405 utrimque
617 3322 790 3386 temeritate
814 3330 908 3406 atque
922 3320 1051 3385 audacia
1070 3329 1219 3399 cerneret,

133 3406 261 3468 decreto
276 3405 404 3489 quidem
429 3426 487 3469 suo
512 3414 657 3470 neutram
682 3415 804 3492 partem
818 3417 874 3470 aut
888 3405 1000 3484 levare,
1015 3413 1070 3470 aut
1091 3427 1219 3470 onerare

166 3581 174 3610 ¹
185 3577 239 3624 add.
251 3585 323 3626 ssssst
334 3579 406 3624 Gron.
416 3579 483 3625 Cres.
575 3574 748 3640 ¹sperrseuduas
761 3579 855 3640 Kreyss.
948 3573 993 3624 les
1004 3579 1098 3638 Kreyss.
1110 3584 1132 3624 et
1145 3575 1221 3624 Beklr.

313 3647 334 3676 ¹³
345 3643 469 3689 asteriscus
480 3645 544 3689 abest
556 3657 570 3690 s
581 3643 655 3690 Gran.
670 3650 693 3689 et
704 3643 771 3689 Crev.
909 3647 923 3675 ὓ
936 3657 988 3703 quos
1001 3641 1095 3701 Kreyss.

171 3803 201 3850 1⁰
218 3805 389 3864 ‘Bremisqac
399 3801 521 3866 melnen]
536 3805 742 3851 Hammexterns-
775 3804 904 3854 sententis.
915 3817 987 3862 quum
1002 3805 1051 3862 jam
1065 3811 1171 3864 corrupte
1183 3806 1297 3866 legeretur
1309 3821 1381 3867 quan

136 3883 188 3913 rum
205 3869 303 3913 redium
325 3869 523 3915 enumerationem
545 3869 616 3914 habes
637 3867 699 3915 inira
719 3869 744 3913 ln
776 3868 893 3926 scripsisse
912 3875 990 3912 autem
1005 3867 1096 3913 Livium
1115 3871 1180 3928 qsass'
1196 3871 1300 3916 s'ssrstiso
1319 3870 1381 3914 tella

135 3932 241 3978 oratione
253 3932 374 3986 Eumenis,
386 3947 409 3977 n.
424 3932 459 3979 13.
777 3931 830 3977 Non
843 3931 905 3976 enim
925 3930 1010 3975 bellum
1030 3929 1081 3985 init,
1096 3933 1137 3978 sed
1155 3931 1280 3978 lactionum
1299 3932 1382 3976 rabies.

170 3993 197 4041 li
218 3995 254 4041 Es
270 3994 412 4056 magices]
430 3995 491 4054 Lege
506 4009 558 4041 cum
580 3993 705 4050 Gronovio,
721 3999 744 4041 et
776 3993 934 4039 Gronovius.
968 3991 1114 4054 'inelegans
1132 4003 1156 4040 et
1174 3997 1297 4041 obscurum
1315 3993 1382 4039 addi·

136 4061 274 4117 contagiose.
777 4064 914 4112 lamentum,
926 4057 988 4116 quod
1004 4057 1149 4116 suspicamur
1166 4065 1271 4103 assutum
1289 4057 1318 4102 ab
1337 4057 1382 4101 im·

173 4121 202 4166 12
220 4122 292 4171 qurs
306 4121 422 4168 Thessalos
433 4123 536 4168 isamls
554 4135 601 4167 esre
616 4122 745 4166 samatus
776 4121 851 4180 perito
867 4120 968 4174 librario,
988 4121 1017 4166 sd
1034 4120 1234 4180 interpretandum
1252 4121 1382 4165 membrum

137 4181 184 4244 sstl
212 4185 277 4230 ldem
296 4182 748 4245 rectemonetreponidebere,01rsas
780 4184 912 4243 precedens
923 4185 1038 4230 tortilibus
1049 4191 1112 4230 actas
1123 4185 1211 4230 orinia
1237 4184 1381 4228 Sensusert:

137 4281 157 4294 ..
168 4280 174 4292 .
187 4251 316 4294 annuarum
327 4255 391 4294 esset.
780 4261 860 4292 causes
877 4261 905 4292 eo
925 4247 1006 4292 ardore
1025 4247 1131 4292 odiorum
1150 4253 1220 4300 setas,
1232 4259 1278 4303 quo
1297 4245 1316 4289 sl
1336 4259 1382 4290 non

173 4309 202 4356 1³
220 4311 248 4357 ln
270 4325 377 4357 saumas
403 4307 532 4372 prosim]
559 4310 657 4357 Videtur
673 4310 746 4356 inter·
780 4310 900 4365 cives‚sed
918 4311 996 4356 hostes
1013 4310 1075 4354 inter
1090 4321 1114 4352 se
1131 4309 1282 4353 decertarent
1318 4308 1383 4354 Nihil

138 4373 223 4421 cidisse
234 4389 345 4420 aramenta
357 4389 481 4420 annorum.
778 4373 837 4418 ultra
846 4374 913 4433 adjici
925 4387 983 4431 opus
993 4381 1040 4418 eat:
1058 4379 1081 4417 et
1091 4371 1182 4416 sublato
1192 4369 1233 4415 illo
1244 4371 1306 4430 qnod
1318 4372 1384 4418 nobis

173 4435 204 4483 14
222 4438 284 4487 Quos
295 4439 400 4484 intestino
415 4443 532 4497 generunt
544 4433 611 4497 teda]
630 4435 745 4494 suspicari
778 4451 860 4496 parum
872 4437 948 4497 placet
962 4437 1129 4488 additamento,
1140 4433 1266 4493 integeret
1277 4435 1385 4483 elsrssst

136 4501 193 4548 liest
204 4499 234 4547 τὸ
243 4507 360 4564 gesserant
371 4497 488 4548 addidisse
499 4501 599 4561 aliquem
611 4501 746 4560 supplenda·
778 4499 858 4546 orado.
