3070 4962
496 307 678 373 multon.
701 309 897 374 DEPERD.
1306 317 1369 378 513

117 457 265 522 ἀιὶιιιιιιιι
279 455 467 534 maenam,
485 457 518 520 in
538 463 696 538 corsspeclu
717 459 849 522 tironum
870 479 921 522 res
937 461 1131 524 saluberrimi
1151 460 1205 525 eu'-

117 543 208 622 cmpls'
220 539 313 622 sacta
337 545 403 603 est:
425 561 497 604 nam
519 543 553 604 0.
567 542 725 604 Matienus
739 550 899 606 accinctus
913 551 957 608 est
972 546 1056 626 apud
1068 546 1205 610 tribunos

110 626 221 708 pislis,
243 625 325 706 quod
344 627 509 688 eseresum
532 627 565 688 in
587 627 740 708 Hispania
755 627 952 692 dmensissct:
977 629 1204 712 damnatusque,

115 709 271 790 sulfurea
285 710 339 772 siles
351 711 448 790 oirqis
462 729 555 772 casses
569 716 624 787 est,
645 717 675 773 et
692 714 830 774 sestertio
849 733 967 776 mommo
986 715 1088 777 uenit.
1135 715 1204 776 sss-

117 795 190 857 bnni
205 795 314 876 plebis,
335 795 407 876 quia
428 813 488 856 non
506 795 704 876 impetrarent,
725 801 759 858 ut
779 797 839 858 sili
862 797 963 875 desws,
988 818 1061 878 quos
1083 799 1202 876 uellerol,

116 879 228 942 milites
254 881 386 942 emmens
414 878 528 955 liceret,
557 879 692 942 consules
717 881 751 942 in
777 899 929 944 carcerem
951 883 1022 944 duci
1033 883 1202 961 jrnsesunt.

115 963 228 1026 lunius
240 963 358 1026 Brutsu
371 963 520 1025 consalin
533 963 687 1042 Hispania
708 965 758 1040 iis,
780 966 832 1046 qui
856 966 911 1029 sub
932 967 1069 1028 Viriatho
1088 968 1202 1028 milita-

115 1053 233 1124 uerant,
255 1067 348 1128 oqros
370 1053 400 1109 et
421 1047 562 1128 oppidum
589 1047 682 1124 dein,
704 1048 785 1128 qnasi
814 1049 953 1112 Valentia
980 1056 1118 1113 uocatum
1145 1056 1200 1113 est.

115 1132 165 1194 Μ.
180 1133 330 1212 Popillius
345 1151 365 1194 a
378 1131 585 1208 Numantinis,
608 1129 629 1164 ⁸⁸
639 1151 705 1194 cum
720 1132 825 1212 quibus
831 1153 941 1213 pacem
945 1133 1066 1214 sectam
1080 1141 1202 1198 ιιιιιιιιιι

115 1217 239 1278 irritam
255 1213 331 1296 ficri
354 1220 519 1292 censurat,
541 1235 608 1278 crem
628 1214 1052 1299 enercitususussuqalusque
1066 1223 1120 1281 est.
1167 1219 1200 1282 G.

114 1299 248 1362 Hostilio
270 1301 417 1362 Mancino
440 1300 559 1362 mmule
578 1297 780 1379 sacrificante,
796 1301 876 1381 pulli
895 1321 933 1364 en
954 1321 1045 1364 cauea
1068 1303 1200 1365 evolam-

113 1390 198 1447 runt.
233 1383 440 1447 conscendenti
462 1383 568 1446 deinde
590 1384 703 1461 maim,
724 1389 759 1446 ut
781 1385 814 1447 in
833 1385 1016 1465 Hispaniam
1024 1386 1201 1466 proficisce-

113 1473 211 1545 retur,
227 1468 339 1531 accidit
352 1487 421 1546 rou,
435 1467 544 1544 Mane,
558 1467 708 1530 Mancino
720 1491 728 1530 s
751 1489 816 1549 qua
829 1471 965 1549 auspicia
979 1471 1083 1532 tristia
1090 1469 1200 1550 fnisse,

114 1559 221 1615 eventu
240 1551 405 1634 prolatum
433 1557 486 1616 est.
534 1551 639 1614 Wclus
666 1553 744 1614 enim
773 1573 793 1614 a
816 1553 1013 1616 Numantinis
1034 1560 1064 1616 et
1090 1556 1201 1616 castris

113 1643 234 1714 ecatus,
248 1657 337 1718 qssum
350 1656 418 1716 spes
432 1637 515 1698 nulla
527 1635 669 1700 seruandi
683 1637 835 1699 enercitus
848 1643 934 1715 esset,
952 1657 1061 1718 pacem
1077 1658 1143 1701 cum
1157 1641 1201 1701 cis

105 1720 186 1802 secit
210 1721 446 1804 iqnominiomm,
461 1741 552 1801 qnam
566 1727 667 1783 ratam
686 1739 751 1784 esse
767 1727 889 1783 senatus
909 1724 1012 1785 uetuit.
1059 1723 1201 1804 iiiqinta

113 1807 212 1868 millia
239 1807 443 1868 Romanorum
472 1826 492 1866 a
521 1805 777 1867 Numantinorum
803 1806 934 1868 millibus
962 1813 1091 1888 qsmtuor
1118 1808 1200 1869 uictu

112 1895 212 1952 mant.
255 1891 295 1952 D.
307 1889 418 1952 lunius
432 1889 633 1966 Dssntaniam,
649 1891 777 1971 triqinta
788 1890 907 1952 urbium
920 1891 1200 1972 eapuquationilus,

112 1973 1201 2140 tttlttttltltttltttltttntttttoiwt

732 2103 743 2136 l

111 2144 179 2224 ipse
193 2143 360 2220 transtulit,
375 2149 404 2205 et
416 2143 470 2218 sic,
481 2147 516 2204 ut
531 2143 824 2223 transqredcrsntur,
833 2144 998 2222 permensit.
1028 2143 1201 2205 Alenanelri

104 2227 204 2310 filius,
219 2247 275 2290 reu
290 2227 398 2309 squ-ia,
414 2227 513 2289 elecem
526 2247 621 2289 annos
635 2226 795 2289 admodum
809 2227 930 2303 laban,
949 2247 968 2289 a
983 2227 1125 2303 modulo,
1149 2228 1200 2307 qui

115 2313 258 2393 quplsan
279 2311 554 2393 coquomtnabamr,
575 2317 674 2374 tutare
692 2331 756 2388 suo,
773 2330 832 2391 per
838 2309 984 2392 frondem
1007 2311 1122 2374 occisus
1136 2316 1199 2382 est,-

111 2397 268 2477 conrupts's
282 2397 416 2474 medicis,
430 2397 491 2477 qui,
506 2415 573 2458 eum
587 2395 696 2458 animali
719 2395 821 2459 doure
844 2396 977 2458 consumi
999 2395 1043 2457 ad
1055 2395 1200 2476 populum

110 2483 241 2560 mantili,
256 2481 326 2544 dum
340 2480 649 2560 secam'oceitoun.

606 2731 705 2808 LVI.

156 2901 197 2966 D.
211 2899 322 2964 lunius
344 2901 461 2964 Brutus
488 2901 522 2963 in
544 2899 700 2980 Hispania
727 2899 872 2962 ulteriore
891 2895 1028 2978 feliciter
1055 2895 1199 2958 waeran

114 2985 264 3048 Gallacos
273 2987 432 3067 pugnavit.
469 2985 609 3046 dissimili
632 2989 737 3046 euentu
757 2985 805 3046 M.
821 2983 968 3044 AEmilius
984 2980 1115 3060 Lepidus
1122 2999 1199 3060 pro-

110 3070 218 3133 corsnsl
231 3069 374 3132 alomna
390 3069 527 3132 Vacenos
541 3069 720 3149 resposis,
735 3067 907 3146 clodeanue
920 3065 1047 3127 simlem
1061 3063 1199 3125 Numan-

111 3156 185 3217 tina
193 3173 305 3234 passus
318 3160 373 3217 est.
416 3153 471 3216 Ad
481 3151 691 3216 meolvendum
711 3151 893 3214 Numantini
906 3148 1035 3230 sacieris
1055 3145 1199 3228 reliqiane

105 3239 264 3321 populum,
277 3239 451 3316 Mancinus,
473 3259 563 3320 quum
578 3237 666 3318 injus
680 3239 726 3300 rei
740 3241 848 3299 auctor
854 3234 978 3315 suimet,
998 3232 1117 3294 desinas
1131 3232 1199 3293 Nu-

111 3324 267 3400 mantinis,
282 3343 341 3386 non
355 3329 401 3386 est
413 3329 558 3404 receptus.
599 3323 744 3386 Inutrum
759 3341 778 3384 a
794 3319 964 3384 canoribus
978 3317 1128 3381 conanum
1143 3322 1197 3380 est.

111 3407 135 3440 ⁸⁸
148 3408 243 3470 Gema
256 3413 327 3470 sunt
341 3409 450 3470 civium
464 3408 567 3488 capita
582 3413 717 3470 trecenta
729 3407 837 3488 amiati
852 3406 915 3468 tria
930 3403 1036 3466 millia.
1073 3401 1199 3464 ininius

111 3492 241 3554 stocos
255 3493 359 3554 consul
375 3492 516 3554 Vardaeos
528 3493 561 3552 in
575 3492 700 3572 illyrico
715 3491 840 3572 suieqit.
883 3491 931 3551 M.
946 3488 1107 3551 Cosconius
1115 3505 1193 3567 pra·

111 3583 164 3640 tor
177 3577 210 3638 in
225 3577 357 3638 Tlsracia
371 3597 438 3639 cnm
452 3575 622 3639 Scordiscis
629 3595 776 3656 prospere
784 3575 944 3656 puqnauit.
979 3573 1075 3644 Quum
1091 3571 1198 3633 ieiuno

110 3661 332 3724 Numantinum
360 3663 434 3724 uilia
463 3662 571 3723 mcum
598 3681 658 3722 non
683 3661 749 3722 sine
770 3659 890 3740 pudore
910 3657 1033 3738 publica
1061 3656 1197 3732 duraret,

111 3745 232 3807 delatus
253 3751 298 3807 est
319 3747 400 3808 ultro
416 3745 550 3826 Scipioni
564 3743 713 3824 Africano
727 3764 748 3805 a
760 3749 867 3806 senatu
876 3741 1046 3823 populoque
1060 3741 1197 3802 Romana

111 3829 307 3892 cmnulatus:
329 3849 415 3911 quem
439 3849 528 3911 quum
549 3829 598 3890 illi
622 3847 729 3910 capere
752 3825 820 3889 ¹⁷oi
849 3827 951 3908 leyen,
975 3844 1040 3906 qna
1066 3825 1197 3900 uetabat,

144 3987 177 4036 iiii
196 3987 250 4034 cun
260 3989 341 4048 quiins
349 3985 520 4048 peccassemus
531 3993 621 4034 senatus
631 3989 721 4034 irritans
752 3987 823 4034 monis
834 3985 1003 4032 nominabatur.
1038 3983 1068 4030 is.
1081 3981 1233 4030 Cossutianus
1242 3979 1271 4026 sd
1284 3977 1361 4026 Struit.

104 4053 162 4113 ¹fleri
172 4049 300 4112 msceres]
314 4051 422 4111 Sigonius
434 4053 531 4099 immisit
541 4049 719 4110 rifisrisqaad
753 4049 826 4096 tm.
838 4064 860 4108 p.
875 4049 926 4096 li&
1207 4105 1213 4118 ⁶
1242 4103 1247 4118 ι

111 4126 192 4163 tnnsen
209 4117 289 4162 abesse
307 4117 464 4172 maluerimus,
476 4125 500 4163 et
517 4130 598 4162 sesses
613 4115 721 4174 ignorant
784 4113 816 4160 iii
834 4113 906 4160 Cema
917 4108 981 4173 nent]
1000 4112 1037 4158 Sic
1055 4109 1159 4171 plerique
1170 4113 1248 4164 senpts
1264 4113 1287 4151 et
1305 4113 1362 4152 vett.

111 4179 220 4228 Andreas
231 4187 255 4225 et
267 4180 406 4240 Campanus.
752 4177 817 4224 editi.
836 4177 863 4224 in
876 4177 975 4236 vulgetis
987 4175 1052 4222 deest
1062 4181 1121 4220 sum.
1140 4170 1186 4217 Sed
1197 4178 1220 4215 et
1232 4169 1256 4214 in
1265 4183 1362 4215 numero

143 4243 177 4290 Μ
194 4244 233 4288 Ad
246 4239 516 4304 OeemmetOesassuss]
529 4241 641 4298 Andreas,
650 4243 720 4289 cans·
753 4241 837 4287 civium
850 4235 1147 4287 censorumssrisntiitssi.
1181 4233 1267 4278 Verum
1284 4247 1361 4294 apes·

110 4321 196 4368 panus,
208 4307 304 4352 iiessnii
324 4309 422 4362 codices,
434 4307 543 4367 Sigonius
562 4306 673 4352 amittunt
691 4301 722 4351 cd
754 4305 855 4364 pretium
868 4319 914 4351 nan
923 4303 1014 4350 videtur
1022 4303 1046 4348 in
1055 4301 1091 4346 isis
1100 4297 1195 4344 minutis
1205 4295 1268 4342 nien
1277 4297 1361 4343 imma·

134 4386 298 4480 eqqssqqq'qvqm
312 4429 460 4495 Oiiioimen]
487 4433 623 4492 Legendnns
637 4433 722 4478 Ollisi·
786 4401 818 4487 ii
836 4431 871 4478 ot
886 4433 954 4492 legem
972 4443 1021 4491 qua
1038 4427 1128 4475 sstalat
1143 4439 1272 4488 quemqnam
1283 4426 1363 4472 ileruss

109 4501 168 4545 onis.
203 4497 264 4544 Nam
284 4497 303 4544 is
321 4497 413 4554 fluvius,
425 4513 472 4546 nan
485 4497 579 4553 Obliuio,
597 4497 639 4543 sed
659 4495 721 4542 Oili-
755 4491 934 4556 carsslcnfisrs']
952 4493 1013 4542 olins
1030 4493 1151 4552 legebatur
1162 4503 1291 4551 quemquern
1302 4491 1364 4535 intra

201 4577 280 4622 von.
295 4579 349 4622 ιιι.
1150 4551 1197 4616 sl
