3118 5002
473 311 563 375 LlB.
586 311 698 377 XLII.
724 312 821 378 cAP.
843 313 940 378 XIX.
1327 317 1390 378 843

131 466 205 524 iasio
218 459 263 522 ad
273 477 342 522 rem
357 458 515 522 celandam
526 460 644 522 maer.
688 461 729 524 Se
743 462 896 541 datarum,
907 463 988 544 pood
999 481 1054 526 nec
1067 465 1102 526 s'n
1114 463 1225 542 doado,
1240 481 1269 529 υ.
1279 482 1305 529 c.
1317 481 1372 528 sao.

130 565 191 608 nee
216 546 332 622 daiam
346 545 408 606 ulio
424 545 509 624 eipso
533 545 677 625 deprendi
692 552 806 626 posset.
850 547 1026 624 Rammius,
1040 547 1160 611 veritus
1173 569 1224 627 ne,
1239 545 1304 592 Μ·
1319 544 1372 598 ¹²2

131 629 162 692 si
177 627 352 705 abnuisset,
365 626 489 712 primus
511 627 578 712 ipae
602 629 715 692 veneni
738 631 990 778 experimentum
1008 639 1102 709 esset,
1123 632 1224 695 factu·

132 735 209 776 rum
238 713 399 798 pollicitus
429 713 648 796 proficiscitur.
685 735 744 777 nec
802 715 980 778 ruudisium
1009 724 1083 779 ante
1112 715 1223 794 redire,

133 819 234 882 quam
256 806 412 861 convento
437 796 476 862 C.
490 797 615 860 Valerio
638 796 751 895 legato,
766 799 821 881 qui
847 799 930 862 circa
952 799 1135 864 Chalcidem
1154 821 1222 864 esse

134 882 309 960 dicebatur,
324 881 435 946 voluit.
479 881 531 944 Ad
545 903 617 944 eum
656 903 771 944 runum
786 883 901 946 indicio
916 885 1030 962 delato,
1040 884 1136 968 jussu
1153 884 1222 968 ejus

135 968 273 1030 Romam
287 967 382 1030 simul
398 965 493 1030 venit.
537 966 608 1029 Intr
651 975 743 1030 uctus
758 967 792 1030 in
807 968 936 1046 curiam,
951 990 1023 1052 quoe
1038 976 1221 1047 acta·erant,

135 1062 310 1200 exXoXXltl.
335 1135 417 1198 Haec
441 1134 482 1198 ad
502 1155 548 1211 es,
562 1155 634 1217 qua
658 1135 698 1198 ab
722 1136 866 1198 Eumene
882 1136 985 1200 delata
1003 1146 1101 1216 erant,
1117 1157 1220 1200 acces-
1234 1151 1336 1228 eantur·

134 1241 215 1299 sere,
231 1242 294 1304 quo
308 1219 464 1283 maturius
479 1219 579 1281 hostis
596 1219 729 1282 Perseus
747 1219 961 1304 judicaretur:
984 1222 1102 1306 quippe
1125 1243 1220 1304 quem
1233 1216 1319 1326 penum
1329 1229 1355 1262 ¹¹

133 1327 202 1368 non
212 1306 338 1390 justum
352 1305 447 1368 modo
462 1304 610 1388 adparere
625 1303 744 1367 bellum
759 1305 845 1388 regio
855 1305 971 1384 animo,
982 1305 1038 1368 sed
1049 1327 1106 1391 per
1116 1305 1222 1370 omnia
1251 1293 1323 1326 ‘¹¹²⁸'

133 1389 332 1452 clandestina
418 1389 479 1450 sari
495 1388 610 1450 scelera
623 1387 859 1452 latrociniorum
872 1411 908 1452 ac
919 1390 1141 1453 veneficiorum
1155 1411 1222 1452 cer-

134 1473 268 1536 nebant.
310 1473 390 1536 Beli
405 1472 634 1535 administratio
649 1473 690 1536 ed
705 1494 803 1536 novos
815 1473 960 1536 eonsules
974 1473 1165 1558 rejecisset:
1188 1473 1221 1537 in

134 1557 308 1642 praesentia
320 1567 423 1620 tamen
438 1557 499 1620 Cn.
516 1557 669 1620 Sicinium
684 1566 862 1641 praetorem,
877 1557 968 1622 cu'us
983 1557 1066 1622 inter
1084 1559 1167 1622 cives
1190 1565 1222 1621 et

134 1641 320 1726 peregrinos
329 1641 507 1726 jurisdictio
519 1651 595 1718 erat,
607 1641 742 1704 scribere
757 1641 872 1706 milites
910 1581 1026 1722 iacuit3
1041 1643 1106 1727 qui,
1116 1642 1221 1706 Brun-

134 1727 254 1790 disium
269 1725 366 1804 ducti,
381 1726 483 1810 primo
499 1747 625 1809 quoque
647 1733 789 1824 tempore
803 1665 1006 1812 Apoliomam
1028 1727 1061 1790 in
1085 1727 1220 1811 Epirum

133 1811 354 1895 trajicerentur
368 1811 409 1874 ad
422 1809 622 1894 occupandas
642 1811 814 1874 maritimas
836 1812 941 1890 urbes,
954 1812 1010 1876 ubi
1032 1811 1153 1889 consul,
1169 1811 1220 1874 cui

133 1896 298 1993 provincia
324 1894 512 1958 Macedonia
534 1895 723 1974 obvenisset,
748 1896 879 1959 classem
902 1897 1057 1981 adpellere
1081 1905 1163 1974 tuto,
1188 1904 1220 1959 et

133 2001 243 2064 copias
258 1980 530 2064 percommodum
544 2001 700 2077 exponere
720 1989 837 2064 posset
881 1981 1052 2058 Eumenes,
1067 1981 1355 2095 aliquam-Eme:

134 2065 191 2127 diu
215 2065 341 2148 AEginae
366 2072 508 2128 retentus
529 2063 705 2148 periculosa
730 2073 762 2126 et
785 2064 902 2127 difficili
926 2065 1095 2143 curatione,
1119 2087 1218 2148 quum
1230 2126 1333 2172 gemam

135 2149 277 2233 primum
299 2157 369 2212 tuto
393 2149 508 2233 potuit,
523 2149 683 2233 profectus
708 2148 908 2232 Pergamum,
921 2158 1036 2233 praeter
1049 2149 1219 2233 pristinum

136 2233 247 2296 odium
262 2234 377 2296 recenti
392 2233 487 2296 etiam
501 2233 616 2296 scelere
631 2232 736 2295 Persei
750 2233 942 2310 stimulante,
951 2254 1075 2295 summa
1085 2232 1116 2296 vi
1130 2253 1219 2316 para·

135 2318 193 2381 bat
208 2317 335 2381 bellum.
378 2317 490 2402 Legati
515 2339 552 2380 eo
574 2317 614 2380 ab
638 2317 750 2393 Roma,
773 2316 968 2400 gratulantes
982 2317 1069 2400 quod
1090 2337 1107 2378 e
1132 2325 1221 2380 tanto

136 2401 277 2487 periculo
290 2402 449 2480 evasisset,
463 2409 627 2464 venerunt.
672 2401 782 2466 Quum
798 2401 1041 2464 Macedonicum
1054 2400 1172 2463 bellum
1188 2401 1222 2464 in

138 2507 258 2548 annum
280 2487 412 2550 dilatmn
436 2494 528 2564 esset,
553 2485 663 2548 ceteris
687 2485 877 2570 praetoribus
896 2486 964 2570 jam
986 2485 1019 2548 in
1043 2485 1221 2570 provincias

139 2571 296 2654 prosectis,
312 2571 359 2634 M.
375 2571 397 2634 J
399 2571 493 2634 unius
505 2579 537 2633 et
559 2569 614 2654 sp.
629 2569 806 2649 Lucretius,
820 2569 936 2654 quibus
961 2569 1126 2654 Hispaniae
1148 2591 1221 2654 pro-

139 2655 250 2718 vinciae
265 2655 466 2733 obvenerant,
481 2655 612 2739 fatigato
626 2675 710 2740 saepe
731 2655 815 2718 idem
838 2655 975 2740 petendo
991 2665 1103 2718 senatu
1114 2666 1136 2732 ⁸,
1151 2664 1221 2718 tan-

139 2739 211 2802 dem
225 2739 434 2824 pervicerunt,
449 2748 486 2802 ut
500 2739 757 2856 supplementum
772 2740 832 2803 sibi
846 2741 886 2802 ad
900 2741 1072 2804 exercitum
1094 2741 1222 2803 daretur

138 2824 199 2888 tria
226 2823 324 2888 millia
351 2825 511 2909 peditum,
563 2833 692 2887 centum
726 2833 758 2887 et
787 2825 1018 2910 quinquaginta
1042 2825 1163 2908 equites
1187 2824 1221 2887 in

140 2909 299 2972 Romanas
326 2909 483 2993 legiones:
519 2908 553 2972 in
585 2909 730 2971 socialem
755 2908 927 2971 exercitum
957 2910 1097 3007 quinque
1124 2907 1222 2971 millia

138 2993 294 3078 peditum,
308 2993 372 3056 “et
385 2993 561 3056 trecentos¹
581 2993 713 3076 equites,
733 2992 885 3076 imperare
906 2993 998 3056 sociis
1012 2993 1104 3077 jussi.
1149 2991 1222 3055 Hoc

139 3077 302 3162 copiarum
331 3077 364 3141 in
396 3075 568 3162 Hispanias
596 3099 670 3141 cum
707 3077 898 3162 praetoribus
933 3077 1024 3142 novis
1059 3083 1222 3161 portatum

139 3171 197 3226 est.

182 3247 278 3310 XIX.
301 3247 424 3310 Eodem
439 3267 532 3325 anno,
548 3246 622 3330 quia
635 3267 692 3331 per
712 3245 958 3330 recognitionem
975 3243 1128 3309 Postumii
1147 3265 1222 3308 con-

140 3331 217 3394 sulis
233 3353 347 3415 magne
359 3353 432 3415 pars
447 3331 513 3416 egri
529 3329 694 3415 Campani,
709 3353 804 3414 quem
824 3330 938 3416 privati
957 3329 1024 3394 sine
1043 3329 1222 3394 discrimine
1296 3407 1299 3415 Ι

139 3415 257 3500 passim
281 3417 495 3500 possederant,
506 3424 690 3500 recuperata
712 3415 745 3478 in
768 3416 933 3500 publicum
948 3423 1024 3492 erat,
1039 3415 1088 3479 M.
1104 3416 1222 3478 Lucre-

139 3501 203 3562 tius
224 3499 371 3562 tribnnus
393 3499 495 3584 plebis
513 3499 736 3585 promulgavit,
752 3509 789 3562 ut
808 3523 919 3584 agrum
935 3499 1135 3584 Campanum
1149 3522 1223 3562 cen-

141 3605 226 3648 sores
241 3583 410 3648 fruendum
425 3585 583 3648 locarent:
606 3583 692 3668 quod
707 3585 825 3646 factum
841 3592 889 3648 tot
903 3584 995 3646 annis
1010 3593 1084 3667 post
1098 3593 1223 3668 captam

141 3668 283 3753 Capuam
298 3691 363 3732 non
378 3670 489 3746 furerat,
504 3669 525 3700 ⁸¹
537 3669 619 3731 utin
635 3689 735 3731 vacuo
754 3678 920 3752 vagaretur
942 3668 1099 3752 cupiditas
1120 3667 1223 3766 priva-

140 3763 254 3817 torum.
299 3755 408 3820 Quum
420 3755 453 3816 in
469 3751 701 3838 exspectatione
717 3761 845 3815 senatus
867 3761 959 3830 esset,
973 3751 1055 3816 bello
1077 3761 1137 3815 etsi
1158 3775 1223 3816 non

139 3837 269 3916 aedicto,
285 3847 391 3902 tamen
398 3837 467 3923 jam
482 3837 618 3916 decreto,
633 3837 688 3922 qui
702 3859 813 3921 regum
827 3858 927 3916 suam,
943 3837 1049 3900 Persei
1064 3837 1119 3922 qui
1134 3859 1223 3902 secu·

188 4017 334 4084 ‘fatigantes
343 4037 401 4082 sepe
413 4023 470 4068 idem
481 4022 576 4082 petendo
586 4028 687 4068 senators
700 4021 795 4082 Xeeyss.
810 4021 885 4068 seua.
1014 4017 1127 4069 ¹trecenti
1139 4023 1211 4068 Gron.

141 4180 247 4239 repetitio
258 4181 320 4226 vocis
338 4195 392 4227 ress.
426 4181 486 4226 Eam
501 4181 564 4226 delet
575 4180 706 4226 Gronovius
724 4180 748 4226 in
782 4181 844 4226 Hinc
855 4181 991 4227 sustulimus
1009 4180 1157 4227 manifestum
1172 4178 1334 4230 solecismum.
1346 4177 1387 4237 qni

140 4245 388 4303 posterioremembso.
425 4245 491 4290 ldem
503 4247 694 4305 mancipioque,
706 4257 749 4290 nec
781 4245 903 4304 plerasque
930 4259 1071 4305 superarum
1103 4243 1231 4290 editionum
1262 4241 1387 4300 insederat,

140 4309 190 4354 sine
202 4323 279 4360 musa,
290 4310 376 4366 edicas,
389 4315 469 4363 tutan,
482 4311 556 4355 detur.
781 4311 883 4354 trecenti.

171 4373 202 4425 ⁶7
221 4373 314 4419 cesten
336 4379 358 4418 et
383 4374 549 4433 quinquaginta
575 4367 672 4434 qums]
707 4371 751 4417 Vel
813 4375 845 4419 oli
862 4375 877 4404 θ
894 4369 1050 4430 Utissseso]
1069 4369 1142 4416 liant
1159 4369 1388 4428 cupiditssprlvsto·

140 4437 230 4494 supple,
242 4437 278 4480 sel
290 4436 466 4484 sddsseritm.
781 4449 842 4490 rum,
864 4436 929 4481 nullo
951 4436 1068 4480 retardata
1088 4432 1161 4486 freno,
1178 4432 1299 4482 invaderet
1321 4447 1388 4494 agros

170 4499 204 4547 Μ
220 4499 252 4546 Et
263 4506 373 4546 erm
383 4501 470 4560 quon
480 4503 592 4562 mors
603 4495 748 4560 miniari]
782 4513 865 4546 vacuos
877 4506 901 4546 es
912 4498 969 4544 nulli
982 4499 1064 4544 colono
1074 4496 1205 4544 attributos.
