3086 4952
270 383 310 444 18
855 371 947 436 TlTI
977 371 1093 436 LlVll

271 547 300 594 u.
310 547 336 593 c.
349 545 402 593 aaa.
432 525 521 588 ribus
535 521 635 607 signis
650 519 784 586 conlatis
798 518 973 605 pugnavit:
989 539 1103 583 novem
1118 517 1218 582 millia
1230 517 1373 582 hostium
1389 520 1464 584 occi.

271 609 338 658 Mi·
352 610 403 658 ¹⁹2
432 617 553 674 ceteros
576 607 665 670 fusos
689 605 877 689 fugatosque
901 605 935 667 in
958 611 1061 668 castm
1083 603 1248 688 compulit.
1291 603 1341 666 Ea
1363 625 1464 688 nsque

432 701 559 757 noctem
573 713 689 776 magno
704 689 873 754 certamine
892 689 1077 774 obpugnata
1098 688 1287 772 defensaque
1307 696 1394 752 sunt.
1432 711 1464 752 n<

435 778 516 842 clam
539 775 673 862 proiecti
695 774 848 858 Ligures:
870 773 974 872 prima
1002 773 1072 836 lnce
1101 773 1266 836 Romanus
1293 793 1394 838 vacua
1422 796 1464 836 cn

433 862 558 925 invasit.
593 860 711 946 praedae
740 859 847 922 minus
871 864 1038 922 inventum
1063 865 1122 935 est,
1144 857 1232 941 quod
1260 857 1395 921 subinde
1424 879 1464 942 sp

435 967 582 1031 agrorum
611 953 705 1028 capta
733 943 845 1006 domos
874 943 1054 1006 mittebant.
1106 941 1272 1005 Minucius
1301 942 1383 1005 nihil
1411 943 1464 1006 dei:

435 1029 604 1094 laxamenti
619 1028 764 1092 hostibus
778 1027 874 1091 dedit.
897 1048 936 1090 ex
951 1048 1025 1112 agro
1038 1027 1152 1090 Pisano
1163 1026 1197 1089 in
1207 1027 1342 1111 Ligures
1352 1027 1464 1111 profec:

435 1115 563 1178 castella
576 1113 724 1197 vicosque
739 1133 849 1176 eorum
862 1111 930 1196 igni
942 1112 1086 1195 ferroque
1099 1111 1309 1195 pervastavite
1331 1111 1377 1174 ibi
1390 1110 1464 1196 ”pn

436 1201 583 1277 Etrusca,
598 1219 670 1282 quae
684 1197 781 1261 missa
794 1217 813 1260 a
826 1195 1069 1282 populatoribus
1081 1197 1194 1276 hietat,
1214 1195 1355 1280 repletus
1370 1203 1420 1258 est
1434 1217 1464 1259 nr

437 1285 611 1347 Romanus.

478 1368 594 1431 XXII.
618 1365 686 1430 Sub
700 1365 785 1429 idem
798 1371 927 1450 tempus
941 1363 962 1399 ’¹
973 1363 1069 1449 legati
1082 1363 1123 1428 ab
1137 1363 1266 1448 regibus
1277 1364 1412 1428 Romam
1422 1385 1464 1427 rer

435 1460 554 1516 terunt.
589 1451 645 1536 qui
667 1471 767 1534 quum
787 1450 877 1528 nihil,
892 1449 979 1533 quod
1002 1448 1078 1512 satis
1100 1455 1258 1512 maturam
1281 1469 1425 1512 caussam
1450 1449 1464 1512 l

436 1537 576 1614 haberet,
595 1535 658 1599 nisi
671 1536 822 1598 adversus
837 1533 1114 1596 Lacedaemonium
1129 1541 1312 1617 tyrannum,
1324 1533 1464 1596 adtuliss

437 1642 532 1703 quem
541 1619 702 1768 mchaei
722 1618 818 1765 lqgati
840 1617 1057 1765 nunciapteiapiv
1075 1625 1185 1764 conttqa
1209 1617 1324 1764 foedusl
1335 1617 1464 1715 maritin

438 1725 525 1768 oram
627 1724 740 1766 numo
853 1723 922 1766 are·
1024 1723 1062 1765 us
1097 1723 1140 1764 rae
1175 1721 1464 1765 rcumcassemrs

438 1789 535 1852 estin
554 1787 711 1852 Graeciam
785 1724 892 1850 ldogdios
912 1724 1273 1864 luendos.pConsules,
1294 1787 1420 1871 quando
1445 1809 1464 1850 n

439 1873 479 1936 ab
498 1873 658 1936 Antiocho
680 1871 822 1950 instaret,
843 1870 1001 1956 proficisci
1022 1869 1116 1934 ambo
1138 1869 1172 1934 in
1194 1871 1372 1955 provincias
1394 1871 1464 1968 plan

439 1957 601 2021 Domitius
628 1956 669 2020 ab
697 1955 852 2035 Arimino,
896 1976 939 2018 ua
966 1955 1148 2039 proximum
1172 1954 1244 2033 fuit,
1272 1955 1444 2021 ancnus

439 2042 574 2126 Ligures
588 2042 622 2104 in
638 2040 735 2104 Boios
748 2040 845 2105 venit.
923 2061 964 2103 uo
985 2039 1155 2103 consulum
1177 2039 1305 2138 agmina
1326 2039 1464 2104 diversa}

438 2147 551 2211 agrum
577 2125 717 2188 hostium
746 2131 978 2223 pervastsnmt.
1013 2125 1118 2208 primo
1143 2133 1266 2207 equites
1293 2145 1402 2188 eorum
1430 2145 1464 2209 pa

438 2231 512 2274 curn
548 2209 693 2288 raefectis,
707 2209 820 2274 demde
835 2207 1002 2273 universus
1023 2217 1162 2287 senatus,
1182 2217 1345 2292 postremo
1359 2209 1392 2272 in
1407 2209 1464 2292 qui

439 2303 495 2359 aut
529 2303 644 2358 ortuna
665 2294 780 2378 aliqua,
800 2302 857 2358 aut
901 2293 908 2307 '
957 2293 1016 2356 'tas
1038 2299 1115 2373 erat,
1138 2293 1179 2356 ad
1199 2293 1285 2356 mille
1303 2293 1464 2378 quingenti

274 2399 321 2476 aa
334 2399 420 2460 sispa-
438 2379 585 2443 consules
599 2379 848 2463 heusingerunt.
922 2387 937 2442 t
954 2378 989 2441 in
1003 2385 1137 2476 utraque
1153 2377 1310 2476 Hispania
1324 2399 1361 2441 eo
1376 2399 1459 2476 anno

273 2477 338 2569 ι’·
437 2484 598 2610 sun
611 2461 1464 2643 seruerit-..teu”susensi

437 2631 505 2693 lum
519 2629 749 2693 Corribilonem
763 2631 871 2694 vivum
886 2630 987 2716 capite
1009 2639 1042 2694 et
1097 2677 1105 2694 .
1121 2629 1253 2695 Fulvius
1266 2631 1464 2716 proconsule

437 2713 563 2778 duobus
576 2713 765 2778 exercitibus
779 2714 920 2778 hostium
934 2715 998 2779 duo
1012 2715 1150 2779 secunda
1163 2715 1275 2800 proelia
1293 2715 1385 2780 fecit:
1407 2737 1464 2800 opp

437 2798 523 2862 duo‘
537 2798 765 2897 Hispanorum,
778 2797 801 2832 ¹¹
811 2799 987 2864 Vesceliam
999 2800 1232 2884 Holonemque,
1243 2808 1276 2864 et
1286 2800 1414 2864 castella
1424 2823 1464 2864 mr

437 2891 649 2970 expugnamtr
672 2883 732 2947 alia
745 2883 909 2948 voluntate
924 2883 965 2947 ad
977 2905 1050 2948 enm
1069 2884 1261 2948 defecerunt
1296 2893 1367 2948 tum
1386 2885 1420 2948 in
1444 2885 1464 2949 C

436 2975 529 3031 tanos
550 2989 747 3054 progressus,
770 2976 802 3032 et
823 2968 868 3033 ibi
893 2969 1019 3033 duobus
1042 2969 1164 3068 potitus
1188 2969 1324 3055 oppidis,
1346 2969 1464 3033 Noliba

438 3053 560 3133 Cusibi,
575 3054 616 3116 ad
629 3053 753 3138 Tagum
763 3075 890 3118 amnem
903 3054 949 3117 ire
963 3061 1077 3138 pergit.
1119 3053 1268 3118 Toletum
1281 3054 1326 3118 ibi
1364 3076 1464 3118 arvau

436 3145 514 3216 erat,
537 3139 594 3200 sed
617 3137 687 3201 loco
709 3138 834 3202 munito
842 3149 865 3202 ⁸.
901 3159 971 3202 eam
993 3158 1094 3221 quum
1119 3139 1329 3224 obpugnaret,
1375 3146 1464 3202 ecton

436 3242 470 3282 m
533 3241 573 3284 us
597 3221 752 3285 exercitus
766 3222 927 3286 Toletanis
951 3223 1093 3286 subsidio
1115 3223 1212 3288 venit
1256 3223 1342 3287 Cum
1359 3223 1410 3287 his
1426 3223 1464 3308 sig

438 3325 475 3368 co
529 3304 571 3368 tis
594 3325 744 3390 prospere
773 3307 948 3392 pugnavit:
971 3314 1013 3387 et,
1036 3307 1116 3371 fusis
1139 3307 1347 3388 Vectonibus,
1376 3309 1464 3394 operi

437 3389 585 3452 Toletum
600 3411 635 3453 ce
659 3389 694 3453 it.

273 3487 426 3564 supernae
481 3411 789 3538 tarentinarum
813 3495 851 3540 eo
874 3482 1019 3560 tempore
1045 3475 1153 3539 minus
1178 3497 1216 3540 ea
1234 3476 1327 3554 bella,
1347 3497 1464 3561 quaeg

272 3549 398 3600 Autumno
437 3557 565 3638 bantur,
580 3579 664 3623 curas
680 3559 827 3623 Patribus
838 3567 938 3638 erant,
952 3581 1048 3645 quam
1062 3560 1255 3646 exspectatio
1269 3562 1412 3626 nondum
1429 3583 1464 3624 en

437 3663 511 3705 curn
534 3643 693 3708 Antiocho
714 3643 799 3708 belli.
835 3665 909 3708 nam
931 3645 992 3708 etsi
1011 3667 1069 3730 per
1087 3644 1207 3730 legatos
1222 3645 1404 3710 idemtidem
1419 3667 1464 3710 on

437 3725 692 3811 explorabantur,
712 3736 819 3793 tamen
839 3750 993 3809 rumores,
1018 3737 1136 3794 temere
1158 3729 1226 3794 sine
1251 3729 1325 3794 ullis
1343 3731 1464 3795 auctori

431 3875 623 3922 ‘mutabant
634 3876 707 3923 Gron.
717 3875 785 3921 Cres.
947 3871 1011 3922 fdus
1022 3875 1068 3922 del.
1080 3875 1145 3922 lind.
1305 3879 1415 3924 suessa
1427 3877 1464 3924 Ea

303 3997 334 4053 7⁰
350 3995 457 4045 'Prode
469 3999 574 4055 litteren,
585 3995 648 4060 qao]
666 3998 756 4054 Prode,
768 4012 880 4058 qucrnea
913 3999 997 4045 litteris
1006 3999 1152 4051 mutstioner
1164 4000 1206 4046 red
1214 4000 1272 4046 situs
1283 4000 1386 4046 locorum
1394 4013 1464 4058 repug

272 4063 367 4110 Etruria
376 4063 495 4108 collectam
507 4063 604 4122 Ligures
612 4064 761 4123 populatores
769 4063 882 4110 ιιιίιιιιιιῑ
914 4063 1014 4109 videtur.
1048 4063 1106 4109 Belo
1125 4064 1189 4110 enim
1209 4065 1264 4110 urbs
1278 4063 1369 4109 Βιιιίιιι
1384 4064 1464 4109 mariti

270 4127 295 4173 in
307 4141 349 4174 sus
361 4127 456 4172 catella
466 4126 582 4186 vicosque.
911 4127 1008 4187 regione
1021 4127 1092 4186 Tingi
1109 4127 1216 4187 opposita
1232 4127 1332 4174 nimium
1344 4127 1413 4173 distat
1424 4129 1453 4172 ab

303 4190 331 4244 71
351 4191 433 4252 Legati
454 4191 484 4237 ab
505 4187 609 4252 regibus]
638 4189 739 4236 Romani
762 4189 833 4249 legati
850 4193 880 4236 ab
912 4191 973 4237 tanis
985 4191 1086 4251 populis,
1097 4190 1122 4236 in
1135 4205 1193 4250 quos
1204 4205 1259 4237 mox
1271 4205 1284 4237 a
1296 4192 1369 4252 captia
1382 4191 1464 4237 Vesceli

270 4255 371 4313 regibus,
383 4255 412 4301 ad
424 4268 482 4314 quos
493 4254 556 4300 missi
571 4253 672 4309 inerant,
684 4255 783 4300 Romam
800 4267 879 4300 rerer·
914 4255 1006 4300 llolone
1023 4268 1159 4314 progressus
1170 4269 1221 4300 esre
1233 4255 1319 4300 dicitur
1332 4255 1433 4300 Fulvius.

270 4323 356 4364 terunt
912 4319 961 4364 tani
973 4318 1035 4364 inter
1047 4319 1122 4364 Anam
1134 4325 1158 4364 et
1171 4319 1262 4373 Betim,
1273 4319 1303 4364 ad
1316 4320 1435 4378 utriusque
1446 4319 1464 4363 s

302 4381 335 4434 Ἠ
354 4381 474 4428 Vescelia
485 4377 647 4443 Helonemque]
666 4380 751 4426 Parum
768 4387 824 4427 note
839 4393 882 4426 no·
914 4381 950 4427 nir
973 4381 1049 4428 fontes
1070 4381 1210 4428 incolebant.
1253 4382 1426 4429 Crediderimns
1448 4397 1464 4442 p

270 4443 341 4490 mina.
381 4444 440 4490 Vici.
461 4446 511 4492 cod.
535 4459 589 4491 cnm
613 4445 741 4499 Thasum,
761 4451 786 4488 et
807 4445 880 4490 Medii
914 4443 1043 4491 Vesceliam
1057 4445 1464 4506 llolonernqnericinioreslberoli

270 4507 337 4562 libro,
349 4507 507 4568 Helonemque.
527 4509 588 4556 Hine
597 4509 646 4556 Jac.
655 4508 788 4556 Gronovius
799 4508 880 4568 legen-
913 4521 983 4568 quern
995 4509 1111 4556 Oeensis.

270 4573 326 4617 dum
350 4571 441 4630 putavit
462 4571 626 4634 Behsenqw
654 4571 752 4618 minima
771 4579 834 4620 certe
854 4572 880 4618 in
