<?xml version="1.0" encoding="UTF-8"?>
<!DOCTYPE html PUBLIC "-//W3C//DTD XHTML 1.0 Transitional//EN"
    "http://www.w3.org/TR/xhtml1/DTD/xhtml1-transitional.dtd">
<html xmlns="http://www.w3.org/1999/xhtml" xml:lang="en" lang="en">
 <head>
  <title>
</title>
<meta http-equiv="Content-Type" content="text/html;charset=utf-8" />
  <meta name='ocr-system' content='tesseract 3.04.00' />
  <meta name='ocr-capabilities' content='ocr_page ocr_carea ocr_par ocr_line ocrx_word'/>
</head>
<body>
  <div class='ocr_page' id='page_1' title='image "./tliviipatavinih01crevgoog/tliviipatavinih01crevgoog_0083.png"; bbox 0 0 3086 4952; ppageno 0'>
   <div class='ocr_carea' id='block_1_1' title="bbox 398 329 1389 404">
    <p class='ocr_par' dir='ltr' id='par_1_1' title="bbox 398 329 1389 404">
     <span class='ocr_line' id='line_1_1' title="bbox 398 329 1389 404; baseline 0.007 -9"><span class='ocrx_word' id='word_1_1' title='bbox 398 331 487 396; x_wconf 88' lang='lat' dir='ltr'><strong>LlB.</strong></span> <span class='ocrx_word' id='word_1_2' title='bbox 510 329 673 394; x_wconf 85' lang='lat' dir='ltr'><strong>xxxvt.</strong></span> <span class='ocrx_word' id='word_1_3' title='bbox 702 329 798 396; x_wconf 83' lang='lat' dir='ltr'><strong>CAP.</strong></span> <span class='ocrx_word' id='word_1_4' title='bbox 822 331 1003 398; x_wconf 85' lang='lat' dir='ltr'><strong>XXXVII.</strong></span> <span class='ocrx_word' id='word_1_5' title='bbox 1349 341 1389 404; x_wconf 82' lang='grc'><strong>73</strong></span> 
     </span>
    </p>
   </div>
   <div class='ocr_carea' id='block_1_2' title="bbox 118 477 1371 4027">
    <p class='ocr_par' dir='ltr' id='par_1_2' title="bbox 128 477 1371 816">
     <span class='ocr_line' id='line_1_2' title="bbox 130 477 1371 604; baseline 0.009 -62"><span class='ocrx_word' id='word_1_6' title='bbox 130 477 174 542; x_wconf 85' lang='lat' dir='ltr'><strong>ab</strong></span> <span class='ocrx_word' id='word_1_7' title='bbox 189 485 309 542; x_wconf 69' lang='lat' dir='ltr'><strong>matti.</strong></span> <span class='ocrx_word' id='word_1_8' title='bbox 338 479 489 542; x_wconf 85' lang='lat' dir='ltr'><strong>&#39;centum</strong></span> <span class='ocrx_word' id='word_1_9' title='bbox 503 478 774 604; x_wconf 51' lang='lat' dir='ltr'><strong>pondodooronam</strong></span> <span class='ocrx_word' id='word_1_10' title='bbox 788 501 913 544; x_wconf 84' lang='lat' dir='ltr'><strong>auream</strong></span> <span class='ocrx_word' id='word_1_11' title='bbox 928 489 1114 581; x_wconf 75' lang='lat' dir='ltr'><strong>posuerupt.</strong></span> <span class='ocrx_word' id='word_1_12' title='bbox 1148 483 1223 548; x_wconf 89' lang='lat' dir='ltr'><strong>Non</strong></span> <span class='ocrx_word' id='word_1_13' title='bbox 1238 503 1266 550; x_wconf 84' lang='lat' dir='ltr'><strong>tt.</strong></span> <span class='ocrx_word' id='word_1_14' title='bbox 1278 496 1304 552; x_wconf 85' lang='lat' dir='ltr'><strong>o.</strong></span> <span class='ocrx_word' id='word_1_15' title='bbox 1317 507 1371 553; x_wconf 80' lang='lat' dir='ltr'><strong>tat.</strong></span> 
     </span>
     <span class='ocr_line' id='line_1_3' title="bbox 128 564 1368 734; baseline 0.004 -24"><span class='ocrx_word' id='word_1_16' title='bbox 128 564 1159 734; x_wconf 59' lang='lat' dir='ltr'><strong>tttttttlttqtttt.Mtttttt²bt¹ssltttt</strong></span> <span class='ocrx_word' id='word_1_17' title='bbox 1183 590 1223 716; x_wconf 66' lang='grc' dir='ltr'><strong>ἓξ</strong></span> <span class='ocrx_word' id='word_1_18' title='bbox 1237 568 1302 616; x_wconf 51' lang='grc' dir='ltr'><strong>Μ’</strong></span> <span class='ocrx_word' id='word_1_19' title='bbox 1317 569 1368 618; x_wconf 81' lang='lat'>¹⁰¹&#39;</span> 
     </span>
     <span class='ocr_line' id='line_1_4' title="bbox 128 731 1222 816; baseline 0.006 -23"><span class='ocrx_word' id='word_1_20' title='bbox 128 731 241 816; x_wconf 85' lang='lat' dir='ltr'><strong>legatis</strong></span> <span class='ocrx_word' id='word_1_21' title='bbox 257 733 353 795; x_wconf 77' lang='lat' dir='ltr'><strong>dabas</strong></span> <span class='ocrx_word' id='word_1_22' title='bbox 370 742 429 796; x_wconf 83' lang='lat' dir='ltr'><strong>est.</strong></span> <span class='ocrx_word' id='word_1_23' title='bbox 472 731 609 810; x_wconf 88' lang='lat' dir='ltr'><strong>Bellum,</strong></span> <span class='ocrx_word' id='word_1_24' title='bbox 624 733 710 816; x_wconf 93' lang='lat' dir='ltr'><strong>quod</strong></span> <span class='ocrx_word' id='word_1_25' title='bbox 728 753 801 795; x_wconf 91' lang='lat' dir='ltr'><strong>cum</strong></span> <span class='ocrx_word' id='word_1_26' title='bbox 816 733 975 796; x_wconf 84' lang='lat' dir='ltr'><strong>Antiocho</strong></span> <span class='ocrx_word' id='word_1_27' title='bbox 988 754 1022 796; x_wconf 90' lang='lat' dir='ltr'><strong>re</strong></span> <span class='ocrx_word' id='word_1_28' title='bbox 1081 734 1114 798; x_wconf 90' lang='lat' dir='ltr'><strong>in</strong></span> <span class='ocrx_word' id='word_1_29' title='bbox 1130 735 1222 800; x_wconf 78' lang='lat' dir='ltr'><strong>Grac·</strong></span> 
     </span>
    </p>

    <p class='ocr_par' dir='ltr' id='par_1_3' title="bbox 127 816 1100 894">
     <span class='ocr_line' id='line_1_5' title="bbox 127 816 1100 894; baseline 0.003 -16"><span class='ocrx_word' id='word_1_30' title='bbox 127 816 177 878; x_wconf 83' lang='lat' dir='ltr'><strong>cia</strong></span> <span class='ocrx_word' id='word_1_31' title='bbox 246 825 318 880; x_wconf 88' lang='lat' dir='ltr'><strong>tum</strong></span> <span class='ocrx_word' id='word_1_32' title='bbox 330 825 408 880; x_wconf 89' lang='lat' dir='ltr'><strong>esta</strong></span> <span class='ocrx_word' id='word_1_33' title='bbox 423 817 483 880; x_wconf 88' lang='lat' dir='ltr'><strong>M’.</strong></span> <span class='ocrx_word' id='word_1_34' title='bbox 495 816 597 880; x_wconf 79' lang='lat' dir='ltr'><strong>Acilio</strong></span> <span class='ocrx_word' id='word_1_35' title='bbox 617 816 756 894; x_wconf 87' lang='lat' dir='ltr'><strong>consule,</strong></span> <span class='ocrx_word' id='word_1_36' title='bbox 770 818 856 879; x_wconf 88' lang='lat' dir='ltr'><strong>hunc</strong></span> <span class='ocrx_word' id='word_1_37' title='bbox 871 818 967 880; x_wconf 88' lang='lat' dir='ltr'><strong>finem</strong></span> <span class='ocrx_word' id='word_1_38' title='bbox 979 818 1021 880; x_wconf 92' lang='lat' dir='ltr'><strong>ha</strong></span> <span class='ocrx_word' id='word_1_39' title='bbox 1043 819 1100 882; x_wconf 86' lang='lat' dir='ltr'><strong>uit.</strong></span> 
     </span>
    </p>

    <p class='ocr_par' dir='ltr' id='par_1_4' title="bbox 121 899 1349 2076">
     <span class='ocr_line' id='line_1_6' title="bbox 205 899 1293 989; baseline 0.003 -27"><span class='ocrx_word' id='word_1_40' title='bbox 205 901 335 964; x_wconf 85' lang='lat' dir='ltr'><strong>XXVI.</strong></span> <span class='ocrx_word' id='word_1_41' title='bbox 356 901 448 964; x_wconf 85' lang='lat' dir='ltr'><strong>Alter</strong></span> <span class='ocrx_word' id='word_1_42' title='bbox 465 901 577 964; x_wconf 90' lang='lat' dir='ltr'><strong>consul</strong></span> <span class='ocrx_word' id='word_1_43' title='bbox 601 900 636 963; x_wconf 90' lang='lat' dir='ltr'><strong>P.</strong></span> <span class='ocrx_word' id='word_1_44' title='bbox 652 900 818 963; x_wconf 88' lang='lat' dir='ltr'><strong>Cornelius</strong></span> <span class='ocrx_word' id='word_1_45' title='bbox 843 899 894 964; x_wconf 86' lang='lat' dir='ltr'><strong>Sci</strong></span> <span class='ocrx_word' id='word_1_46' title='bbox 918 902 958 980; x_wconf 93' lang='lat' dir='ltr'><strong>io,</strong></span> <span class='ocrx_word' id='word_1_47' title='bbox 985 901 1121 966; x_wconf 86' lang='lat' dir='ltr'><strong>Galliam</strong></span> <span class='ocrx_word' id='word_1_48' title='bbox 1145 925 1219 989; x_wconf 87' lang='lat' dir='ltr'><strong>pro-</strong></span> <span class='ocrx_word' id='word_1_49' title='bbox 1233 919 1293 966; x_wconf 78' lang='lat' dir='ltr'><strong>tuat</strong></span> 
     </span>
     <span class='ocr_line' id='line_1_7' title="bbox 125 983 1347 1073; baseline 0.005 -27"><span class='ocrx_word' id='word_1_50' title='bbox 125 985 263 1047; x_wconf 82' lang='lat' dir='ltr'><strong>vinciam</strong></span> <span class='ocrx_word' id='word_1_51' title='bbox 280 986 421 1064; x_wconf 89' lang='lat' dir='ltr'><strong>sortitus,</strong></span> <span class='ocrx_word' id='word_1_52' title='bbox 436 985 621 1070; x_wconf 76' lang='lat' dir='ltr'><strong>priusquam</strong></span> <span class='ocrx_word' id='word_1_53' title='bbox 636 984 677 1047; x_wconf 94' lang='lat' dir='ltr'><strong>ad</strong></span> <span class='ocrx_word' id='word_1_54' title='bbox 691 984 819 1064; x_wconf 87' lang='lat' dir='ltr'><strong>bellum,</strong></span> <span class='ocrx_word' id='word_1_55' title='bbox 831 1005 874 1068; x_wconf 92' lang='lat' dir='ltr'><strong>qu</strong></span> <span class='ocrx_word' id='word_1_56' title='bbox 926 1007 999 1048; x_wconf 90' lang='lat' dir='ltr'><strong>cum</strong></span> <span class='ocrx_word' id='word_1_57' title='bbox 1011 986 1097 1050; x_wconf 92' lang='lat' dir='ltr'><strong>Boiis</strong></span> <span class='ocrx_word' id='word_1_58' title='bbox 1108 1009 1218 1073; x_wconf 85' lang='lat' dir='ltr'><strong>geren·</strong></span> <span class='ocrx_word' id='word_1_59' title='bbox 1232 983 1312 1030; x_wconf 56' lang='grc' dir='ltr'><strong>ΡΜ·</strong></span> <span class='ocrx_word' id='word_1_60' title='bbox 1322 992 1347 1031; x_wconf 58' lang='lat' dir='ltr'><strong>‘i</strong></span> 
     </span>
     <span class='ocr_line' id='line_1_8' title="bbox 125 1046 1349 1170; baseline 0.003 -38"><span class='ocrx_word' id='word_1_61' title='bbox 125 1069 204 1132; x_wconf 90' lang='lat' dir='ltr'><strong>dum</strong></span> <span class='ocrx_word' id='word_1_62' title='bbox 228 1077 306 1147; x_wconf 86' lang='lat' dir='ltr'><strong>erat,</strong></span> <span class='ocrx_word' id='word_1_63' title='bbox 330 1069 591 1154; x_wconf 86' lang='lat' dir='ltr'><strong>proficisceretur,</strong></span> <span class='ocrx_word' id='word_1_64' title='bbox 613 1069 785 1154; x_wconf 86' lang='lat' dir='ltr'><strong>postulavit</strong></span> <span class='ocrx_word' id='word_1_65' title='bbox 809 1068 849 1132; x_wconf 89' lang='lat' dir='ltr'><strong>ab</strong></span> <span class='ocrx_word' id='word_1_66' title='bbox 874 1077 997 1148; x_wconf 88' lang='lat' dir='ltr'><strong>senatu,</strong></span> <span class='ocrx_word' id='word_1_67' title='bbox 1023 1079 1060 1133; x_wconf 84' lang='lat' dir='ltr'><strong>ut</strong></span> <span class='ocrx_word' id='word_1_68' title='bbox 1083 1072 1219 1170; x_wconf 87' lang='lat' dir='ltr'><strong>pecunia</strong></span> <span class='ocrx_word' id='word_1_69' title='bbox 1230 1046 1349 1158; x_wconf 59' lang='lat' dir='ltr'><strong>iiiia..</strong></span> 
     </span>
     <span class='ocr_line' id='line_1_9' title="bbox 125 1153 1219 1240; baseline 0.005 -24"><span class='ocrx_word' id='word_1_70' title='bbox 125 1153 187 1216; x_wconf 85' lang='lat' dir='ltr'><strong>arbi</strong></span> <span class='ocrx_word' id='word_1_71' title='bbox 203 1153 426 1216; x_wconf 83' lang='lat' dir='ltr'><strong>decerneretur</strong></span> <span class='ocrx_word' id='word_1_72' title='bbox 439 1153 479 1216; x_wconf 87' lang='lat' dir='ltr'><strong>ad</strong></span> <span class='ocrx_word' id='word_1_73' title='bbox 492 1153 595 1232; x_wconf 87' lang='lat' dir='ltr'><strong>ludos,</strong></span> <span class='ocrx_word' id='word_1_74' title='bbox 610 1173 690 1236; x_wconf 85' lang='lat' dir='ltr'><strong>quos</strong></span> <span class='ocrx_word' id='word_1_75' title='bbox 705 1154 900 1238; x_wconf 77' lang='lat' dir='ltr'><strong>propraetor‘</strong></span> <span class='ocrx_word' id='word_1_76' title='bbox 911 1153 944 1216; x_wconf 92' lang='lat' dir='ltr'><strong>in</strong></span> <span class='ocrx_word' id='word_1_77' title='bbox 962 1154 1119 1240; x_wconf 77' lang='lat' dir='ltr'><strong>Hispania</strong></span> <span class='ocrx_word' id='word_1_78' title='bbox 1135 1156 1219 1221; x_wconf 83' lang='lat' dir='ltr'><strong>inter</strong></span> 
     </span>
     <span class='ocr_line' id='line_1_10' title="bbox 122 1237 1218 1324; baseline 0.004 -24"><span class='ocrx_word' id='word_1_79' title='bbox 122 1237 232 1321; x_wconf 84' lang='lat' dir='ltr'><strong>ipsum</strong></span> <span class='ocrx_word' id='word_1_80' title='bbox 258 1237 428 1300; x_wconf 84' lang='lat' dir='ltr'><strong>discrimen</strong></span> <span class='ocrx_word' id='word_1_81' title='bbox 460 1259 578 1322; x_wconf 77' lang='lat' dir='ltr'><strong>pugnas</strong></span> <span class='ocrx_word' id='word_1_82' title='bbox 610 1237 757 1300; x_wconf 85' lang='lat' dir='ltr'><strong>vovisset.</strong></span> <span class='ocrx_word' id='word_1_83' title='bbox 801 1237 930 1300; x_wconf 87' lang='lat' dir='ltr'><strong>Novum</strong></span> <span class='ocrx_word' id='word_1_84' title='bbox 953 1246 1048 1322; x_wconf 85' lang='lat' dir='ltr'><strong>atque</strong></span> <span class='ocrx_word' id='word_1_85' title='bbox 1071 1239 1218 1324; x_wconf 90' lang='lat' dir='ltr'><strong>iniquum</strong></span> 
     </span>
     <span class='ocr_line' id='line_1_11' title="bbox 122 1321 1218 1406; baseline 0.005 -22"><span class='ocrx_word' id='word_1_86' title='bbox 122 1321 287 1406; x_wconf 80' lang='lat' dir='ltr'><strong>posmlare</strong></span> <span class='ocrx_word' id='word_1_87' title='bbox 307 1330 356 1386; x_wconf 88' lang='lat' dir='ltr'><strong>est</strong></span> <span class='ocrx_word' id='word_1_88' title='bbox 375 1322 473 1386; x_wconf 85' lang='lat' dir='ltr'><strong>visus.</strong></span> <span class='ocrx_word' id='word_1_89' title='bbox 507 1329 699 1385; x_wconf 88' lang='lat' dir='ltr'><strong>censuerunt</strong></span> <span class='ocrx_word' id='word_1_90' title='bbox 721 1341 795 1406; x_wconf 87' lang='lat' dir='ltr'><strong>ergo</strong></span> <span class='ocrx_word' id='word_1_91' title='bbox 804 1331 827 1400; x_wconf 68' lang='grc' dir='ltr'><strong>Ι,</strong></span> <span class='ocrx_word' id='word_1_92' title='bbox 849 1341 922 1403; x_wconf 79' lang='lat' dir='ltr'><strong>qnos</strong></span> <span class='ocrx_word' id='word_1_93' title='bbox 942 1323 1028 1386; x_wconf 74' lang='lat' dir='ltr'><strong>hedos</strong></span> <span class='ocrx_word' id='word_1_94' title='bbox 1050 1325 1218 1389; x_wconf 78' lang='lat' dir='ltr'><strong>inconsulto</strong></span> 
     </span>
     <span class='ocr_line' id='line_1_12' title="bbox 121 1407 1218 1486; baseline 0.004 -18"><span class='ocrx_word' id='word_1_95' title='bbox 121 1413 232 1468; x_wconf 83' lang='lat' dir='ltr'><strong>seaatu</strong></span> <span class='ocrx_word' id='word_1_96' title='bbox 245 1427 285 1469; x_wconf 78' lang='lat' dir='ltr'><strong>ea</strong></span> <span class='ocrx_word' id='word_1_97' title='bbox 298 1427 355 1470; x_wconf 83' lang='lat' dir='ltr'><strong>suo</strong></span> <span class='ocrx_word' id='word_1_98' title='bbox 375 1408 465 1469; x_wconf 68' lang='lat' dir='ltr'><strong>ardete</strong></span> <span class='ocrx_word' id='word_1_99' title='bbox 485 1409 633 1470; x_wconf 81' lang='lat' dir='ltr'><strong>sententio</strong></span> <span class='ocrx_word' id='word_1_100' title='bbox 654 1407 791 1484; x_wconf 83' lang='lat' dir='ltr'><strong>vovisset,</strong></span> <span class='ocrx_word' id='word_1_101' title='bbox 807 1425 857 1469; x_wconf 84' lang='lat' dir='ltr'><strong>eos</strong></span> <span class='ocrx_word' id='word_1_102' title='bbox 879 1408 925 1469; x_wconf 80' lang='lat' dir='ltr'><strong>uti</strong></span> <span class='ocrx_word' id='word_1_103' title='bbox 948 1407 986 1469; x_wconf 86' lang='lat' dir='ltr'><strong>de</strong></span> <span class='ocrx_word' id='word_1_104' title='bbox 1008 1409 1166 1486; x_wconf 77' lang='lat' dir='ltr'><strong>manubiis,</strong></span> <span class='ocrx_word' id='word_1_105' title='bbox 1190 1412 1218 1472; x_wconf 83' lang='lat' dir='ltr'><strong>si</strong></span> 
     </span>
     <span class='ocr_line' id='line_1_13' title="bbox 123 1490 1215 1572; baseline 0.002 -18"><span class='ocrx_word' id='word_1_106' title='bbox 123 1511 215 1572; x_wconf 79' lang='lat' dir='ltr'><strong>qaam</strong></span> <span class='ocrx_word' id='word_1_107' title='bbox 224 1493 388 1572; x_wconf 73' lang='lat' dir='ltr'><strong>pewraium</strong></span> <span class='ocrx_word' id='word_1_108' title='bbox 402 1493 446 1554; x_wconf 83' lang='lat' dir='ltr'><strong>ad</strong></span> <span class='ocrx_word' id='word_1_109' title='bbox 460 1491 496 1553; x_wconf 86' lang='lat' dir='ltr'><strong>id</strong></span> <span class='ocrx_word' id='word_1_110' title='bbox 511 1497 703 1568; x_wconf 65' lang='lat' dir='ltr'><strong>reservasset,</strong></span> <span class='ocrx_word' id='word_1_111' title='bbox 718 1492 766 1553; x_wconf 84' lang='lat' dir='ltr'><strong>vel</strong></span> <span class='ocrx_word' id='word_1_112' title='bbox 784 1511 840 1552; x_wconf 84' lang='lat' dir='ltr'><strong>suo</strong></span> <span class='ocrx_word' id='word_1_113' title='bbox 862 1491 926 1571; x_wconf 74' lang='grc' dir='ltr'><strong>ἰρεε</strong></span> <span class='ocrx_word' id='word_1_114' title='bbox 946 1493 1072 1572; x_wconf 77' lang='lat' dir='ltr'><strong>inperata</strong></span> <span class='ocrx_word' id='word_1_115' title='bbox 1086 1490 1215 1572; x_wconf 69' lang='lat' dir='ltr'><strong>sacerd.</strong></span> 
     </span>
     <span class='ocr_line' id='line_1_14' title="bbox 122 1574 1216 1640; baseline 0.004 -4"><span class='ocrx_word' id='word_1_116' title='bbox 122 1596 178 1637; x_wconf 87' lang='lat' dir='ltr'><strong>eoa</strong></span> <span class='ocrx_word' id='word_1_117' title='bbox 191 1575 286 1637; x_wconf 88' lang='lat' dir='ltr'><strong>ludos</strong></span> <span class='ocrx_word' id='word_1_118' title='bbox 342 1575 440 1638; x_wconf 92' lang='lat' dir='ltr'><strong>rdies</strong></span> <span class='ocrx_word' id='word_1_119' title='bbox 461 1575 570 1638; x_wconf 88' lang='lat' dir='ltr'><strong>decem</strong></span> <span class='ocrx_word' id='word_1_120' title='bbox 592 1575 628 1638; x_wconf 94' lang='grc' dir='ltr'><strong>Ρ.</strong></span> <span class='ocrx_word' id='word_1_121' title='bbox 651 1574 817 1638; x_wconf 88' lang='lat' dir='ltr'><strong>Cornelius</strong></span> <span class='ocrx_word' id='word_1_122' title='bbox 837 1574 921 1638; x_wconf 85' lang='lat' dir='ltr'><strong>fecit.</strong></span> <span class='ocrx_word' id='word_1_123' title='bbox 966 1575 1028 1638; x_wconf 90' lang='lat' dir='ltr'><strong>Per</strong></span> <span class='ocrx_word' id='word_1_124' title='bbox 1048 1575 1131 1638; x_wconf 91' lang='lat' dir='ltr'><strong>idem</strong></span> <span class='ocrx_word' id='word_1_125' title='bbox 1153 1577 1216 1640; x_wconf 83' lang='lat' dir='ltr'><strong>sere</strong></span> 
     </span>
     <span class='ocr_line' id='line_1_15' title="bbox 122 1658 1214 1743; baseline 0.003 -22"><span class='ocrx_word' id='word_1_126' title='bbox 122 1667 188 1721; x_wconf 85' lang='lat' dir='ltr'><strong>tem</strong></span> <span class='ocrx_word' id='word_1_127' title='bbox 213 1681 251 1721; x_wconf 88' lang='lat' dir='ltr'><strong>us</strong></span> <span class='ocrx_word' id='word_1_128' title='bbox 319 1681 353 1722; x_wconf 85' lang='lat' dir='ltr'><strong>es</strong></span> <span class='ocrx_word' id='word_1_129' title='bbox 369 1660 485 1723; x_wconf 90' lang='lat' dir='ltr'><strong>Matris</strong></span> <span class='ocrx_word' id='word_1_130' title='bbox 500 1659 630 1743; x_wconf 73' lang='lat' dir='ltr'><strong>Magnae</strong></span> <span class='ocrx_word' id='word_1_131' title='bbox 647 1659 742 1722; x_wconf 79' lang='lat' dir='ltr'><strong>ldaeae</strong></span> <span class='ocrx_word' id='word_1_132' title='bbox 756 1658 898 1722; x_wconf 88' lang='lat' dir='ltr'><strong>dedicata</strong></span> <span class='ocrx_word' id='word_1_133' title='bbox 913 1667 979 1722; x_wconf 83' lang='lat' dir='ltr'><strong>est:</strong></span> <span class='ocrx_word' id='word_1_134' title='bbox 1002 1679 1098 1742; x_wconf 89' lang='lat' dir='ltr'><strong>quam</strong></span> <span class='ocrx_word' id='word_1_135' title='bbox 1112 1661 1214 1724; x_wconf 88' lang='lat' dir='ltr'><strong>Deam</strong></span> 
     </span>
     <span class='ocr_line' id='line_1_16' title="bbox 122 1681 1215 1829; baseline 0.004 -24"><span class='ocrx_word' id='word_1_136' title='bbox 122 1743 151 1805; x_wconf 89' lang='lat' dir='ltr'><strong>is</strong></span> <span class='ocrx_word' id='word_1_137' title='bbox 176 1681 406 1821; x_wconf 59' lang='lat' dir='ltr'><strong>llicomettus,</strong></span> <span class='ocrx_word' id='word_1_138' title='bbox 428 1745 590 1808; x_wconf 81' lang='lat' dir='ltr'><strong>advectam</strong></span> <span class='ocrx_word' id='word_1_139' title='bbox 614 1763 653 1806; x_wconf 85' lang='lat' dir='ltr'><strong>ex</strong></span> <span class='ocrx_word' id='word_1_140' title='bbox 667 1743 745 1806; x_wconf 80' lang='lat' dir='ltr'><strong>Asia</strong></span> <span class='ocrx_word' id='word_1_141' title='bbox 768 1744 803 1808; x_wconf 89' lang='lat' dir='ltr'><strong>P.</strong></span> <span class='ocrx_word' id='word_1_142' title='bbox 820 1743 966 1807; x_wconf 84' lang='lat' dir='ltr'><strong>Cornelio</strong></span> <span class='ocrx_word' id='word_1_143' title='bbox 992 1744 1149 1829; x_wconf 87' lang='lat' dir='ltr'><strong>Scipione,</strong></span> <span class='ocrx_word' id='word_1_144' title='bbox 1163 1745 1215 1809; x_wconf 90' lang='lat' dir='ltr'><strong>cui</strong></span> 
     </span>
     <span class='ocr_line' id='line_1_17' title="bbox 122 1827 1214 1913; baseline 0.004 -25"><span class='ocrx_word' id='word_1_145' title='bbox 122 1833 197 1910; x_wconf 91' lang='lat' dir='ltr'><strong>post</strong></span> <span class='ocrx_word' id='word_1_146' title='bbox 211 1827 361 1892; x_wconf 84' lang='lat' dir='ltr'><strong>Aliieeno</strong></span> <span class='ocrx_word' id='word_1_147' title='bbox 379 1828 442 1890; x_wconf 85' lang='lat' dir='ltr'><strong>fuit</strong></span> <span class='ocrx_word' id='word_1_148' title='bbox 462 1849 648 1913; x_wconf 82' lang='lat' dir='ltr'><strong>cognomen,</strong></span> <span class='ocrx_word' id='word_1_149' title='bbox 665 1828 700 1890; x_wconf 92' lang='lat' dir='ltr'><strong>P.</strong></span> <span class='ocrx_word' id='word_1_150' title='bbox 716 1827 838 1892; x_wconf 89' lang='lat' dir='ltr'><strong>Licinio</strong></span> <span class='ocrx_word' id='word_1_151' title='bbox 859 1827 1053 1908; x_wconf 88' lang='lat' dir='ltr'><strong>consulibus,</strong></span> <span class='ocrx_word' id='word_1_152' title='bbox 1068 1829 1101 1892; x_wconf 92' lang='lat' dir='ltr'><strong>in</strong></span> <span class='ocrx_word' id='word_1_153' title='bbox 1125 1829 1214 1892; x_wconf 89' lang='lat' dir='ltr'><strong>Pala-</strong></span> 
     </span>
     <span class='ocr_line' id='line_1_18' title="bbox 121 1911 1214 1977; baseline 0.004 -4"><span class='ocrx_word' id='word_1_154' title='bbox 121 1911 205 1974; x_wconf 91' lang='lat' dir='ltr'><strong>tium</strong></span> <span class='ocrx_word' id='word_1_155' title='bbox 219 1913 329 1976; x_wconf 89' lang='lat' dir='ltr'><strong>amari</strong></span> <span class='ocrx_word' id='word_1_156' title='bbox 344 1913 509 1976; x_wconf 87' lang='lat' dir='ltr'><strong>detulerat.</strong></span> <span class='ocrx_word' id='word_1_157' title='bbox 553 1913 748 1975; x_wconf 84' lang='lat' dir='ltr'><strong>Locarerant</strong></span> <span class='ocrx_word' id='word_1_158' title='bbox 762 1913 862 1976; x_wconf 84' lang='lat' dir='ltr'><strong>aedem</strong></span> <span class='ocrx_word' id='word_1_159' title='bbox 876 1913 1051 1976; x_wconf 82' lang='lat' dir='ltr'><strong>faciendam</strong></span> <span class='ocrx_word' id='word_1_160' title='bbox 1070 1935 1108 1976; x_wconf 88' lang='lat' dir='ltr'><strong>ex</strong></span> <span class='ocrx_word' id='word_1_161' title='bbox 1124 1935 1214 1977; x_wconf 89' lang='lat' dir='ltr'><strong>sena-</strong></span> 
     </span>
     <span class='ocr_line' id='line_1_19' title="bbox 121 1995 1213 2076; baseline 0.004 -18"><span class='ocrx_word' id='word_1_162' title='bbox 121 1997 323 2060; x_wconf 86' lang='lat' dir='ltr'><strong>tusconsulto</strong></span> <span class='ocrx_word' id='word_1_163' title='bbox 347 1997 396 2060; x_wconf 92' lang='lat' dir='ltr'><strong>M.</strong></span> <span class='ocrx_word' id='word_1_164' title='bbox 422 1997 541 2073; x_wconf 87' lang='lat' dir='ltr'><strong>Livius,</strong></span> <span class='ocrx_word' id='word_1_165' title='bbox 565 1995 603 2060; x_wconf 83' lang='grc' dir='ltr'><strong>Ο.</strong></span> <span class='ocrx_word' id='word_1_166' title='bbox 628 1997 780 2060; x_wconf 87' lang='lat' dir='ltr'><strong>Claudius</strong></span> <span class='ocrx_word' id='word_1_167' title='bbox 805 2017 959 2075; x_wconf 88' lang='lat' dir='ltr'><strong>censores,</strong></span> <span class='ocrx_word' id='word_1_168' title='bbox 985 1997 1033 2062; x_wconf 91' lang='lat' dir='ltr'><strong>M.</strong></span> <span class='ocrx_word' id='word_1_169' title='bbox 1055 1997 1213 2076; x_wconf 86' lang='lat' dir='ltr'><strong>Cornelio,</strong></span> 
     </span>
    </p>

    <p class='ocr_par' dir='ltr' id='par_1_5' title="bbox 118 2081 1339 4027">
     <span class='ocr_line' id='line_1_20' title="bbox 123 2081 1214 2166; baseline 0.004 -24"><span class='ocrx_word' id='word_1_170' title='bbox 123 2081 160 2143; x_wconf 92' lang='lat' dir='ltr'><strong>P.</strong></span> <span class='ocrx_word' id='word_1_171' title='bbox 177 2081 365 2165; x_wconf 88' lang='lat' dir='ltr'><strong>Sempronio</strong></span> <span class='ocrx_word' id='word_1_172' title='bbox 380 2081 584 2144; x_wconf 76' lang='lat' dir='ltr'><strong>consulibuse</strong></span> <span class='ocrx_word' id='word_1_173' title='bbox 606 2081 755 2146; x_wconf 84' lang='lat' dir='ltr'><strong>tredecim</strong></span> <span class='ocrx_word' id='word_1_174' title='bbox 780 2081 870 2144; x_wconf 90' lang='lat' dir='ltr'><strong>annis</strong></span> <span class='ocrx_word' id='word_1_175' title='bbox 892 2089 977 2166; x_wconf 91' lang='lat' dir='ltr'><strong>post,</strong></span> <span class='ocrx_word' id='word_1_176' title='bbox 992 2103 1088 2165; x_wconf 90' lang='lat' dir='ltr'><strong>quam</strong></span> <span class='ocrx_word' id='word_1_177' title='bbox 1112 2082 1214 2146; x_wconf 91' lang='lat' dir='ltr'><strong>locata</strong></span> 
     </span>
     <span class='ocr_line' id='line_1_21' title="bbox 122 2164 1213 2248; baseline 0.004 -22"><span class='ocrx_word' id='word_1_178' title='bbox 122 2175 202 2241; x_wconf 84' lang='lat' dir='ltr'><strong>erat,</strong></span> <span class='ocrx_word' id='word_1_179' title='bbox 216 2164 371 2228; x_wconf 84' lang='lat' dir='ltr'><strong>dedicavit</strong></span> <span class='ocrx_word' id='word_1_180' title='bbox 395 2187 463 2230; x_wconf 90' lang='lat' dir='ltr'><strong>eam</strong></span> <span class='ocrx_word' id='word_1_181' title='bbox 489 2165 537 2229; x_wconf 92' lang='lat' dir='ltr'><strong>M.</strong></span> <span class='ocrx_word' id='word_1_182' title='bbox 552 2165 670 2228; x_wconf 90' lang='lat' dir='ltr'><strong>Junius</strong></span> <span class='ocrx_word' id='word_1_183' title='bbox 690 2166 820 2244; x_wconf 85' lang='lat' dir='ltr'><strong>Brutus,</strong></span> <span class='ocrx_word' id='word_1_184' title='bbox 837 2167 857 2198; x_wconf 81' lang='lat'><strong>¹⁸</strong></span> <span class='ocrx_word' id='word_1_185' title='bbox 868 2165 998 2248; x_wconf 88' lang='lat' dir='ltr'><strong>ludique</strong></span> <span class='ocrx_word' id='word_1_186' title='bbox 1024 2166 1065 2229; x_wconf 96' lang='lat' dir='ltr'><strong>ob</strong></span> <span class='ocrx_word' id='word_1_187' title='bbox 1089 2167 1213 2230; x_wconf 88' lang='lat' dir='ltr'><strong>dedica-</strong></span> 
     </span>
     <span class='ocr_line' id='line_1_22' title="bbox 121 2248 1213 2334; baseline 0.003 -25"><span class='ocrx_word' id='word_1_188' title='bbox 121 2248 245 2310; x_wconf 88' lang='lat' dir='ltr'><strong>tionem</strong></span> <span class='ocrx_word' id='word_1_189' title='bbox 260 2249 328 2332; x_wconf 84' lang='lat' dir='ltr'><strong>ejus</strong></span> <span class='ocrx_word' id='word_1_190' title='bbox 341 2249 424 2328; x_wconf 86' lang='lat' dir='ltr'><strong>facti,</strong></span> <span class='ocrx_word' id='word_1_191' title='bbox 432 2271 511 2334; x_wconf 89' lang='lat' dir='ltr'><strong>quoa</strong></span> <span class='ocrx_word' id='word_1_192' title='bbox 526 2249 646 2334; x_wconf 90' lang='lat' dir='ltr'><strong>primos</strong></span> <span class='ocrx_word' id='word_1_193' title='bbox 656 2249 796 2312; x_wconf 89' lang='lat' dir='ltr'><strong>scenicos</strong></span> <span class='ocrx_word' id='word_1_194' title='bbox 806 2249 913 2328; x_wconf 76' lang='lat' dir='ltr'><strong>baisse,</strong></span> <span class='ocrx_word' id='word_1_195' title='bbox 923 2249 1036 2312; x_wconf 79' lang='lat' dir='ltr'><strong>Antias</strong></span> <span class='ocrx_word' id='word_1_196' title='bbox 1045 2249 1213 2312; x_wconf 71' lang='lat' dir='ltr'><strong>Valerius¹¹</strong></span> 
     </span>
     <span class='ocr_line' id='line_1_23' title="bbox 121 2332 1212 2419; baseline 0.002 -24"><span class='ocrx_word' id='word_1_197' title='bbox 121 2341 174 2395; x_wconf 89' lang='lat' dir='ltr'><strong>est</strong></span> <span class='ocrx_word' id='word_1_198' title='bbox 194 2341 315 2409; x_wconf 89' lang='lat' dir='ltr'><strong>auctor,</strong></span> <span class='ocrx_word' id='word_1_199' title='bbox 332 2333 499 2418; x_wconf 77' lang='lat' dir='ltr'><strong>Megalesia</strong></span> <span class='ocrx_word' id='word_1_200' title='bbox 518 2333 702 2419; x_wconf 89' lang='lat' dir='ltr'><strong>adpellatos.</strong></span> <span class='ocrx_word' id='word_1_201' title='bbox 746 2333 829 2395; x_wconf 90' lang='lat' dir='ltr'><strong>ltem</strong></span> <span class='ocrx_word' id='word_1_202' title='bbox 851 2332 1033 2396; x_wconf 79' lang='lat' dir='ltr'><strong>luventatis</strong></span> <span class='ocrx_word' id='word_1_203' title='bbox 1058 2333 1158 2396; x_wconf 87' lang='lat' dir='ltr'><strong>aedem</strong></span> <span class='ocrx_word' id='word_1_204' title='bbox 1179 2333 1212 2397; x_wconf 89' lang='lat' dir='ltr'><strong>in</strong></span> 
     </span>
     <span class='ocr_line' id='line_1_24' title="bbox 121 2415 1213 2482; baseline 0 -2"><span class='ocrx_word' id='word_1_205' title='bbox 121 2417 209 2480; x_wconf 88' lang='lat' dir='ltr'><strong>ciroo</strong></span> <span class='ocrx_word' id='word_1_206' title='bbox 222 2417 360 2480; x_wconf 83' lang='lat' dir='ltr'><strong>maximo</strong></span> <span class='ocrx_word' id='word_1_207' title='bbox 375 2417 412 2481; x_wconf 85' lang='lat' dir='ltr'><strong>C.</strong></span> <span class='ocrx_word' id='word_1_208' title='bbox 427 2419 568 2482; x_wconf 89' lang='lat' dir='ltr'><strong>Licinius</strong></span> <span class='ocrx_word' id='word_1_209' title='bbox 582 2417 736 2481; x_wconf 87' lang='lat' dir='ltr'><strong>Lucullus</strong></span> <span class='ocrx_word' id='word_1_210' title='bbox 749 2416 898 2480; x_wconf 91' lang='lat' dir='ltr'><strong>duumvir</strong></span> <span class='ocrx_word' id='word_1_211' title='bbox 910 2415 1073 2480; x_wconf 87' lang='lat' dir='ltr'><strong>dedicavit.</strong></span> <span class='ocrx_word' id='word_1_212' title='bbox 1110 2417 1213 2481; x_wconf 89' lang='lat' dir='ltr'><strong>Vove-</strong></span> 
     </span>
     <span class='ocr_line' id='line_1_25' title="bbox 120 2501 1213 2586; baseline 0.001 -22"><span class='ocrx_word' id='word_1_213' title='bbox 120 2510 174 2564; x_wconf 87' lang='lat' dir='ltr'><strong>rat</strong></span> <span class='ocrx_word' id='word_1_214' title='bbox 188 2521 258 2564; x_wconf 87' lang='lat' dir='ltr'><strong>eam</strong></span> <span class='ocrx_word' id='word_1_215' title='bbox 273 2503 428 2566; x_wconf 81' lang='lat' dir='ltr'><strong>sexdecim</strong></span> <span class='ocrx_word' id='word_1_216' title='bbox 443 2503 533 2566; x_wconf 89' lang='lat' dir='ltr'><strong>annia</strong></span> <span class='ocrx_word' id='word_1_217' title='bbox 548 2510 622 2565; x_wconf 88' lang='lat' dir='ltr'><strong>ante</strong></span> <span class='ocrx_word' id='word_1_218' title='bbox 643 2503 691 2564; x_wconf 95' lang='lat' dir='ltr'><strong>M.</strong></span> <span class='ocrx_word' id='word_1_219' title='bbox 708 2501 818 2565; x_wconf 89' lang='lat' dir='ltr'><strong>Livius</strong></span> <span class='ocrx_word' id='word_1_220' title='bbox 839 2501 960 2579; x_wconf 90' lang='lat' dir='ltr'><strong>consul,</strong></span> <span class='ocrx_word' id='word_1_221' title='bbox 976 2523 1040 2586; x_wconf 90' lang='lat' dir='ltr'><strong>quo</strong></span> <span class='ocrx_word' id='word_1_222' title='bbox 1062 2501 1113 2565; x_wconf 88' lang='lat' dir='ltr'><strong>die</strong></span> <span class='ocrx_word' id='word_1_223' title='bbox 1129 2502 1213 2565; x_wconf 91' lang='lat' dir='ltr'><strong>Has-</strong></span> 
     </span>
     <span class='ocr_line' id='line_1_26' title="bbox 121 2585 1212 2686; baseline 0.002 -38"><span class='ocrx_word' id='word_1_224' title='bbox 121 2585 288 2649; x_wconf 85' lang='lat' dir='ltr'><strong>drubalem</strong></span> <span class='ocrx_word' id='word_1_225' title='bbox 303 2588 536 2671; x_wconf 84' lang='lat' dir='ltr'><strong>exercitumque</strong></span> <span class='ocrx_word' id='word_1_226' title='bbox 561 2587 630 2686; x_wconf 78' lang='lat' dir='ltr'><strong>ejus</strong></span> <span class='ocrx_word' id='word_1_227' title='bbox 653 2585 782 2649; x_wconf 84' lang='lat' dir='ltr'><strong>cecidit:</strong></span> <span class='ocrx_word' id='word_1_228' title='bbox 805 2585 887 2648; x_wconf 90' lang='lat' dir='ltr'><strong>idem</strong></span> <span class='ocrx_word' id='word_1_229' title='bbox 912 2607 1024 2650; x_wconf 88' lang='lat' dir='ltr'><strong>censor</strong></span> <span class='ocrx_word' id='word_1_230' title='bbox 1047 2607 1116 2650; x_wconf 88' lang='lat' dir='ltr'><strong>eam</strong></span> <span class='ocrx_word' id='word_1_231' title='bbox 1137 2587 1212 2650; x_wconf 81' lang='lat' dir='ltr'><strong>t&#39;aci-</strong></span> 
     </span>
     <span class='ocr_line' id='line_1_27' title="bbox 119 2670 1212 2756; baseline 0.002 -24"><span class='ocrx_word' id='word_1_232' title='bbox 119 2670 238 2732; x_wconf 88' lang='lat' dir='ltr'><strong>endam</strong></span> <span class='ocrx_word' id='word_1_233' title='bbox 253 2671 376 2749; x_wconf 85' lang='lat' dir='ltr'><strong>locavit,</strong></span> <span class='ocrx_word' id='word_1_234' title='bbox 393 2673 442 2735; x_wconf 94' lang='lat' dir='ltr'><strong>M.</strong></span> <span class='ocrx_word' id='word_1_235' title='bbox 458 2671 616 2748; x_wconf 88' lang='lat' dir='ltr'><strong>Corneho,</strong></span> <span class='ocrx_word' id='word_1_236' title='bbox 632 2671 667 2734; x_wconf 92' lang='lat' dir='ltr'><strong>P.</strong></span> <span class='ocrx_word' id='word_1_237' title='bbox 684 2671 870 2755; x_wconf 83' lang='lat' dir='ltr'><strong>Sempronio</strong></span> <span class='ocrx_word' id='word_1_238' title='bbox 880 2671 1075 2735; x_wconf 89' lang='lat' dir='ltr'><strong>oonsulibus.</strong></span> <span class='ocrx_word' id='word_1_239' title='bbox 1103 2671 1212 2756; x_wconf 90' lang='lat' dir='ltr'><strong>Hujus</strong></span> 
     </span>
     <span class='ocr_line' id='line_1_28' title="bbox 120 2754 1211 2853; baseline 0.002 -37"><span class='ocrx_word' id='word_1_240' title='bbox 120 2777 250 2852; x_wconf 82' lang='lat' dir='ltr'><strong>quoque</strong></span> <span class='ocrx_word' id='word_1_241' title='bbox 265 2755 447 2818; x_wconf 72' lang='lat' dir='ltr'><strong>dedicandae</strong></span> <span class='ocrx_word' id='word_1_242' title='bbox 463 2777 574 2818; x_wconf 84' lang='lat' dir='ltr'><strong>caussa</strong></span> <span class='ocrx_word' id='word_1_243' title='bbox 586 2754 653 2818; x_wconf 91' lang='lat' dir='ltr'><strong>ludi</strong></span> <span class='ocrx_word' id='word_1_244' title='bbox 668 2755 761 2818; x_wconf 80' lang='lat' dir='ltr'><strong>lacti:</strong></span> <span class='ocrx_word' id='word_1_245' title='bbox 781 2763 816 2852; x_wconf 72' lang='lat' dir='ltr'><strong>et</strong></span> <span class='ocrx_word' id='word_1_246' title='bbox 835 2777 872 2818; x_wconf 90' lang='lat' dir='ltr'><strong>eo</strong></span> <span class='ocrx_word' id='word_1_247' title='bbox 887 2755 993 2853; x_wconf 86' lang='lat' dir='ltr'><strong>¹omnia</strong></span> <span class='ocrx_word' id='word_1_248' title='bbox 1007 2777 1080 2818; x_wconf 91' lang='lat' dir='ltr'><strong>cum</strong></span> <span class='ocrx_word' id='word_1_249' title='bbox 1094 2756 1211 2840; x_wconf 90' lang='lat' dir='ltr'><strong>majore</strong></span> 
     </span>
     <span class='ocr_line' id='line_1_29' title="bbox 120 2838 1339 3008; baseline 0 -24"><span class='ocrx_word' id='word_1_250' title='bbox 120 2838 612 3008; x_wconf 44' lang='lat' dir='ltr'><strong>*ttlvltbttttttt</strong></span> <span class='ocrx_word' id='word_1_251' title='bbox 625 2840 1211 3006; x_wconf 55' lang='lat' dir='ltr'><strong>tttttttttttttltltt.</strong></span> <span class='ocrx_word' id='word_1_252' title='bbox 1225 2937 1339 2998; x_wconf 62' lang='lat' dir='ltr'><strong>aa...</strong></span> 
     </span>
     <span class='ocr_line' id='line_1_30' title="bbox 120 3005 1211 3087; baseline 0.002 -19"><span class='ocrx_word' id='word_1_253' title='bbox 120 3005 243 3069; x_wconf 89' lang='lat' dir='ltr'><strong>bellum</strong></span> <span class='ocrx_word' id='word_1_254' title='bbox 260 3007 318 3070; x_wconf 90' lang='lat' dir='ltr'><strong>M&#39;.</strong></span> <span class='ocrx_word' id='word_1_255' title='bbox 333 3007 446 3086; x_wconf 83' lang='lat' dir='ltr'><strong>Acilio,</strong></span> <span class='ocrx_word' id='word_1_256' title='bbox 462 3016 607 3070; x_wconf 88' lang='lat' dir='ltr'><strong>manente</strong></span> <span class='ocrx_word' id='word_1_257' title='bbox 623 3008 725 3071; x_wconf 89' lang='lat' dir='ltr'><strong>adhue</strong></span> <span class='ocrx_word' id='word_1_258' title='bbox 792 3027 852 3068; x_wconf 85' lang='lat' dir='ltr'><strong>mae</strong></span> <span class='ocrx_word' id='word_1_259' title='bbox 869 3007 904 3068; x_wconf 94' lang='lat' dir='ltr'><strong>P.</strong></span> <span class='ocrx_word' id='word_1_260' title='bbox 916 3005 1063 3070; x_wconf 86' lang='lat' dir='ltr'><strong>Comelio</strong></span> <span class='ocrx_word' id='word_1_261' title='bbox 1073 3008 1211 3087; x_wconf 89' lang='lat' dir='ltr'><strong>consule,</strong></span> 
     </span>
     <span class='ocr_line' id='line_1_31' title="bbox 120 3089 1212 3188; baseline 0.002 -35"><span class='ocrx_word' id='word_1_262' title='bbox 120 3092 308 3188; x_wconf 85' lang='lat' dir='ltr'><strong>agebantur,</strong></span> <span class='ocrx_word' id='word_1_263' title='bbox 322 3091 419 3156; x_wconf 90' lang='lat' dir='ltr'><strong>boves</strong></span> <span class='ocrx_word' id='word_1_264' title='bbox 434 3093 514 3154; x_wconf 88' lang='lat' dir='ltr'><strong>duos</strong></span> <span class='ocrx_word' id='word_1_265' title='bbox 530 3092 666 3155; x_wconf 89' lang='lat' dir='ltr'><strong>domitos</strong></span> <span class='ocrx_word' id='word_1_266' title='bbox 689 3091 710 3124; x_wconf 85' lang='lat'><strong>²¹</strong></span> <span class='ocrx_word' id='word_1_267' title='bbox 722 3091 755 3154; x_wconf 91' lang='lat' dir='ltr'><strong>in</strong></span> <span class='ocrx_word' id='word_1_268' title='bbox 771 3089 895 3154; x_wconf 87' lang='lat' dir='ltr'><strong>Carinis</strong></span> <span class='ocrx_word' id='word_1_269' title='bbox 910 3111 967 3176; x_wconf 87' lang='lat' dir='ltr'><strong>per</strong></span> <span class='ocrx_word' id='word_1_270' title='bbox 982 3091 1080 3154; x_wconf 87' lang='lat' dir='ltr'><strong>scalas</strong></span> <span class='ocrx_word' id='word_1_271' title='bbox 1103 3111 1212 3175; x_wconf 86' lang='lat' dir='ltr'><strong>perve-</strong></span> 
     </span>
     <span class='ocr_line' id='line_1_32' title="bbox 121 3175 1211 3274; baseline 0.001 -37"><span class='ocrx_word' id='word_1_272' title='bbox 121 3197 207 3238; x_wconf 85' lang='lat' dir='ltr'><strong>msse</strong></span> <span class='ocrx_word' id='word_1_273' title='bbox 224 3175 256 3237; x_wconf 91' lang='lat' dir='ltr'><strong>in</strong></span> <span class='ocrx_word' id='word_1_274' title='bbox 276 3175 398 3274; x_wconf 85' lang='lat' dir='ltr'><strong>tegulas</strong></span> <span class='ocrx_word' id='word_1_275' title='bbox 422 3176 556 3254; x_wconf 74' lang='lat' dir='ltr'><strong>aedificii,</strong></span> <span class='ocrx_word' id='word_1_276' title='bbox 571 3175 733 3261; x_wconf 89' lang='lat' dir='ltr'><strong>proditum</strong></span> <span class='ocrx_word' id='word_1_277' title='bbox 758 3175 917 3238; x_wconf 84' lang='lat' dir='ltr'><strong>memoriae</strong></span> <span class='ocrx_word' id='word_1_278' title='bbox 942 3182 999 3238; x_wconf 90' lang='lat' dir='ltr'><strong>est.</strong></span> <span class='ocrx_word' id='word_1_279' title='bbox 1043 3175 1109 3238; x_wconf 86' lang='lat' dir='ltr'><strong>Eos</strong></span> <span class='ocrx_word' id='word_1_280' title='bbox 1124 3175 1211 3239; x_wconf 90' lang='lat' dir='ltr'><strong>vivos</strong></span> 
     </span>
     <span class='ocr_line' id='line_1_33' title="bbox 120 3258 1212 3345; baseline 0.002 -23"><span class='ocrx_word' id='word_1_281' title='bbox 120 3260 278 3337; x_wconf 88' lang='lat' dir='ltr'><strong>comburi,</strong></span> <span class='ocrx_word' id='word_1_282' title='bbox 294 3281 492 3344; x_wconf 81' lang='lat' dir='ltr'><strong>cineremque</strong></span> <span class='ocrx_word' id='word_1_283' title='bbox 507 3281 616 3324; x_wconf 87' lang='lat' dir='ltr'><strong>eorum</strong></span> <span class='ocrx_word' id='word_1_284' title='bbox 630 3259 722 3344; x_wconf 87' lang='lat' dir='ltr'><strong>dejici</strong></span> <span class='ocrx_word' id='word_1_285' title='bbox 735 3259 769 3322; x_wconf 90' lang='lat' dir='ltr'><strong>in</strong></span> <span class='ocrx_word' id='word_1_286' title='bbox 778 3259 928 3338; x_wconf 86' lang='lat' dir='ltr'><strong>Tiberim,</strong></span> <span class='ocrx_word' id='word_1_287' title='bbox 939 3258 1098 3344; x_wconf 89' lang='lat' dir='ltr'><strong>aruspices</strong></span> <span class='ocrx_word' id='word_1_288' title='bbox 1107 3259 1212 3345; x_wconf 89' lang='lat' dir='ltr'><strong>jusse-</strong></span> 
     </span>
     <span class='ocr_line' id='line_1_34' title="bbox 120 3343 1212 3430; baseline 0.001 -24"><span class='ocrx_word' id='word_1_289' title='bbox 120 3353 209 3406; x_wconf 85' lang='lat' dir='ltr'><strong>runt.</strong></span> <span class='ocrx_word' id='word_1_290' title='bbox 253 3345 430 3408; x_wconf 81' lang='lat' dir='ltr'><strong>&#39;l&#39;arracinae</strong></span> <span class='ocrx_word' id='word_1_291' title='bbox 443 3354 476 3407; x_wconf 89' lang='lat' dir='ltr'><strong>et</strong></span> <span class='ocrx_word' id='word_1_292' title='bbox 489 3344 646 3408; x_wconf 83' lang='lat' dir='ltr'><strong>Amiterni</strong></span> <span class='ocrx_word' id='word_1_293' title='bbox 665 3344 850 3407; x_wconf 88' lang='lat' dir='ltr'><strong>nunciatum</strong></span> <span class='ocrx_word' id='word_1_294' title='bbox 873 3352 921 3407; x_wconf 90' lang='lat' dir='ltr'><strong>est</strong></span> <span class='ocrx_word' id='word_1_295' title='bbox 944 3343 1109 3428; x_wconf 89' lang='lat' dir='ltr'><strong>aliquoties</strong></span> <span class='ocrx_word' id='word_1_296' title='bbox 1134 3345 1212 3430; x_wconf 92' lang='lat' dir='ltr'><strong>lapi-</strong></span> 
     </span>
     <span class='ocr_line' id='line_1_35' title="bbox 121 3427 1212 3512; baseline 0.002 -22"><span class='ocrx_word' id='word_1_297' title='bbox 121 3428 219 3491; x_wconf 85' lang='lat' dir='ltr'><strong>dibus</strong></span> <span class='ocrx_word' id='word_1_298' title='bbox 234 3427 373 3512; x_wconf 89' lang='lat' dir='ltr'><strong>pluisse;</strong></span> <span class='ocrx_word' id='word_1_299' title='bbox 396 3429 572 3492; x_wconf 87' lang='lat' dir='ltr'><strong>Minturnis</strong></span> <span class='ocrx_word' id='word_1_300' title='bbox 587 3429 687 3494; x_wconf 83' lang='lat' dir='ltr'><strong>aedem</strong></span> <span class='ocrx_word' id='word_1_301' title='bbox 696 3427 717 3492; x_wconf 91' lang='lat' dir='ltr'><strong>J</strong></span> <span class='ocrx_word' id='word_1_302' title='bbox 719 3428 785 3491; x_wconf 91' lang='lat' dir='ltr'><strong>ovis</strong></span> <span class='ocrx_word' id='word_1_303' title='bbox 800 3437 832 3491; x_wconf 87' lang='lat' dir='ltr'><strong>et</strong></span> <span class='ocrx_word' id='word_1_304' title='bbox 846 3429 992 3492; x_wconf 85' lang='lat' dir='ltr'><strong>tabernas</strong></span> <span class='ocrx_word' id='word_1_305' title='bbox 1014 3428 1212 3492; x_wconf 76' lang='lat' dir='ltr'><strong>circulorum</strong></span> 
     </span>
     <span class='ocr_line' id='line_1_36' title="bbox 121 3511 1212 3592; baseline 0.003 -19"><span class='ocrx_word' id='word_1_306' title='bbox 121 3512 163 3574; x_wconf 88' lang='lat' dir='ltr'><strong>de</strong></span> <span class='ocrx_word' id='word_1_307' title='bbox 178 3511 260 3574; x_wconf 85' lang='lat' dir='ltr'><strong>ooelo</strong></span> <span class='ocrx_word' id='word_1_308' title='bbox 280 3521 380 3576; x_wconf 87' lang='lat' dir='ltr'><strong>tactas</strong></span> <span class='ocrx_word' id='word_1_309' title='bbox 405 3535 494 3592; x_wconf 82' lang='lat' dir='ltr'><strong>esse3</strong></span> <span class='ocrx_word' id='word_1_310' title='bbox 515 3513 668 3578; x_wconf 88' lang='lat' dir='ltr'><strong>Vulturni</strong></span> <span class='ocrx_word' id='word_1_311' title='bbox 691 3513 725 3575; x_wconf 92' lang='lat' dir='ltr'><strong>in</strong></span> <span class='ocrx_word' id='word_1_312' title='bbox 750 3513 830 3576; x_wconf 92' lang='lat' dir='ltr'><strong>ostio</strong></span> <span class='ocrx_word' id='word_1_313' title='bbox 855 3513 994 3576; x_wconf 87' lang='lat' dir='ltr'><strong>tluminis</strong></span> <span class='ocrx_word' id='word_1_314' title='bbox 1013 3512 1091 3575; x_wconf 88' lang='lat' dir='ltr'><strong>duas</strong></span> <span class='ocrx_word' id='word_1_315' title='bbox 1116 3535 1212 3576; x_wconf 87' lang='lat' dir='ltr'><strong>naves</strong></span> 
     </span>
     <span class='ocr_line' id='line_1_37' title="bbox 120 3595 1213 3682; baseline 0.004 -24"><span class='ocrx_word' id='word_1_316' title='bbox 120 3595 257 3658; x_wconf 86' lang='lat' dir='ltr'><strong>fulmine</strong></span> <span class='ocrx_word' id='word_1_317' title='bbox 272 3596 350 3660; x_wconf 81' lang='lat' dir='ltr'><strong>ictas</strong></span> <span class='ocrx_word' id='word_1_318' title='bbox 365 3599 582 3682; x_wconf 86' lang='lat' dir='ltr'><strong>conflagrasse.</strong></span> <span class='ocrx_word' id='word_1_319' title='bbox 626 3598 748 3661; x_wconf 84' lang='lat' dir='ltr'><strong>Eorum</strong></span> <span class='ocrx_word' id='word_1_320' title='bbox 761 3597 978 3682; x_wconf 83' lang='lat' dir='ltr'><strong>prodigiorum</strong></span> <span class='ocrx_word' id='word_1_321' title='bbox 993 3617 1104 3660; x_wconf 86' lang='lat' dir='ltr'><strong>caussa</strong></span> <span class='ocrx_word' id='word_1_322' title='bbox 1115 3597 1213 3662; x_wconf 90' lang='lat' dir='ltr'><strong>libros</strong></span> 
     </span>
     <span class='ocr_line' id='line_1_38' title="bbox 121 3679 1213 3765; baseline 0.003 -23"><span class='ocrx_word' id='word_1_323' title='bbox 121 3679 298 3764; x_wconf 81' lang='lat' dir='ltr'><strong>Sibyllinos</strong></span> <span class='ocrx_word' id='word_1_324' title='bbox 313 3701 351 3744; x_wconf 89' lang='lat' dir='ltr'><strong>ex</strong></span> <span class='ocrx_word' id='word_1_325' title='bbox 360 3681 634 3746; x_wconf 87' lang='lat' dir='ltr'><strong>senatusconsulto</strong></span> <span class='ocrx_word' id='word_1_326' title='bbox 646 3681 812 3745; x_wconf 88' lang='lat' dir='ltr'><strong>decemviri</strong></span> <span class='ocrx_word' id='word_1_327' title='bbox 822 3703 922 3765; x_wconf 93' lang='lat' dir='ltr'><strong>quum</strong></span> <span class='ocrx_word' id='word_1_328' title='bbox 934 3681 1083 3760; x_wconf 89' lang='lat' dir='ltr'><strong>adissent,</strong></span> <span class='ocrx_word' id='word_1_329' title='bbox 1096 3703 1213 3745; x_wconf 89' lang='lat' dir='ltr'><strong>renun-</strong></span> 
     </span>
     <span class='ocr_line' id='line_1_39' title="bbox 118 3765 1211 3849; baseline 0.002 -21"><span class='ocrx_word' id='word_1_330' title='bbox 118 3765 258 3843; x_wconf 84' lang='lat' dir='ltr'><strong>cianmt,</strong></span> <span class='ocrx_word' id='word_1_331' title='bbox 274 3765 296 3796; x_wconf 84' lang='lat'><strong>¹²</strong></span> <span class='ocrx_word' id='word_1_332' title='bbox 305 3766 459 3846; x_wconf 75' lang='lat' dir='ltr'><strong>Jejtuta&#39;ttm</strong></span> <span class='ocrx_word' id='word_1_333' title='bbox 473 3767 689 3831; x_wconf 81' lang='lat' dir='ltr'><strong>instituendum</strong></span> <span class='ocrx_word' id='word_1_334' title='bbox 706 3768 809 3830; x_wconf 76' lang='lat' dir='ltr'><strong>Cereri</strong></span> <span class='ocrx_word' id='word_1_335' title='bbox 823 3785 896 3844; x_wconf 84' lang='lat' dir='ltr'><strong>esse,</strong></span> <span class='ocrx_word' id='word_1_336' title='bbox 912 3772 942 3830; x_wconf 87' lang='lat' dir='ltr'><strong>et</strong></span> <span class='ocrx_word' id='word_1_337' title='bbox 962 3765 997 3829; x_wconf 80' lang='lat' dir='ltr'><strong>id</strong></span> <span class='ocrx_word' id='word_1_338' title='bbox 1016 3768 1119 3847; x_wconf 81' lang='lat' dir='ltr'><strong>quinto</strong></span> <span class='ocrx_word' id='word_1_339' title='bbox 1140 3787 1211 3849; x_wconf 81' lang='lat' dir='ltr'><strong>quo-</strong></span> 
     </span>
     <span class='ocr_line' id='line_1_40' title="bbox 154 3895 1219 3962; baseline 0.003 -16"><span class='ocrx_word' id='word_1_340' title='bbox 154 3895 168 3931; x_wconf 76' lang='lat'><strong>‘¹</strong></span> <span class='ocrx_word' id='word_1_341' title='bbox 180 3901 236 3946; x_wconf 85' lang='lat' dir='ltr'><strong>add.</strong></span> <span class='ocrx_word' id='word_1_342' title='bbox 249 3903 311 3960; x_wconf 72' lang='lat' dir='ltr'><strong>regia</strong></span> <span class='ocrx_word' id='word_1_343' title='bbox 324 3901 421 3962; x_wconf 77' lang='lat' dir='ltr'><strong>Kreyea.</strong></span> <span class='ocrx_word' id='word_1_344' title='bbox 433 3902 512 3948; x_wconf 81' lang='lat' dir='ltr'><strong>Beltlt.</strong></span> <span class='ocrx_word' id='word_1_345' title='bbox 618 3902 700 3960; x_wconf 68' lang='lat' dir='ltr'><strong>⁸fitius</strong></span> <span class='ocrx_word' id='word_1_346' title='bbox 711 3915 796 3962; x_wconf 80' lang='lat' dir='ltr'><strong>quaqua</strong></span> <span class='ocrx_word' id='word_1_347' title='bbox 809 3901 913 3961; x_wconf 75' lang='lat' dir='ltr'><strong>Pttttppt</strong></span> <span class='ocrx_word' id='word_1_348' title='bbox 927 3901 1002 3948; x_wconf 73' lang='lat' dir='ltr'><strong>seat.</strong></span> <span class='ocrx_word' id='word_1_349' title='bbox 1115 3897 1127 3935; x_wconf 73' lang='lat'><strong><em>¹</em></strong></span> <span class='ocrx_word' id='word_1_350' title='bbox 1133 3907 1219 3962; x_wconf 74' lang='lat' dir='ltr'><strong>prater</strong></span> 
     </span>
     <span class='ocr_line' id='line_1_41' title="bbox 122 3958 1183 4027; baseline 0.003 -18"><span class='ocrx_word' id='word_1_351' title='bbox 122 3963 221 4023; x_wconf 76' lang='lat' dir='ltr'><strong>Kreyaa.</strong></span> <span class='ocrx_word' id='word_1_352' title='bbox 233 3965 311 4012; x_wconf 62' lang='lat' dir='ltr'><strong>aeta.</strong></span> <span class='ocrx_word' id='word_1_353' title='bbox 441 3971 455 4008; x_wconf 74' lang='lat' dir='ltr'><strong>s</strong></span> <span class='ocrx_word' id='word_1_354' title='bbox 465 3981 519 4027; x_wconf 79' lang='lat' dir='ltr'><strong>erga</strong></span> <span class='ocrx_word' id='word_1_355' title='bbox 530 3965 575 4012; x_wconf 89' lang='lat' dir='ltr'><strong>del.</strong></span> <span class='ocrx_word' id='word_1_356' title='bbox 589 3965 665 4012; x_wconf 75' lang='lat' dir='ltr'><strong>sest.</strong></span> <span class='ocrx_word' id='word_1_357' title='bbox 793 3958 807 3996; x_wconf 74' lang='lat'><strong>¹²</strong></span> <span class='ocrx_word' id='word_1_358' title='bbox 823 3965 927 4012; x_wconf 80' lang='lat' dir='ltr'><strong>Valeriae</strong></span> <span class='ocrx_word' id='word_1_359' title='bbox 935 3967 1019 4013; x_wconf 79' lang='lat' dir='ltr'><strong>Antias</strong></span> <span class='ocrx_word' id='word_1_360' title='bbox 1030 3965 1103 4012; x_wconf 87' lang='lat' dir='ltr'><strong>Gron.</strong></span> <span class='ocrx_word' id='word_1_361' title='bbox 1114 3965 1183 4012; x_wconf 80' lang='lat' dir='ltr'><strong>cres.</strong></span> 
     </span>
    </p>
   </div>
   <div class='ocr_carea' id='block_1_3' title="bbox 118 4072 1378 4580">
    <p class='ocr_par' dir='ltr' id='par_1_6' title="bbox 120 4072 1377 4186">
     <span class='ocr_line' id='line_1_42' title="bbox 152 4072 1377 4136; baseline -0.005 -12"><span class='ocrx_word' id='word_1_362' title='bbox 152 4077 169 4124; x_wconf 74' lang='grc'><strong>9</strong></span> <span class='ocrx_word' id='word_1_363' title='bbox 186 4077 281 4123; x_wconf 70' lang='lat' dir='ltr'><strong>caesa</strong></span> <span class='ocrx_word' id='word_1_364' title='bbox 290 4072 375 4136; x_wconf 71' lang='lat' dir='ltr'><strong>pudo]</strong></span> <span class='ocrx_word' id='word_1_365' title='bbox 394 4077 526 4124; x_wconf 82' lang='lat' dir='ltr'><strong>Mareamtu</strong></span> <span class='ocrx_word' id='word_1_366' title='bbox 539 4075 675 4124; x_wconf 81' lang='lat' dir='ltr'><strong>nostratium</strong></span> <span class='ocrx_word' id='word_1_367' title='bbox 690 4073 735 4122; x_wconf 74' lang='lat'><strong>156</strong></span> <span class='ocrx_word' id='word_1_368' title='bbox 768 4074 895 4134; x_wconf 79' lang='lat' dir='ltr'><strong>Megalesia</strong></span> <span class='ocrx_word' id='word_1_369' title='bbox 906 4075 973 4122; x_wconf 81' lang='lat' dir='ltr'><strong>ludos</strong></span> <span class='ocrx_word' id='word_1_370' title='bbox 983 4075 1086 4122; x_wconf 85' lang='lat' dir='ltr'><strong>trenieot</strong></span> <span class='ocrx_word' id='word_1_371' title='bbox 1095 4090 1144 4123; x_wconf 87' lang='lat' dir='ltr'><strong>eaae</strong></span> <span class='ocrx_word' id='word_1_372' title='bbox 1157 4075 1228 4122; x_wconf 83' lang='lat' dir='ltr'><strong>laetos</strong></span> <span class='ocrx_word' id='word_1_373' title='bbox 1240 4073 1377 4120; x_wconf 83' lang='lat' dir='ltr'><strong>memoravit</strong></span> 
     </span>
     <span class='ocr_line' id='line_1_43' title="bbox 120 4139 858 4186; baseline 0.001 -2"><span class='ocrx_word' id='word_1_374' title='bbox 120 4154 173 4184; x_wconf 79' lang='lat' dir='ltr'><strong>etam</strong></span> <span class='ocrx_word' id='word_1_375' title='bbox 185 4139 261 4186; x_wconf 79' lang='lat' dir='ltr'><strong>unciis</strong></span> <span class='ocrx_word' id='word_1_376' title='bbox 273 4141 296 4186; x_wconf 79' lang='lat'><strong>2.</strong></span> <span class='ocrx_word' id='word_1_377' title='bbox 769 4139 858 4185; x_wconf 81' lang='lat' dir='ltr'><strong>Livius.</strong></span> 
     </span>
    </p>

    <p class='ocr_par' dir='ltr' id='par_1_7' title="bbox 125 4198 1376 4328">
     <span class='ocr_line' id='line_1_44' title="bbox 154 4198 1376 4265; baseline -0.004 -17"><span class='ocrx_word' id='word_1_378' title='bbox 154 4201 184 4248; x_wconf 81' lang='lat'><strong>1⁰</strong></span> <span class='ocrx_word' id='word_1_379' title='bbox 199 4205 266 4250; x_wconf 68' lang='lat' dir='ltr'><strong>Lada·</strong></span> <span class='ocrx_word' id='word_1_380' title='bbox 285 4233 352 4250; x_wconf 90' lang='lat'><strong>....</strong></span> <span class='ocrx_word' id='word_1_381' title='bbox 370 4219 425 4264; x_wconf 79' lang='lat' dir='ltr'><strong>quaa</strong></span> <span class='ocrx_word' id='word_1_382' title='bbox 443 4205 527 4264; x_wconf 74' lang='lat' dir='ltr'><strong>prinus</strong></span> <span class='ocrx_word' id='word_1_383' title='bbox 548 4205 645 4250; x_wconf 75' lang='lat' dir='ltr'><strong>emieat</strong></span> <span class='ocrx_word' id='word_1_384' title='bbox 660 4198 735 4262; x_wconf 64' lang='lat' dir='ltr'><strong>fisso</strong></span> <span class='ocrx_word' id='word_1_385' title='bbox 802 4201 826 4248; x_wconf 92' lang='lat' dir='ltr'><strong>ll</strong></span> <span class='ocrx_word' id='word_1_386' title='bbox 849 4201 991 4265; x_wconf 70' lang='lat' dir='ltr'><strong>[acerrima]</strong></span> <span class='ocrx_word' id='word_1_387' title='bbox 1010 4204 1047 4250; x_wconf 84' lang='lat' dir='ltr'><strong>Sic</strong></span> <span class='ocrx_word' id='word_1_388' title='bbox 1059 4205 1183 4250; x_wconf 82' lang='lat' dir='ltr'><strong>vocabatur</strong></span> <span class='ocrx_word' id='word_1_389' title='bbox 1194 4199 1259 4260; x_wconf 79' lang='lat' dir='ltr'><strong>regio</strong></span> <span class='ocrx_word' id='word_1_390' title='bbox 1270 4199 1376 4259; x_wconf 81' lang='lat' dir='ltr'><strong>quadam</strong></span> 
     </span>
     <span class='ocr_line' id='line_1_45' title="bbox 125 4263 933 4328; baseline 0.002 -17"><span class='ocrx_word' id='word_1_391' title='bbox 125 4266 227 4314; x_wconf 78' lang='lat' dir='ltr'><strong>Valeriae</strong></span> <span class='ocrx_word' id='word_1_392' title='bbox 239 4263 339 4328; x_wconf 73' lang='lat' dir='ltr'><strong>Antias]</strong></span> <span class='ocrx_word' id='word_1_393' title='bbox 357 4265 466 4327; x_wconf 80' lang='lat' dir='ltr'><strong>intellige</strong></span> <span class='ocrx_word' id='word_1_394' title='bbox 480 4269 564 4326; x_wconf 80' lang='lat' dir='ltr'><strong>pritaaa</strong></span> <span class='ocrx_word' id='word_1_395' title='bbox 576 4269 672 4314; x_wconf 76' lang='lat' dir='ltr'><strong>scenicos</strong></span> <span class='ocrx_word' id='word_1_396' title='bbox 684 4267 735 4313; x_wconf 82' lang='lat' dir='ltr'><strong>Ma·</strong></span> <span class='ocrx_word' id='word_1_397' title='bbox 768 4265 832 4312; x_wconf 83' lang='lat' dir='ltr'><strong>urbis</strong></span> <span class='ocrx_word' id='word_1_398' title='bbox 846 4265 933 4313; x_wconf 79' lang='lat' dir='ltr'><strong>Roma.</strong></span> 
     </span>
    </p>

    <p class='ocr_par' dir='ltr' id='par_1_8' title="bbox 118 4321 1378 4580">
     <span class='ocr_line' id='line_1_46' title="bbox 118 4321 1378 4391; baseline -0.003 -13"><span class='ocrx_word' id='word_1_399' title='bbox 118 4330 399 4390; x_wconf 66' lang='lat' dir='ltr'><strong>galemanonornuino</strong></span> <span class='ocrx_word' id='word_1_400' title='bbox 415 4333 500 4391; x_wconf 84' lang='lat' dir='ltr'><strong>priatoa</strong></span> <span class='ocrx_word' id='word_1_401' title='bbox 516 4333 620 4378; x_wconf 71' lang='lat' dir='ltr'><strong>sasaim</strong></span> <span class='ocrx_word' id='word_1_402' title='bbox 656 4329 734 4376; x_wconf 78' lang='lat' dir='ltr'><strong>Ludo·</strong></span> <span class='ocrx_word' id='word_1_403' title='bbox 801 4328 831 4376; x_wconf 77' lang='lat' dir='ltr'><strong>tt</strong></span> <span class='ocrx_word' id='word_1_404' title='bbox 847 4328 961 4390; x_wconf 80' lang='lat' dir='ltr'><strong>Jejuaiutu</strong></span> <span class='ocrx_word' id='word_1_405' title='bbox 980 4329 1142 4378; x_wconf 71' lang='lat' dir='ltr'><strong>tntitwtdan</strong></span> <span class='ocrx_word' id='word_1_406' title='bbox 1162 4321 1252 4386; x_wconf 78' lang='lat' dir='ltr'><strong>Cereri]</strong></span> <span class='ocrx_word' id='word_1_407' title='bbox 1282 4325 1378 4386; x_wconf 67' lang='lat' dir='ltr'><strong>«ieiunio</strong></span> 
     </span>
     <span class='ocr_line' id='line_1_47' title="bbox 120 4390 1378 4454; baseline -0.002 -16"><span class='ocrx_word' id='word_1_408' title='bbox 120 4407 173 4438; x_wconf 83' lang='lat' dir='ltr'><strong>ratu</strong></span> <span class='ocrx_word' id='word_1_409' title='bbox 190 4395 339 4442; x_wconf 82' lang='lat' dir='ltr'><strong>aoeaieorttm</strong></span> <span class='ocrx_word' id='word_1_410' title='bbox 357 4395 420 4454; x_wconf 80' lang='lat' dir='ltr'><strong>apud</strong></span> <span class='ocrx_word' id='word_1_411' title='bbox 440 4395 558 4440; x_wconf 71' lang='lat' dir='ltr'><strong>Romam</strong></span> <span class='ocrx_word' id='word_1_412' title='bbox 579 4394 644 4452; x_wconf 82' lang='lat' dir='ltr'><strong>origo</strong></span> <span class='ocrx_word' id='word_1_413' title='bbox 666 4393 735 4452; x_wconf 77' lang='lat' dir='ltr'><strong>longe</strong></span> <span class='ocrx_word' id='word_1_414' title='bbox 768 4391 878 4438; x_wconf 84' lang='lat' dir='ltr'><strong>Cererem</strong></span> <span class='ocrx_word' id='word_1_415' title='bbox 889 4393 1003 4448; x_wconf 85' lang='lat' dir='ltr'><strong>colebant,</strong></span> <span class='ocrx_word' id='word_1_416' title='bbox 1014 4401 1040 4438; x_wconf 89' lang='lat' dir='ltr'><strong>ut</strong></span> <span class='ocrx_word' id='word_1_417' title='bbox 1056 4390 1204 4436; x_wconf 82' lang='lat' dir='ltr'><strong>imitarentur</strong></span> <span class='ocrx_word' id='word_1_418' title='bbox 1222 4390 1315 4450; x_wconf 83' lang='lat' dir='ltr'><strong>longam</strong></span> <span class='ocrx_word' id='word_1_419' title='bbox 1327 4391 1378 4450; x_wconf 78' lang='lat' dir='ltr'><strong>ejus</strong></span> 
     </span>
     <span class='ocr_line' id='line_1_48' title="bbox 120 4451 1376 4518; baseline -0.002 -17"><span class='ocrx_word' id='word_1_420' title='bbox 120 4457 237 4516; x_wconf 82' lang='lat' dir='ltr'><strong>antiquior</strong></span> <span class='ocrx_word' id='word_1_421' title='bbox 256 4465 300 4502; x_wconf 89' lang='lat' dir='ltr'><strong>eat.</strong></span> <span class='ocrx_word' id='word_1_422' title='bbox 336 4457 390 4503; x_wconf 86' lang='lat' dir='ltr'><strong>Vid.</strong></span> <span class='ocrx_word' id='word_1_423' title='bbox 407 4471 478 4518; x_wconf 84' lang='lat' dir='ltr'><strong>aupra</strong></span> <span class='ocrx_word' id='word_1_424' title='bbox 497 4457 654 4504; x_wconf 76' lang='lat' dir='ltr'><strong>t.vt1.c.tt</strong></span> <span class='ocrx_word' id='word_1_425' title='bbox 689 4457 736 4504; x_wconf 79' lang='lat' dir='ltr'><strong>Sed</strong></span> <span class='ocrx_word' id='word_1_426' title='bbox 768 4455 792 4502; x_wconf 90' lang='lat' dir='ltr'><strong>in</strong></span> <span class='ocrx_word' id='word_1_427' title='bbox 805 4457 868 4502; x_wconf 85' lang='lat' dir='ltr'><strong>luctu</strong></span> <span class='ocrx_word' id='word_1_428' title='bbox 885 4469 934 4510; x_wconf 87' lang='lat' dir='ltr'><strong>auo,</strong></span> <span class='ocrx_word' id='word_1_429' title='bbox 946 4457 1003 4501; x_wconf 88' lang='lat' dir='ltr'><strong>dum</strong></span> <span class='ocrx_word' id='word_1_430' title='bbox 1020 4451 1246 4513; x_wconf 80' lang='lat' dir='ltr'><strong>raptamal&#39;lutune</strong></span> <span class='ocrx_word' id='word_1_431' title='bbox 1260 4453 1376 4514; x_wconf 85' lang='lat' dir='ltr'><strong>Proaerpi-</strong></span> 
     </span>
     <span class='ocr_line' id='line_1_49' title="bbox 120 4517 1378 4580; baseline -0.004 -14"><span class='ocrx_word' id='word_1_432' title='bbox 120 4523 199 4580; x_wconf 83' lang='lat' dir='ltr'><strong>etjam</strong></span> <span class='ocrx_word' id='word_1_433' title='bbox 208 4521 283 4568; x_wconf 84' lang='lat' dir='ltr'><strong>tertio</strong></span> <span class='ocrx_word' id='word_1_434' title='bbox 293 4529 349 4568; x_wconf 81' lang='lat' dir='ltr'><strong>ante</strong></span> <span class='ocrx_word' id='word_1_435' title='bbox 361 4521 504 4577; x_wconf 75' lang='lat' dir='ltr'><strong>hunuano,</strong></span> <span class='ocrx_word' id='word_1_436' title='bbox 516 4522 530 4566; x_wconf 92' lang='lat' dir='ltr'><strong>l.</strong></span> <span class='ocrx_word' id='word_1_437' title='bbox 543 4519 653 4570; x_wconf 81' lang='lat' dir='ltr'><strong>xxxtv.</strong></span> <span class='ocrx_word' id='word_1_438' title='bbox 665 4535 684 4567; x_wconf 81' lang='lat' dir='ltr'><strong>a.</strong></span> <span class='ocrx_word' id='word_1_439' title='bbox 696 4520 736 4576; x_wconf 75' lang='lat' dir='ltr'><strong>bl,</strong></span> <span class='ocrx_word' id='word_1_440' title='bbox 769 4533 823 4566; x_wconf 89' lang='lat' dir='ltr'><strong>natu</strong></span> <span class='ocrx_word' id='word_1_441' title='bbox 835 4525 884 4566; x_wconf 89' lang='lat' dir='ltr'><strong>toto</strong></span> <span class='ocrx_word' id='word_1_442' title='bbox 895 4521 950 4565; x_wconf 86' lang='lat' dir='ltr'><strong>orbe</strong></span> <span class='ocrx_word' id='word_1_443' title='bbox 962 4517 1052 4577; x_wconf 74' lang='lat' dir='ltr'><strong>quarte,</strong></span> <span class='ocrx_word' id='word_1_444' title='bbox 1061 4531 1074 4564; x_wconf 92' lang='lat' dir='ltr'><strong>a</strong></span> <span class='ocrx_word' id='word_1_445' title='bbox 1083 4517 1135 4564; x_wconf 85' lang='lat' dir='ltr'><strong>cibo</strong></span> <span class='ocrx_word' id='word_1_446' title='bbox 1144 4525 1247 4577; x_wconf 83' lang='lat' dir='ltr'><strong>potuque</strong></span> <span class='ocrx_word' id='word_1_447' title='bbox 1258 4519 1378 4566; x_wconf 82' lang='lat' dir='ltr'><strong>abatlnen·</strong></span> 
     </span>
    </p>
   </div>
   <div class='ocr_carea' id='block_1_4' title="bbox 0 0 1548 4952">
    <p class='ocr_par' dir='ltr' id='par_1_9' title="bbox 0 0 1548 4952">
     <span class='ocr_line' id='line_1_50' title="bbox 0 0 1548 4952; baseline 0 1"><span class='ocrx_word' id='word_1_448' title='bbox 0 0 1548 4952; x_wconf 95' lang='lat' dir='ltr'><strong> </strong></span> 
     </span>
    </p>
   </div>
  </div>
 </body>
</html>
