3108 4982
160 317 226 380 284
569 351 572 358 .
745 305 838 370 'fl'l'l
861 305 977 370 LIVII

163 471 296 520 u.c.oee
326 477 416 536 num,
439 454 606 520 Pisaurum
623 451 690 516 ”iu
713 451 873 516 Gallicum
893 471 1016 536 agrurn
1034 451 1180 517 deductae
1203 460 1291 518 sunt.
1335 455 1422 520 Sena

162 535 295 586 a.c.18⁴.
321 542 436 628 jugera
447 539 482 602 in
497 537 639 623 singulos
654 537 737 600 data.
759 536 935 600 diviserunt
1060 536 1286 622 ,coloniasque
1297 539 1422 603 dedux-

326 632 421 690 erunt
445 623 541 687 iidem
562 621 697 700 tresviri,
719 621 761 686 0„
781 620 899 684 Fabius
921 621 970 684 La
1010 643 1040 698 o,
1064 629 1097 683 et
1117 621 1168 686 M.
1188 631 1221 685 et
1240 622 1282 688 G.
1304 624 1421 701 Fulvii,

327 709 461 776 Flaccus
475 716 508 772 et
522 707 678 772 Nobilior.
714 703 872 769 Consules
884 704 953 790 ejus
966 705 1042 768 anni
1055 727 1114 769 nec
1128 706 1215 770 domi
1227 729 1287 771 nec
1297 707 1421 772 militiae

218 819 220 822 ·
327 791 530 859 memorabile
544 791 719 891 quidquam
732 797 875 875 egerunt.

165 881 195 928 ὓ·
206 879 234 927 ⁰·
245 878 298 928 ⁶⁰⁰·
371 877 476 942 XLV.
498 877 539 940 ln
552 882 772 960 msequentem
787 893 908 937 annum
927 880 1073 937 creanrnt
1090 873 1237 937 eonsules
1257 875 1307 939 M.
1323 875 1422 940 Cleu-

166 943 419 1064 ffiffiffidium
440 960 640 1038 Marcellum,
661 959 703 1026 Q.
725 957 861 1023 Fabium
884 957 1076 1022 Labeonem.
1120 958 1170 1022 M.
1191 957 1355 1038 Claudius,
1377 961 1422 1027 Q.

165 1039 199 1122 tu
209 1071 280 1119 roto
330 1047 449 1111 Fabius
464 1045 577 1110 Idibus
593 1043 732 1122 Martiis,
746 1064 811 1127 quo
825 1042 876 1106 die
892 1043 1093 1106 consulatum
1112 1042 1262 1122 inierunt,
1283 1043 1322 1108 de
1345 1065 1422 1129 pro·

166 1137 231 1183 ⁰⁰⁸⁸
329 1131 441 1197 vinciis
462 1131 529 1194 suis
575 1137 789 1212 raetorumque
809 1127 995 1192 retulerunt.
1039 1127 1194 1191 Praetores
1214 1128 1310 1192 creati
1328 1137 1423 1192 erant

330 1215 369 1281 C.
380 1215 527 1281 Valerius
549 1152 665 1278 damen
686 1211 799 1291 Dialis,
820 1211 876 1296 qui
888 1219 921 1274 et
930 1211 1038 1310 priore
1053 1232 1137 1276 anno
1151 1212 1294 1297 petierat,
1311 1221 1345 1276 et
1360 1213 1383 1278 S
1410 1259 1420 1278 .

331 1301 516 1366 Postumius
536 1299 685 1378 Albinus,
705 1307 739 1364 et
762 1297 798 1361 P.
812 1296 979 1360 Coroebus
1003 1295 1147 1375 Sisenna,
1169 1297 1208 1360 L.
1225 1297 1357 1382 Pupius,

167 1401 302 1450 nonnus
330 1385 448 1466 Julius,
471 1385 532 1450 Cn.
545 1383 693 1449 Sicinius.
737 1381 933 1446 Consulibus
954 1379 1090 1465 ligmns
1106 1402 1180 1444 cum
1199 1381 1312 1445 iisdem
1331 1403 1423 1446 exer-

330 1469 459 1551 citibus,
480 1491 562 1554 quoe
578 1469 614 1532 P.
626 1465 780 1532 Claudius
796 1475 829 1529 et
848 1467 888 1530 L.
901 1465 1031 1530 Porcius
1049 1465 1235 1545 habuerant,
1258 1466 1424 1552 provincia

330 1555 455 1620 decreta
477 1563 536 1618 eet.
580 1549 747 1638 Hispaniae
764 1557 853 1614 extra
870 1558 986 1614 sortem
1004 1549 1119 1635 prioris
1137 1549 1211 1613 anni
1230 1551 1424 1649 praetoribus

329 1659 403 1702 cum
418 1638 487 1702 suis
501 1636 691 1701 exercitibus
707 1642 848 1699 servatae.
893 1633 1049 1699 Praetores
1070 1634 1117 1698 ita
1139 1633 1243 1698 sertin
1256 1635 1351 1720 jussi,
1373 1635 1424 1700 uti

329 1721 450 1786 flamini
463 1721 550 1785 Diali
564 1720 674 1804 utique
688 1719 786 1783 altera
790 1718 876 1867 gur-is
891 1718 1017 1783 dicendi
1033 1719 1143 1783 Romse
1153 1719 1315 1868 provincia
1325 1729 1422 1784 esset.

329 1806 527 1892 peregrinam
540 1811 590 1868 est
604 1804 745 1868 sortitus.
814 1803 933 1868 iseunae
948 1803 1095 1868 Cornelio
1117 1825 1156 1866 ur
1178 1823 1248 1883 aaa,
1270 1803 1325 1889 Sp.
1342 1805 1424 1868 Pos-

329 1890 431 1954 tumio
454 1889 570 1966 Sicilia,
592 1889 631 1954 L.
648 1889 751 2038 Pupio
769 1887 898 1973 Apulia,
922 1889 961 1953 L.
977 1887 1066 1952 Julio
1087 1887 1201 1969 Gallia,
1224 1889 1285 1953 Cn.
1301 1889 1423 1954 Sicinio

331 1974 477 2040 Sardinia
490 1973 604 2039 evenit.
644 1973 683 2038 L.
718 1973 803 2037 nlius
816 1980 975 2036 maturare
990 1980 1039 2036 est
1047 1972 1168 2057 jussus.
1206 1973 1424 2038 Galli'lbans-

330 2059 441 2146 alpini,
464 2080 523 2144 per
545 2059 644 2122 saltus
662 2058 781 2144 ignmae
802 2065 895 2121 antea
907 2057 968 2122 viae
987 2057 1019 2140 (¹⁸
1029 2065 1067 2120 ut
1085 2065 1159 2122 ante
1176 2057 1297 2122 dictum
1310 2061 1371 2140 est)
1388 2058 1424 2122 in

332 2144 460 2210 Italiam
487 2153 558 2208 tran
632 2143 726 2224 sai,o
773 2143 862 2206 idum
881 2142 916 2205 in
1007 2142 1096 2226 ,qui
1117 2163 1204 2206 nunc
1217 2151 1267 2206 est
1280 2143 1425 2227 Aquilei-

331 2229 447 2308 ensis⁰,
467 2229 590 2294 aedifiea
612 2235 677 2292 ant.
721 2165 829 2292 ldleos
843 2235 881 2290 ut
894 2163 1085 2324 pribioberet,
1106 2225 1248 2326 '‘quod‘l
1265 2227 1334 2326 ejula
1354 2229 1424 2327 sine

330 2314 414 2380 bello
440 2321 560 2400 posset,
587 2312 716 2400 praeton·
744 2312 930 2376 mandatum
958 2319 1017 2375 est.
1054 2333 1081 2374 sr
1105 2331 1201 2374 arm1s
1230 2312 1424 2397 prohibendi

330 2406 448 2478 essent,
468 2399 615 2462 consules
643 2397 792 2462 certiores
818 2397 944 2460 faceret.
987 2416 1028 2458 ex
1055 2395 1105 2460 his
1133 2395 1257 2480 placere
1285 2397 1423 2460 alterum

330 2483 480 2547 adversus
497 2481 608 2546 Gallos
621 2482 734 2545 ducere
743 2481 893 2566 legiones.
921 2479 1075 2544 Extremo
1085 2479 1199 2565 prioris
1211 2481 1287 2545 anni
1294 2482 1425 2546 comitia

330 2566 439 2630 habita
458 2573 548 2629 eraut
569 2565 603 2628 in
625 2565 784 2628 demortui
804 2565 865 2628 Cn.
882 2563 1042 2629 Cornelii⁰
1065 2565 1173 2630 locum
1196 2566 1325 2652 anginis
1345 2567 1424 2632 sub-

330 2649 467 2714 ficiendi.
512 2649 647 2712 Crestus
663 2649 719 2746 Sp.
736 2649 919 2712 Postumius
933 2649 1082 2715 Albinus.

372 2733 496 2798 XLVI.
520 2733 628 2818 Hujus
645 2733 802 2832 principio
824 2735 899 2797 anni
919 2735 955 2797 P.
971 2735 1115 2798 Licinius
1130 2735 1264 2798 Crassus
1277 2737 1424 2820 pontifex

330 2817 487 2881 maximus
500 2827 646 2882 mortuus
661 2825 726 2882 est:
749 2841 782 2880 1n
799 2819 889 2904 cujus
902 2819 1009 2882 locum
1033 2820 1082 2882 M.
1094 2820 1299 2906 Sempronius
1321 2821 1424 2885 'Pudi-

330 2912 426 2968 tanus
441 2901 461 2936 '⁵
493 2903 613 2968 ontifex
628 2911 677 2968 est
690 2912 875 2990 cooptatus:
897 2903 1040 2988 pontifex
1064 2905 1221 2969 maximus
1235 2913 1284 2968 est
1298 2915 1424 2970 creatus

332 2988 370 3053 C.
387 2989 427 3054 Se
489 2989 538 3054 'us
557 2988 725 3054 Geminus.
769 2989 804 3053 P.
819 2988 934 3052 Licinii
954 2989 1073 3052 funeris
1095 3011 1207 3053 causse
1228 2989 1424 3056 ”visceratio

332 3075 415 3153 data,
438 3083 470 3140 et
493 3073 713 3159 ”gladiatores
736 3082 865 3138 centum
888 3073 1001 3158 viginti
1029 3095 1075 3158 pu
1121 3083 1263 3153 averunt,
1292 3083 1325 3138 et
1352 3076 1423 3140 ludi

332 3159 480 3223 funebres
494 3181 552 3244 per
565 3159 708 3223 triduum
723 3158 807 3236 fecti,
820 3166 895 3244 post
907 3157 999 3222 ludos
1014 3181 1078 3244 epu
1091 3181 1155 3224 um.
1182 3159 1217 3223 in
1231 3181 1306 3243 quo,
1321 3183 1424 3244 quum

168 3258 284 3320 Prodigia.
332 3250 401 3306 tote
414 3244 482 3306 foro
497 3251 595 3306 atrata
608 3243 744 3306 triclinia
767 3251 884 3322 essent,
906 3251 1089 3328 tempestas,
1107 3266 1181 3308 cum
1203 3245 1328 3328 magnis
1372 3267 1425 3310 ro-

333 3326 419 3389 cellis
442 3335 559 3404 coorta,
581 3327 686 3412 coegit
708 3327 876 3412 plerosque
900 3327 1102 3392 tabernacula
1126 3337 1263 3392 statuere
1284 3330 1318 3392 in
1342 3267 1423 3397 liro.

333 3410 455 3478 Eadem
482 3410 589 3496 paullo
616 3419 700 3496 post,
729 3433 830 3494 quum
859 3413 1000 3498 undique
1030 3413 1263 3494 disserenasset,
1286 3413 1423 3480 sublata.

487 3589 499 3618 ⁰
510 3585 661 3646 Aquileiensis
672 3590 706 3632 est
718 3584 790 3630 Gron.
803 3585 871 3632 cm.
1011 3579 1110 3648 domae
1121 3585 1193 3632 Grou.

649 3649 727 3695 eadd.
739 3649 833 3695 hortuli
846 3649 940 3709 Kreysa.
954 3647 1030 3695 seur.

202 3797 233 3853 77
262 3797 290 3846 In
312 3798 424 3846 Gallicum
446 3798 538 3862 ogram]
568 3801 677 3862 intellige
696 3815 778 3862 agrum
810 3803 885 3862 quood
905 3799 961 3862 ejas.
996 3801 1140 3848 Mutavimus
1162 3801 1305 3862 exscriptis
1327 3803 1422 3851 Grono-

170 3861 318 3910 lnterAEsim
336 3871 360 3909 et
379 3864 524 3911 Rubiconem
542 3865 631 3922 fusion
648 3866 688 3926 qui
706 3880 779 3925 quum
811 3866 893 3922 rionis,
906 3867 990 3924 quibus
1001 3867 1090 3912 accedit
1102 3875 1180 3912 noster
1193 3867 1251 3913 vice

170 3927 227 3974 olim
249 3927 370 3973 Gallorum
392 3929 511 3974 Senonum
533 3929 621 3984 fuisset,
644 3939 724 3989 postea
750 3930 778 3976 iis
842 3931 874 3984 75
890 3927 1180 3990 Pontifeeoneooptolus]
1202 3931 1423 3991 Acollegioponti.

170 3991 281 4052 expulsis,
293 3991 345 4052 lege
363 3991 477 4041 Flaminia
493 3993 578 4052 populo
595 3993 681 4039 uiritim
699 3993 778 4040 distri·
811 3993 888 4040 deum.
921 3991 1147 4053 Pontq'siancrinus
1158 4002 1192 4042 est
1203 4002 1313 4042 eccam
1323 3997 1421 4056 populo,

170 4057 248 4112 butue,
267 4055 317 4115 agri
334 4055 417 4102 Gallici
435 4070 520 4102 nomen
537 4071 551 4102 a
568 4058 684 4103 veteribus
704 4058 777 4104 culto·
810 4057 903 4104 tributis
915 4058 1022 4104 comitiis.

170 4119 236 4166 ribus
255 4119 390 4166 retinuerat.
435 4119 464 4166 ld
483 4121 565 4180 probat
586 4121 669 4166 Cellas.
693 4121 779 4180 Geogr.
841 4121 873 4175 76
905 4117 1040 4182 Viscerotio]
1075 4121 1159 4168 Cruda
1182 4122 1258 4170 carnis
1279 4122 1423 4172 distributio.

171 4181 605 4244 Antlll.c9.pagg.dibet78li.
639 4185 777 4232 ‘Vidnot
811 4185 1196 4238 vianoastsel.vl11.c.2u

170 4245 349 4297 distXlll.
363 4247 400 4294 ll.
841 4247 873 4303 77
899 4249 1043 4297 Gladiatores
1066 4247 1154 4311 CXX]
1184 4250 1276 4309 Lipsius
1299 4251 1347 4297 Set.
1365 4251 1382 4296 l.
1402 4251 1424 4298 1.

202 4309 234 4364 73
250 4308 265 4337 “
279 4313 373 4359 Utente
384 4307 525 4371 dictumest]
543 4311 618 4370 Supra
629 4325 649 4356 c.
661 4311 700 4358 22
809 4327 828 4358 e
840 4313 863 4365 8,
871 4313 962 4373 judicat
980 4313 1043 4360 hune
1060 4329 1184 4360 numerum
1203 4329 1253 4362 esse
1271 4315 1426 4374 grandiorem

202 4372 233 4426 74
252 4375 318 4425 Quod
327 4373 388 4436 ejus]
407 4375 513 4422 Usitatus
526 4375 617 4421 Latinis
628 4376 778 4435 pleonasmus
809 4390 880 4436 quam
892 4385 918 4424 ut
934 4377 1057 4424 mnvenist
1074 4377 1099 4423 in
1116 4378 1161 4424 boc
1177 4393 1261 4434 esum,
1273 4387 1298 4426 et
1315 4380 1426 4430 resmibit

169 4437 194 4484 ln
217 4451 272 4486 voce
292 4437 342 4500 ejus
362 4439 401 4487 bie
419 4440 536 4488 notandus
558 4439 663 4487 oceumit.
701 4439 778 4500 Vulgo
810 4439 888 4488 Lxx.
921 4440 1239 4490 visionenxtteun
