<?xml version="1.0" encoding="UTF-8"?>
<!DOCTYPE html PUBLIC "-//W3C//DTD XHTML 1.0 Transitional//EN"
    "http://www.w3.org/TR/xhtml1/DTD/xhtml1-transitional.dtd">
<html xmlns="http://www.w3.org/1999/xhtml" xml:lang="en" lang="en">
 <head>
  <title>
</title>
<meta http-equiv="Content-Type" content="text/html;charset=utf-8" />
  <meta name='ocr-system' content='tesseract 3.04.00' />
  <meta name='ocr-capabilities' content='ocr_page ocr_carea ocr_par ocr_line ocrx_word'/>
</head>
<body>
  <div class='ocr_page' id='page_1' title='image "./tliviipatavinih01crevgoog/tliviipatavinih01crevgoog_0222.png"; bbox 0 0 3108 4982; ppageno 0'>
   <div class='ocr_carea' id='block_1_1' title="bbox 198 297 1005 366">
    <p class='ocr_par' dir='ltr' id='par_1_1' title="bbox 198 297 1005 366">
     <span class='ocr_line' id='line_1_1' title="bbox 198 297 1005 366; baseline -0.002 -2"><span class='ocrx_word' id='word_1_1' title='bbox 198 301 262 366; x_wconf 79' lang='lat'>212</span> <span class='ocrx_word' id='word_1_2' title='bbox 766 297 859 362; x_wconf 73' lang='lat'>&#39;1&#39;1&#39;1&#39;1</span> <span class='ocrx_word' id='word_1_3' title='bbox 890 297 1005 362; x_wconf 83' lang='lat' dir='ltr'><strong>LIVII</strong></span> 
     </span>
    </p>
   </div>
   <div class='ocr_carea' id='block_1_2' title="bbox 201 441 1465 3391">
    <p class='ocr_par' dir='ltr' id='par_1_2' title="bbox 201 441 1454 527">
     <span class='ocr_line' id='line_1_2' title="bbox 201 441 1454 527; baseline -0.004 -14"><span class='ocrx_word' id='word_1_4' title='bbox 201 467 232 513; x_wconf 82' lang='grc' dir='ltr'>υ.</span> <span class='ocrx_word' id='word_1_5' title='bbox 243 465 270 513; x_wconf 83' lang='grc' dir='ltr'>ο.</span> <span class='ocrx_word' id='word_1_6' title='bbox 282 463 337 512; x_wconf 83' lang='lat' dir='ltr'>nau</span> <span class='ocrx_word' id='word_1_7' title='bbox 365 443 455 512; x_wconf 79' lang='lat' dir='ltr'>flixit</span> <span class='ocrx_word' id='word_1_8' title='bbox 476 445 595 510; x_wconf 85' lang='lat' dir='ltr'>incerta</span> <span class='ocrx_word' id='word_1_9' title='bbox 602 445 733 510; x_wconf 81' lang='lat' dir='ltr'>victoria</span> <span class='ocrx_word' id='word_1_10' title='bbox 746 444 920 510; x_wconf 74' lang='lat' dir='ltr'>discessum</span> <span class='ocrx_word' id='word_1_11' title='bbox 933 451 992 522; x_wconf 86' lang='lat' dir='ltr'>est,</span> <span class='ocrx_word' id='word_1_12' title='bbox 1007 441 1070 507; x_wconf 89' lang='lat' dir='ltr'>nisi</span> <span class='ocrx_word' id='word_1_13' title='bbox 1084 441 1172 527; x_wconf 90' lang='lat' dir='ltr'>quod</span> <span class='ocrx_word' id='word_1_14' title='bbox 1186 441 1338 508; x_wconf 77' lang='lat' dir='ltr'><strong>Celtiberi</strong></span> <span class='ocrx_word' id='word_1_15' title='bbox 1352 451 1454 508; x_wconf 76' lang='lat' dir='ltr'>custm</span> 
     </span>
    </p>

    <p class='ocr_par' dir='ltr' id='par_1_3' title="bbox 201 527 1454 1288">
     <span class='ocr_line' id='line_1_3' title="bbox 201 527 1453 616; baseline -0.002 -22"><span class='ocrx_word' id='word_1_16' title='bbox 201 529 273 578; x_wconf 49' lang='lat'>*⁰-</span> <span class='ocrx_word' id='word_1_17' title='bbox 284 528 337 576; x_wconf 67' lang='grc'><strong>186·</strong></span> <span class='ocrx_word' id='word_1_18' title='bbox 366 530 440 594; x_wconf 91' lang='lat' dir='ltr'>inde</span> <span class='ocrx_word' id='word_1_19' title='bbox 461 537 554 594; x_wconf 88' lang='lat' dir='ltr'>nocte</span> <span class='ocrx_word' id='word_1_20' title='bbox 577 531 721 616; x_wconf 87' lang='lat' dir='ltr'>proxima</span> <span class='ocrx_word' id='word_1_21' title='bbox 739 537 926 594; x_wconf 81' lang='lat' dir='ltr'>moverunt:</span> <span class='ocrx_word' id='word_1_22' title='bbox 950 527 1102 592; x_wconf 87' lang='lat' dir='ltr'>Romanis</span> <span class='ocrx_word' id='word_1_23' title='bbox 1125 535 1157 590; x_wconf 87' lang='lat' dir='ltr'>et</span> <span class='ocrx_word' id='word_1_24' title='bbox 1181 549 1256 592; x_wconf 90' lang='lat' dir='ltr'>suos</span> <span class='ocrx_word' id='word_1_25' title='bbox 1272 527 1453 612; x_wconf 89' lang='lat' dir='ltr'>sepeliendi,</span> 
     </span>
     <span class='ocr_line' id='line_1_4' title="bbox 367 613 1453 700; baseline -0.002 -22"><span class='ocrx_word' id='word_1_26' title='bbox 367 623 399 678; x_wconf 88' lang='lat' dir='ltr'>et</span> <span class='ocrx_word' id='word_1_27' title='bbox 414 615 514 700; x_wconf 90' lang='lat' dir='ltr'>spolia</span> <span class='ocrx_word' id='word_1_28' title='bbox 525 615 651 699; x_wconf 79' lang='lat' dir='ltr'>legendi</span> <span class='ocrx_word' id='word_1_29' title='bbox 665 637 704 678; x_wconf 85' lang='lat' dir='ltr'>ex</span> <span class='ocrx_word' id='word_1_30' title='bbox 718 615 864 678; x_wconf 91' lang='lat' dir='ltr'>hostibus</span> <span class='ocrx_word' id='word_1_31' title='bbox 878 621 1019 700; x_wconf 86' lang='lat' dir='ltr'>potestas</span> <span class='ocrx_word' id='word_1_32' title='bbox 1033 613 1117 675; x_wconf 82' lang='lat' dir='ltr'>saeta</span> <span class='ocrx_word' id='word_1_33' title='bbox 1134 621 1192 676; x_wconf 92' lang='lat' dir='ltr'>est.</span> <span class='ocrx_word' id='word_1_34' title='bbox 1217 639 1220 646; x_wconf 64' lang='lat'><em>¹</em></span> <span class='ocrx_word' id='word_1_35' title='bbox 1238 613 1360 676; x_wconf 90' lang='lat' dir='ltr'>Paucos</span> <span class='ocrx_word' id='word_1_36' title='bbox 1380 623 1453 698; x_wconf 89' lang='lat' dir='ltr'>post</span> 
     </span>
     <span class='ocr_line' id='line_1_5' title="bbox 368 695 1453 782; baseline -0.003 -19"><span class='ocrx_word' id='word_1_37' title='bbox 368 699 444 778; x_wconf 90' lang='lat' dir='ltr'>dies,</span> <span class='ocrx_word' id='word_1_38' title='bbox 458 698 575 782; x_wconf 90' lang='lat' dir='ltr'>majore</span> <span class='ocrx_word' id='word_1_39' title='bbox 591 707 699 762; x_wconf 89' lang='lat' dir='ltr'>coacto</span> <span class='ocrx_word' id='word_1_40' title='bbox 711 699 884 776; x_wconf 80' lang='lat' dir='ltr'>exercitu¹¹,</span> <span class='ocrx_word' id='word_1_41' title='bbox 899 696 1049 760; x_wconf 81' lang='lat' dir='ltr'>Celtiberi</span> <span class='ocrx_word' id='word_1_42' title='bbox 1064 697 1105 760; x_wconf 90' lang='lat' dir='ltr'>ad</span> <span class='ocrx_word' id='word_1_43' title='bbox 1118 695 1314 780; x_wconf 70' lang='lat' dir='ltr'>Calagurrim</span> <span class='ocrx_word' id='word_1_44' title='bbox 1326 707 1340 736; x_wconf 85' lang='lat'>¹</span> <span class='ocrx_word' id='word_1_45' title='bbox 1363 698 1453 782; x_wconf 93' lang='lat' dir='ltr'>oppi-</span> 
     </span>
     <span class='ocr_line' id='line_1_6' title="bbox 368 781 1452 867; baseline -0.004 -19"><span class='ocrx_word' id='word_1_46' title='bbox 368 783 446 848; x_wconf 89' lang='lat' dir='ltr'>dum</span> <span class='ocrx_word' id='word_1_47' title='bbox 467 783 551 846; x_wconf 89' lang='lat' dir='ltr'>ultro</span> <span class='ocrx_word' id='word_1_48' title='bbox 579 783 804 848; x_wconf 88' lang='lat' dir='ltr'>lacessiverunt</span> <span class='ocrx_word' id='word_1_49' title='bbox 830 781 942 867; x_wconf 87' lang='lat' dir='ltr'>proelio</span> <span class='ocrx_word' id='word_1_50' title='bbox 973 783 1144 844; x_wconf 86' lang='lat' dir='ltr'>Romanos.</span> <span class='ocrx_word' id='word_1_51' title='bbox 1187 781 1278 844; x_wconf 92' lang='lat' dir='ltr'>Nihil</span> <span class='ocrx_word' id='word_1_52' title='bbox 1307 781 1452 860; x_wconf 83' lang='lat' dir='ltr'>traditur,</span> 
     </span>
     <span class='ocr_line' id='line_1_7' title="bbox 368 865 1454 952; baseline 0 -23"><span class='ocrx_word' id='word_1_53' title='bbox 368 889 441 952; x_wconf 74' lang='lat' dir='ltr'>quae</span> <span class='ocrx_word' id='word_1_54' title='bbox 463 889 574 930; x_wconf 81' lang='lat' dir='ltr'>caussa</span> <span class='ocrx_word' id='word_1_55' title='bbox 597 888 729 932; x_wconf 90' lang='lat' dir='ltr'>numero</span> <span class='ocrx_word' id='word_1_56' title='bbox 748 875 841 930; x_wconf 88' lang='lat' dir='ltr'>aucto</span> <span class='ocrx_word' id='word_1_57' title='bbox 866 865 1054 928; x_wconf 87' lang='lat' dir='ltr'>infirmiores</span> <span class='ocrx_word' id='word_1_58' title='bbox 1077 885 1131 928; x_wconf 93' lang='lat' dir='ltr'>eos</span> <span class='ocrx_word' id='word_1_59' title='bbox 1160 865 1277 928; x_wconf 84' lang='lat' dir='ltr'>fecerit.</span> <span class='ocrx_word' id='word_1_60' title='bbox 1314 867 1454 950; x_wconf 88' lang='lat' dir='ltr'>superati</span> 
     </span>
     <span class='ocr_line' id='line_1_8' title="bbox 368 948 1453 1038; baseline -0.001 -24"><span class='ocrx_word' id='word_1_61' title='bbox 368 951 480 1038; x_wconf 88' lang='lat' dir='ltr'>proelio</span> <span class='ocrx_word' id='word_1_62' title='bbox 503 960 589 1014; x_wconf 88' lang='lat' dir='ltr'>sunt.</span> <span class='ocrx_word' id='word_1_63' title='bbox 622 952 663 1015; x_wconf 86' lang='lat' dir='ltr'>ad</span> <span class='ocrx_word' id='word_1_64' title='bbox 685 951 852 1015; x_wconf 84' lang='lat' dir='ltr'>duodecim</span> <span class='ocrx_word' id='word_1_65' title='bbox 873 950 972 1014; x_wconf 91' lang='lat' dir='ltr'>millia</span> <span class='ocrx_word' id='word_1_66' title='bbox 996 948 1162 1012; x_wconf 89' lang='lat' dir='ltr'>hominum</span> <span class='ocrx_word' id='word_1_67' title='bbox 1185 970 1276 1028; x_wconf 77' lang='lat' dir='ltr'>caesa,</span> <span class='ocrx_word' id='word_1_68' title='bbox 1297 949 1371 1034; x_wconf 91' lang='lat' dir='ltr'>plus</span> <span class='ocrx_word' id='word_1_69' title='bbox 1390 951 1453 1013; x_wconf 93' lang='lat' dir='ltr'>duo</span> 
     </span>
     <span class='ocr_line' id='line_1_9' title="bbox 369 1032 1454 1120; baseline -0.004 -20"><span class='ocrx_word' id='word_1_70' title='bbox 369 1044 480 1120; x_wconf 85' lang='lat' dir='ltr'>capta:</span> <span class='ocrx_word' id='word_1_71' title='bbox 503 1043 536 1098; x_wconf 90' lang='lat' dir='ltr'>et</span> <span class='ocrx_word' id='word_1_72' title='bbox 549 1036 659 1099; x_wconf 88' lang='lat' dir='ltr'>castris</span> <span class='ocrx_word' id='word_1_73' title='bbox 673 1037 836 1100; x_wconf 70' lang='lat' dir='ltr'>Romnum</span> <span class='ocrx_word' id='word_1_74' title='bbox 850 1035 981 1120; x_wconf 90' lang='lat' dir='ltr'>potitus.</span> <span class='ocrx_word' id='word_1_75' title='bbox 1009 1041 1051 1111; x_wconf 92' lang='lat' dir='ltr'>et,</span> <span class='ocrx_word' id='word_1_76' title='bbox 1064 1032 1126 1096; x_wconf 91' lang='lat' dir='ltr'>nisi</span> <span class='ocrx_word' id='word_1_77' title='bbox 1140 1053 1303 1097; x_wconf 82' lang='lat' dir='ltr'>successor</span> <span class='ocrx_word' id='word_1_78' title='bbox 1316 1035 1454 1098; x_wconf 86' lang='lat' dir='ltr'>adventu</span> 
     </span>
     <span class='ocr_line' id='line_1_10' title="bbox 371 1117 1453 1206; baseline 0 -24"><span class='ocrx_word' id='word_1_79' title='bbox 371 1141 430 1183; x_wconf 85' lang='lat' dir='ltr'>suo</span> <span class='ocrx_word' id='word_1_80' title='bbox 457 1119 648 1183; x_wconf 86' lang='lat' dir='ltr'>inhibuisset</span> <span class='ocrx_word' id='word_1_81' title='bbox 674 1119 819 1206; x_wconf 90' lang='lat' dir='ltr'>inpetum</span> <span class='ocrx_word' id='word_1_82' title='bbox 843 1118 981 1195; x_wconf 88' lang='lat' dir='ltr'>victoris,</span> <span class='ocrx_word' id='word_1_83' title='bbox 1009 1117 1132 1181; x_wconf 83' lang='lat' dir='ltr'>subacti</span> <span class='ocrx_word' id='word_1_84' title='bbox 1162 1117 1312 1181; x_wconf 86' lang='lat' dir='ltr'>Celtiberi</span> <span class='ocrx_word' id='word_1_85' title='bbox 1340 1119 1453 1182; x_wconf 76' lang='lat' dir='ltr'>forent.</span> 
     </span>
     <span class='ocr_line' id='line_1_11' title="bbox 371 1201 1315 1288; baseline -0.001 -21"><span class='ocrx_word' id='word_1_86' title='bbox 371 1204 456 1267; x_wconf 86' lang='lat' dir='ltr'>Novi</span> <span class='ocrx_word' id='word_1_87' title='bbox 471 1213 622 1288; x_wconf 76' lang='lat' dir='ltr'>pretores</span> <span class='ocrx_word' id='word_1_88' title='bbox 636 1205 729 1268; x_wconf 88' lang='lat' dir='ltr'>ambo</span> <span class='ocrx_word' id='word_1_89' title='bbox 743 1203 899 1267; x_wconf 81' lang='lat' dir='ltr'>exercitus</span> <span class='ocrx_word' id='word_1_90' title='bbox 912 1203 945 1266; x_wconf 92' lang='lat' dir='ltr'>in</span> <span class='ocrx_word' id='word_1_91' title='bbox 961 1202 1092 1265; x_wconf 89' lang='lat' dir='ltr'>hiberna</span> <span class='ocrx_word' id='word_1_92' title='bbox 1107 1201 1315 1266; x_wconf 85' lang='lat' dir='ltr'>deduxerunt.</span> 
     </span>
    </p>

    <p class='ocr_par' dir='ltr' id='par_1_4' title="bbox 372 1285 1462 2636">
     <span class='ocr_line' id='line_1_12' title="bbox 415 1285 1456 1386; baseline 0.001 -35"><span class='ocrx_word' id='word_1_93' title='bbox 415 1288 530 1352; x_wconf 90' lang='lat' dir='ltr'><strong>XXII.</strong></span> <span class='ocrx_word' id='word_1_94' title='bbox 554 1289 615 1352; x_wconf 91' lang='lat' dir='ltr'>Per</span> <span class='ocrx_word' id='word_1_95' title='bbox 638 1310 693 1352; x_wconf 89' lang='lat' dir='ltr'>eos</span> <span class='ocrx_word' id='word_1_96' title='bbox 715 1287 792 1366; x_wconf 91' lang='lat' dir='ltr'>dies,</span> <span class='ocrx_word' id='word_1_97' title='bbox 817 1287 934 1386; x_wconf 88' lang='lat' dir='ltr'>quibus</span> <span class='ocrx_word' id='word_1_98' title='bbox 960 1287 1028 1350; x_wconf 87' lang='lat' dir='ltr'>haec</span> <span class='ocrx_word' id='word_1_99' title='bbox 1052 1307 1091 1348; x_wconf 82' lang='lat' dir='ltr'>ex</span> <span class='ocrx_word' id='word_1_100' title='bbox 1121 1285 1279 1370; x_wconf 86' lang='lat' dir='ltr'>Hispania</span> <span class='ocrx_word' id='word_1_101' title='bbox 1306 1286 1456 1352; x_wconf 84' lang='lat' dir='ltr'>nunciata</span> 
     </span>
     <span class='ocr_line' id='line_1_13' title="bbox 373 1369 1457 1456; baseline -0.001 -21"><span class='ocrx_word' id='word_1_102' title='bbox 373 1380 460 1450; x_wconf 87' lang='lat' dir='ltr'>sunt,</span> <span class='ocrx_word' id='word_1_103' title='bbox 482 1371 502 1404; x_wconf 77' lang='lat'>⁸⁹</span> <span class='ocrx_word' id='word_1_104' title='bbox 511 1372 579 1435; x_wconf 91' lang='lat' dir='ltr'>ludi</span> <span class='ocrx_word' id='word_1_105' title='bbox 592 1371 722 1436; x_wconf 65' lang='lat' dir='ltr'>Taurii!</span> <span class='ocrx_word' id='word_1_106' title='bbox 733 1393 791 1456; x_wconf 91' lang='lat' dir='ltr'>per</span> <span class='ocrx_word' id='word_1_107' title='bbox 802 1372 937 1435; x_wconf 83' lang='lat' dir='ltr'>biduum</span> <span class='ocrx_word' id='word_1_108' title='bbox 951 1371 1026 1433; x_wconf 84' lang='lat' dir='ltr'>sacti</span> <span class='ocrx_word' id='word_1_109' title='bbox 1040 1369 1199 1453; x_wconf 85' lang='lat' dir='ltr'>religionis</span> <span class='ocrx_word' id='word_1_110' title='bbox 1214 1391 1334 1434; x_wconf 76' lang='lat' dir='ltr'>caussa</span> <span class='ocrx_word' id='word_1_111' title='bbox 1359 1371 1389 1453; x_wconf 85' lang='lat'>(⁸¹</span> <span class='ocrx_word' id='word_1_112' title='bbox 1398 1393 1457 1455; x_wconf 90' lang='lat' dir='ltr'>per</span> 
     </span>
     <span class='ocr_line' id='line_1_14' title="bbox 372 1454 1455 1540; baseline -0.001 -20"><span class='ocrx_word' id='word_1_113' title='bbox 372 1457 473 1539; x_wconf 81' lang='lat' dir='ltr'>dies¹)</span> <span class='ocrx_word' id='word_1_114' title='bbox 501 1457 632 1520; x_wconf 80' lang='lat' dir='ltr'>decem·</span> <span class='ocrx_word' id='word_1_115' title='bbox 655 1457 850 1540; x_wconf 84' lang='lat' dir='ltr'>”adparatos</span> <span class='ocrx_word' id='word_1_116' title='bbox 874 1455 987 1519; x_wconf 88' lang='lat' dir='ltr'>deinde</span> <span class='ocrx_word' id='word_1_117' title='bbox 1010 1455 1104 1518; x_wconf 86' lang='lat' dir='ltr'>ludos</span> <span class='ocrx_word' id='word_1_118' title='bbox 1134 1454 1182 1517; x_wconf 91' lang='lat' dir='ltr'>M.</span> <span class='ocrx_word' id='word_1_119' title='bbox 1206 1455 1348 1533; x_wconf 85' lang='lat' dir='ltr'>Fulvius,</span> <span class='ocrx_word' id='word_1_120' title='bbox 1376 1477 1455 1538; x_wconf 92' lang='lat' dir='ltr'>quos</span> 
     </span>
     <span class='ocr_line' id='line_1_15' title="bbox 373 1538 1455 1618; baseline 0 -14"><span class='ocrx_word' id='word_1_121' title='bbox 373 1547 502 1604; x_wconf 86' lang='lat' dir='ltr'>voverat</span> <span class='ocrx_word' id='word_1_122' title='bbox 529 1539 668 1604; x_wconf 85' lang='lat' dir='ltr'>AEtolico</span> <span class='ocrx_word' id='word_1_123' title='bbox 697 1540 790 1618; x_wconf 93' lang='lat' dir='ltr'>bello,</span> <span class='ocrx_word' id='word_1_124' title='bbox 819 1539 902 1603; x_wconf 82' lang='lat' dir='ltr'>fecit.</span> <span class='ocrx_word' id='word_1_125' title='bbox 945 1539 1045 1602; x_wconf 90' lang='lat' dir='ltr'>Multi</span> <span class='ocrx_word' id='word_1_126' title='bbox 1073 1539 1095 1570; x_wconf 81' lang='lat'>⁸³</span> <span class='ocrx_word' id='word_1_127' title='bbox 1104 1538 1238 1602; x_wconf 87' lang='lat' dir='ltr'>artifices</span> <span class='ocrx_word' id='word_1_128' title='bbox 1263 1561 1303 1602; x_wconf 87' lang='lat' dir='ltr'>ex</span> <span class='ocrx_word' id='word_1_129' title='bbox 1330 1540 1455 1604; x_wconf 83' lang='lat' dir='ltr'>Groecia</span> 
     </span>
     <span class='ocr_line' id='line_1_16' title="bbox 373 1623 1456 1708; baseline -0.001 -19"><span class='ocrx_word' id='word_1_130' title='bbox 373 1626 549 1690; x_wconf 70' lang='lat' dir='ltr'>venerunt&#39;²</span> <span class='ocrx_word' id='word_1_131' title='bbox 563 1623 692 1687; x_wconf 91' lang='lat' dir='ltr'>honoris</span> <span class='ocrx_word' id='word_1_132' title='bbox 706 1624 775 1708; x_wconf 91' lang='lat' dir='ltr'>ejus</span> <span class='ocrx_word' id='word_1_133' title='bbox 790 1644 909 1686; x_wconf 83' lang='lat' dir='ltr'>caussa</span> <span class='ocrx_word' id='word_1_134' title='bbox 939 1623 1141 1686; x_wconf 88' lang='lat' dir='ltr'>Athleturum</span> <span class='ocrx_word' id='word_1_135' title='bbox 1156 1645 1283 1707; x_wconf 91' lang='lat' dir='ltr'>quoque</span> <span class='ocrx_word' id='word_1_136' title='bbox 1298 1633 1456 1688; x_wconf 90' lang='lat' dir='ltr'>certamen</span> 
     </span>
     <span class='ocr_line' id='line_1_17' title="bbox 373 1707 1455 1806; baseline 0 -34"><span class='ocrx_word' id='word_1_137' title='bbox 373 1716 445 1772; x_wconf 90' lang='lat' dir='ltr'>tum</span> <span class='ocrx_word' id='word_1_138' title='bbox 467 1708 570 1792; x_wconf 91' lang='lat' dir='ltr'>primo</span> <span class='ocrx_word' id='word_1_139' title='bbox 591 1707 742 1772; x_wconf 88' lang='lat' dir='ltr'>Romanis</span> <span class='ocrx_word' id='word_1_140' title='bbox 767 1707 945 1805; x_wconf 84' lang='lat' dir='ltr'>spectacqu</span> <span class='ocrx_word' id='word_1_141' title='bbox 964 1707 1035 1787; x_wconf 78' lang='lat' dir='ltr'>finit,</span> <span class='ocrx_word' id='word_1_142' title='bbox 1056 1715 1089 1770; x_wconf 92' lang='lat' dir='ltr'>et</span> <span class='ocrx_word' id='word_1_143' title='bbox 1098 1708 1226 1806; x_wconf 68' lang='lat' dir='ltr'>yenatio</span> <span class='ocrx_word' id='word_1_144' title='bbox 1241 1708 1455 1806; x_wconf 79' lang='lat' dir='ltr'>dataleqnum</span> 
     </span>
     <span class='ocr_line' id='line_1_18' title="bbox 373 1792 1458 1957; baseline 0.01 -17"><span class='ocrx_word' id='word_1_145' title='bbox 373 1793 737 1940; x_wconf 55' lang='lat' dir='ltr'>finttlffittut</span> <span class='ocrx_word' id='word_1_146' title='bbox 755 1792 1458 1957; x_wconf 55' lang='lat' dir='ltr'>ttptttthttlttlttttlttll</span> 
     </span>
     <span class='ocr_line' id='line_1_19' title="bbox 374 1959 1458 2046; baseline 0.001 -23"><span class='ocrx_word' id='word_1_147' title='bbox 374 1960 462 2044; x_wconf 91' lang='lat' dir='ltr'>quod</span> <span class='ocrx_word' id='word_1_148' title='bbox 490 1960 524 2023; x_wconf 94' lang='lat' dir='ltr'>in</span> <span class='ocrx_word' id='word_1_149' title='bbox 554 1959 670 2025; x_wconf 89' lang='lat' dir='ltr'>Piceno</span> <span class='ocrx_word' id='word_1_150' title='bbox 697 1981 755 2046; x_wconf 91' lang='lat' dir='ltr'>per</span> <span class='ocrx_word' id='word_1_151' title='bbox 782 1961 924 2024; x_wconf 91' lang='lat' dir='ltr'>triduum</span> <span class='ocrx_word' id='word_1_152' title='bbox 952 1959 1111 2045; x_wconf 85' lang='lat' dir='ltr'>lapidibus</span> <span class='ocrx_word' id='word_1_153' title='bbox 1140 1961 1274 2045; x_wconf 85' lang='lat' dir='ltr'>pluerat,</span> <span class='ocrx_word' id='word_1_154' title='bbox 1304 1961 1458 2045; x_wconf 85' lang='lat' dir='ltr'>ignesque</span> 
     </span>
     <span class='ocr_line' id='line_1_20' title="bbox 374 2043 1459 2130; baseline 0.001 -22"><span class='ocrx_word' id='word_1_155' title='bbox 374 2045 516 2108; x_wconf 79' lang='lat' dir='ltr'>coelestes</span> <span class='ocrx_word' id='word_1_156' title='bbox 537 2045 740 2108; x_wconf 78' lang='lat' dir='ltr'>multifariam</span> <span class='ocrx_word' id='word_1_157' title='bbox 762 2045 824 2108; x_wconf 90' lang='lat' dir='ltr'>orti</span> <span class='ocrx_word' id='word_1_158' title='bbox 845 2043 1002 2108; x_wconf 79' lang='lat' dir='ltr'>adussisse</span> <span class='ocrx_word' id='word_1_159' title='bbox 1026 2044 1237 2130; x_wconf 88' lang='lat' dir='ltr'>complurium</span> <span class='ocrx_word' id='word_1_160' title='bbox 1258 2045 1319 2109; x_wconf 83' lang='lat' dir='ltr'>levi</span> <span class='ocrx_word' id='word_1_161' title='bbox 1340 2047 1459 2110; x_wconf 87' lang='lat' dir='ltr'>adflatu</span> 
     </span>
     <span class='ocr_line' id='line_1_21' title="bbox 373 2129 1460 2215; baseline -0.002 -21"><span class='ocrx_word' id='word_1_162' title='bbox 373 2129 563 2194; x_wconf 88' lang='lat' dir='ltr'>vestimenta</span> <span class='ocrx_word' id='word_1_163' title='bbox 581 2129 716 2193; x_wconf 85' lang='lat' dir='ltr'>maxime</span> <span class='ocrx_word' id='word_1_164' title='bbox 740 2129 935 2194; x_wconf 88' lang='lat' dir='ltr'>dicabantur.</span> <span class='ocrx_word' id='word_1_165' title='bbox 978 2129 1098 2192; x_wconf 84' lang='lat' dir='ltr'>Addita</span> <span class='ocrx_word' id='word_1_166' title='bbox 1115 2136 1147 2192; x_wconf 95' lang='lat' dir='ltr'>et</span> <span class='ocrx_word' id='word_1_167' title='bbox 1167 2151 1269 2192; x_wconf 92' lang='lat' dir='ltr'>unum</span> <span class='ocrx_word' id='word_1_168' title='bbox 1284 2129 1368 2192; x_wconf 88' lang='lat' dir='ltr'>diem</span> <span class='ocrx_word' id='word_1_169' title='bbox 1384 2151 1460 2215; x_wconf 89' lang='lat' dir='ltr'>sup-</span> 
     </span>
     <span class='ocr_line' id='line_1_22' title="bbox 374 2213 1461 2300; baseline 0.001 -23"><span class='ocrx_word' id='word_1_170' title='bbox 374 2213 503 2299; x_wconf 88' lang='lat' dir='ltr'>plicatio</span> <span class='ocrx_word' id='word_1_171' title='bbox 528 2221 634 2277; x_wconf 88' lang='lat' dir='ltr'>estex</span> <span class='ocrx_word' id='word_1_172' title='bbox 658 2214 783 2278; x_wconf 85' lang='lat' dir='ltr'>decreto</span> <span class='ocrx_word' id='word_1_173' title='bbox 803 2213 1002 2300; x_wconf 87' lang='lat' dir='ltr'>pontificum,</span> <span class='ocrx_word' id='word_1_174' title='bbox 1023 2213 1109 2297; x_wconf 93' lang='lat' dir='ltr'>quod</span> <span class='ocrx_word' id='word_1_175' title='bbox 1122 2213 1206 2277; x_wconf 83' lang='lat' dir='ltr'>aedes</span> <span class='ocrx_word' id='word_1_176' title='bbox 1222 2213 1304 2298; x_wconf 93' lang='lat' dir='ltr'>Opis</span> <span class='ocrx_word' id='word_1_177' title='bbox 1318 2213 1351 2276; x_wconf 93' lang='lat' dir='ltr'>in</span> <span class='ocrx_word' id='word_1_178' title='bbox 1364 2213 1461 2300; x_wconf 88' lang='lat' dir='ltr'>Capi-</span> 
     </span>
     <span class='ocr_line' id='line_1_23' title="bbox 375 2297 1461 2383; baseline 0 -21"><span class='ocrx_word' id='word_1_179' title='bbox 375 2297 452 2363; x_wconf 89' lang='lat' dir='ltr'>tolio</span> <span class='ocrx_word' id='word_1_180' title='bbox 466 2299 505 2362; x_wconf 90' lang='lat' dir='ltr'>de</span> <span class='ocrx_word' id='word_1_181' title='bbox 520 2298 599 2364; x_wconf 87' lang='lat' dir='ltr'>ooelo</span> <span class='ocrx_word' id='word_1_182' title='bbox 613 2305 697 2362; x_wconf 85' lang='lat' dir='ltr'>tacta</span> <span class='ocrx_word' id='word_1_183' title='bbox 711 2307 788 2362; x_wconf 88' lang='lat' dir='ltr'>erat.</span> <span class='ocrx_word' id='word_1_184' title='bbox 823 2297 935 2362; x_wconf 90' lang='lat' dir='ltr'>hostiis</span> <span class='ocrx_word' id='word_1_185' title='bbox 953 2297 1124 2382; x_wconf 88' lang='lat' dir='ltr'>majoribus</span> <span class='ocrx_word' id='word_1_186' title='bbox 1146 2298 1291 2361; x_wconf 89' lang='lat' dir='ltr'>consules</span> <span class='ocrx_word' id='word_1_187' title='bbox 1311 2319 1461 2383; x_wconf 89' lang='lat' dir='ltr'>procura-</span> 
     </span>
     <span class='ocr_line' id='line_1_24' title="bbox 374 2381 1462 2546; baseline 0.004 -16"><span class='ocrx_word' id='word_1_188' title='bbox 374 2383 928 2546; x_wconf 66' lang='lat' dir='ltr'>httlltl‘trtltlttttt</span> <span class='ocrx_word' id='word_1_189' title='bbox 943 2381 1462 2534; x_wconf 48' lang='lat' dir='ltr'>sitlethtttt’tttttlh</span> 
     </span>
     <span class='ocr_line' id='line_1_25' title="bbox 374 2550 1462 2636; baseline 0 -22"><span class='ocrx_word' id='word_1_190' title='bbox 374 2550 551 2615; x_wconf 85' lang='lat' dir='ltr'>inventum.</span> <span class='ocrx_word' id='word_1_191' title='bbox 585 2551 620 2613; x_wconf 93' lang='lat' dir='ltr'>id</span> <span class='ocrx_word' id='word_1_192' title='bbox 643 2551 824 2635; x_wconf 79' lang='lat' dir='ltr'>prodigium</span> <span class='ocrx_word' id='word_1_193' title='bbox 848 2550 1076 2630; x_wconf 88' lang='lat' dir='ltr'>abominantes,</span> <span class='ocrx_word' id='word_1_194' title='bbox 1100 2551 1198 2613; x_wconf 90' lang='lat' dir='ltr'>arceri</span> <span class='ocrx_word' id='word_1_195' title='bbox 1223 2551 1367 2614; x_wconf 84' lang='lat' dir='ltr'>Romano</span> <span class='ocrx_word' id='word_1_196' title='bbox 1385 2573 1462 2636; x_wconf 82' lang='lat' dir='ltr'>agro</span> 
     </span>
    </p>

    <p class='ocr_par' dir='ltr' id='par_1_5' title="bbox 210 2633 1465 3391">
     <span class='ocr_line' id='line_1_26' title="bbox 210 2633 1462 2718; baseline 0.002 -22"><span class='ocrx_word' id='word_1_197' title='bbox 210 2661 272 2710; x_wconf 62' lang='lat' dir='ltr'>opu</span> <span class='ocrx_word' id='word_1_198' title='bbox 285 2659 310 2707; x_wconf 78' lang='lat' dir='ltr'>tn</span> <span class='ocrx_word' id='word_1_199' title='bbox 374 2633 542 2718; x_wconf 81' lang='lat' dir='ltr'>necarique</span> <span class='ocrx_word' id='word_1_200' title='bbox 556 2635 791 2718; x_wconf 90' lang='lat' dir='ltr'>quamprimum</span> <span class='ocrx_word' id='word_1_201' title='bbox 806 2635 976 2698; x_wconf 82' lang='lat' dir='ltr'>&#39;usserunt</span> <span class='ocrx_word' id='word_1_202' title='bbox 1011 2635 1134 2699; x_wconf 86' lang='lat' dir='ltr'>Eodem</span> <span class='ocrx_word' id='word_1_203' title='bbox 1149 2655 1232 2698; x_wconf 92' lang='lat' dir='ltr'>anno</span> <span class='ocrx_word' id='word_1_204' title='bbox 1249 2635 1462 2699; x_wconf 80' lang='lat' dir='ltr'>Galli&#39;lhaus-</span> 
     </span>
     <span class='ocr_line' id='line_1_27' title="bbox 210 2717 1462 2806; baseline 0.004 -27"><span class='ocrx_word' id='word_1_205' title='bbox 210 2725 345 2800; x_wconf 38' lang='lat' dir='ltr'>Vononem·</span> <span class='ocrx_word' id='word_1_206' title='bbox 375 2717 483 2802; x_wconf 86' lang='lat' dir='ltr'>alpini,</span> <span class='ocrx_word' id='word_1_207' title='bbox 507 2717 695 2802; x_wconf 79' lang='lat' dir='ltr'>transgressi</span> <span class='ocrx_word' id='word_1_208' title='bbox 716 2718 750 2780; x_wconf 91' lang='lat' dir='ltr'>in</span> <span class='ocrx_word' id='word_1_209' title='bbox 807 2719 942 2782; x_wconf 90' lang='lat' dir='ltr'>enetiam</span> <span class='ocrx_word' id='word_1_210' title='bbox 965 2718 1032 2782; x_wconf 89' lang='lat' dir='ltr'>sine</span> <span class='ocrx_word' id='word_1_211' title='bbox 1056 2719 1261 2806; x_wconf 89' lang='lat' dir='ltr'>populatione</span> <span class='ocrx_word' id='word_1_212' title='bbox 1284 2728 1340 2783; x_wconf 90' lang='lat' dir='ltr'>aut</span> <span class='ocrx_word' id='word_1_213' title='bbox 1365 2720 1462 2798; x_wconf 90' lang='lat' dir='ltr'>bello,</span> 
     </span>
     <span class='ocr_line' id='line_1_28' title="bbox 210 2797 1463 2888; baseline 0.004 -25"><span class='ocrx_word' id='word_1_214' title='bbox 210 2797 354 2848; x_wconf 55' lang='lat' dir='ltr'>‘mm</span> <span class='ocrx_word' id='word_1_215' title='bbox 374 2802 462 2865; x_wconf 89' lang='lat' dir='ltr'>haud</span> <span class='ocrx_word' id='word_1_216' title='bbox 485 2801 597 2888; x_wconf 90' lang='lat' dir='ltr'>procul</span> <span class='ocrx_word' id='word_1_217' title='bbox 619 2801 703 2881; x_wconf 90' lang='lat' dir='ltr'>inde,</span> <span class='ocrx_word' id='word_1_218' title='bbox 725 2801 781 2866; x_wconf 90' lang='lat' dir='ltr'>ubi</span> <span class='ocrx_word' id='word_1_219' title='bbox 795 2823 881 2866; x_wconf 90' lang='lat' dir='ltr'>nune</span> <span class='ocrx_word' id='word_1_220' title='bbox 895 2803 1041 2886; x_wconf 87' lang='lat' dir='ltr'>Aquileia</span> <span class='ocrx_word' id='word_1_221' title='bbox 1054 2813 1113 2884; x_wconf 93' lang='lat' dir='ltr'>est,</span> <span class='ocrx_word' id='word_1_222' title='bbox 1134 2803 1239 2868; x_wconf 88' lang='lat' dir='ltr'>locum</span> <span class='ocrx_word' id='word_1_223' title='bbox 1253 2804 1370 2888; x_wconf 91' lang='lat' dir='ltr'>oppido</span> <span class='ocrx_word' id='word_1_224' title='bbox 1385 2826 1463 2868; x_wconf 91' lang='lat' dir='ltr'>con-</span> 
     </span>
     <span class='ocr_line' id='line_1_29' title="bbox 374 2886 1463 2973; baseline 0.005 -24"><span class='ocrx_word' id='word_1_225' title='bbox 374 2886 479 2950; x_wconf 93' lang='lat' dir='ltr'>dendo</span> <span class='ocrx_word' id='word_1_226' title='bbox 504 2893 666 2972; x_wconf 84' lang='lat' dir='ltr'>cepertmt.</span> <span class='ocrx_word' id='word_1_227' title='bbox 710 2887 839 2972; x_wconf 83' lang='lat' dir='ltr'>Legatis</span> <span class='ocrx_word' id='word_1_228' title='bbox 868 2887 1031 2966; x_wconf 84' lang='lat' dir='ltr'>Romanis,</span> <span class='ocrx_word' id='word_1_229' title='bbox 1059 2889 1098 2951; x_wconf 88' lang='lat' dir='ltr'>de</span> <span class='ocrx_word' id='word_1_230' title='bbox 1126 2909 1163 2952; x_wconf 88' lang='lat' dir='ltr'>ea</span> <span class='ocrx_word' id='word_1_231' title='bbox 1190 2909 1224 2951; x_wconf 90' lang='lat' dir='ltr'>re</span> <span class='ocrx_word' id='word_1_232' title='bbox 1247 2896 1335 2951; x_wconf 86' lang='lat' dir='ltr'>trans</span> <span class='ocrx_word' id='word_1_233' title='bbox 1361 2889 1463 2973; x_wconf 87' lang='lat' dir='ltr'>Alpes</span> 
     </span>
     <span class='ocr_line' id='line_1_30' title="bbox 373 2970 1464 3056; baseline 0 -20"><span class='ocrx_word' id='word_1_234' title='bbox 373 2971 489 3051; x_wconf 87' lang='lat' dir='ltr'>missis,</span> <span class='ocrx_word' id='word_1_235' title='bbox 513 2993 703 3056; x_wconf 78' lang='lat' dir='ltr'>responsum</span> <span class='ocrx_word' id='word_1_236' title='bbox 726 2981 784 3050; x_wconf 89' lang='lat' dir='ltr'>est,</span> <span class='ocrx_word' id='word_1_237' title='bbox 805 2972 912 3054; x_wconf 83' lang='lat' dir='ltr'>Neque</span> <span class='ocrx_word' id='word_1_238' title='bbox 926 2970 1081 3054; x_wconf 78' lang='lat' dir='ltr'>prosector</span> <span class='ocrx_word' id='word_1_239' title='bbox 1103 2993 1142 3036; x_wconf 76' lang='lat' dir='ltr'>cn</span> <span class='ocrx_word' id='word_1_240' title='bbox 1164 2975 1346 3036; x_wconf 63' lang='lat' dir='ltr'>autoritate</span> <span class='ocrx_word' id='word_1_241' title='bbox 1360 2977 1464 3054; x_wconf 74' lang='lat' dir='ltr'>portia</span> 
     </span>
     <span class='ocr_line' id='line_1_31' title="bbox 372 3055 1463 3140; baseline -0.002 -18"><span class='ocrx_word' id='word_1_242' title='bbox 372 3077 433 3136; x_wconf 80' lang='lat' dir='ltr'>eoa,</span> <span class='ocrx_word' id='word_1_243' title='bbox 455 3077 519 3136; x_wconf 80' lang='lat' dir='ltr'>neo,</span> <span class='ocrx_word' id='word_1_244' title='bbox 541 3057 616 3138; x_wconf 78' lang='lat' dir='ltr'>quid</span> <span class='ocrx_word' id='word_1_245' title='bbox 627 3058 661 3119; x_wconf 78' lang='lat' dir='ltr'>tn</span> <span class='ocrx_word' id='word_1_246' title='bbox 673 3057 769 3120; x_wconf 82' lang='lat' dir='ltr'>Italia</span> <span class='ocrx_word' id='word_1_247' title='bbox 776 3055 927 3138; x_wconf 65' lang='lat' dir='ltr'>forment,</span> <span class='ocrx_word' id='word_1_248' title='bbox 947 3077 980 3120; x_wconf 81' lang='lat' dir='ltr'>ae</span> <span class='ocrx_word' id='word_1_249' title='bbox 994 3059 1082 3120; x_wconf 79' lang='lat' dir='ltr'>scire.</span> <span class='ocrx_word' id='word_1_250' title='bbox 1126 3057 1165 3120; x_wconf 88' lang='lat' dir='ltr'>L.</span> <span class='ocrx_word' id='word_1_251' title='bbox 1181 3056 1287 3140; x_wconf 89' lang='lat' dir='ltr'>Scipio</span> <span class='ocrx_word' id='word_1_252' title='bbox 1307 3057 1401 3121; x_wconf 88' lang='lat' dir='ltr'>ludos</span> <span class='ocrx_word' id='word_1_253' title='bbox 1424 3079 1463 3120; x_wconf 91' lang='lat' dir='ltr'>eo</span> 
     </span>
     <span class='ocr_line' id='line_1_32' title="bbox 372 3139 1465 3223; baseline 0.001 -19"><span class='ocrx_word' id='word_1_254' title='bbox 372 3149 438 3204; x_wconf 89' lang='lat' dir='ltr'>tem</span> <span class='ocrx_word' id='word_1_255' title='bbox 482 3161 525 3218; x_wconf 90' lang='lat' dir='ltr'>re,</span> <span class='ocrx_word' id='word_1_256' title='bbox 540 3161 622 3223; x_wconf 91' lang='lat' dir='ltr'>quos</span> <span class='ocrx_word' id='word_1_257' title='bbox 636 3139 721 3203; x_wconf 91' lang='lat' dir='ltr'>bello</span> <span class='ocrx_word' id='word_1_258' title='bbox 735 3139 887 3204; x_wconf 89' lang='lat' dir='ltr'>Antiochi</span> <span class='ocrx_word' id='word_1_259' title='bbox 901 3139 1023 3204; x_wconf 81' lang='lat' dir='ltr'>vovisse</span> <span class='ocrx_word' id='word_1_260' title='bbox 1039 3161 1106 3204; x_wconf 84' lang='lat' dir='ltr'>sese</span> <span class='ocrx_word' id='word_1_261' title='bbox 1121 3141 1255 3218; x_wconf 84' lang='lat' dir='ltr'>dicebat,</span> <span class='ocrx_word' id='word_1_262' title='bbox 1277 3161 1317 3204; x_wconf 84' lang='lat' dir='ltr'>ex</span> <span class='ocrx_word' id='word_1_263' title='bbox 1336 3141 1465 3206; x_wconf 86' lang='lat' dir='ltr'>conlata</span> 
     </span>
     <span class='ocr_line' id='line_1_33' title="bbox 373 3223 1462 3308; baseline 0.004 -23"><span class='ocrx_word' id='word_1_264' title='bbox 373 3225 415 3286; x_wconf 87' lang='lat' dir='ltr'>od</span> <span class='ocrx_word' id='word_1_265' title='bbox 428 3225 439 3286; x_wconf 95' lang='lat' dir='ltr'>i</span> <span class='ocrx_word' id='word_1_266' title='bbox 475 3223 610 3307; x_wconf 87' lang='lat' dir='ltr'>pecunia</span> <span class='ocrx_word' id='word_1_267' title='bbox 624 3224 664 3287; x_wconf 87' lang='lat' dir='ltr'>ab</span> <span class='ocrx_word' id='word_1_268' title='bbox 683 3223 812 3307; x_wconf 82' lang='lat' dir='ltr'>regibus</span> <span class='ocrx_word' id='word_1_269' title='bbox 831 3224 1074 3308; x_wconf 85' lang='lat' dir='ltr'>civitatibusque</span> <span class='ocrx_word' id='word_1_270' title='bbox 1095 3245 1153 3308; x_wconf 89' lang='lat' dir='ltr'>per</span> <span class='ocrx_word' id='word_1_271' title='bbox 1168 3225 1235 3288; x_wconf 90' lang='lat' dir='ltr'>dies</span> <span class='ocrx_word' id='word_1_272' title='bbox 1251 3225 1360 3288; x_wconf 91' lang='lat' dir='ltr'>decem</span> <span class='ocrx_word' id='word_1_273' title='bbox 1373 3225 1462 3290; x_wconf 87' lang='lat' dir='ltr'>fecit.</span> 
     </span>
     <span class='ocr_line' id='line_1_34' title="bbox 373 3307 1464 3391; baseline 0.005 -24"><span class='ocrx_word' id='word_1_274' title='bbox 373 3307 531 3391; x_wconf 79' lang='lat' dir='ltr'>Legatum</span> <span class='ocrx_word' id='word_1_275' title='bbox 553 3327 626 3369; x_wconf 91' lang='lat' dir='ltr'>eum</span> <span class='ocrx_word' id='word_1_276' title='bbox 647 3315 722 3391; x_wconf 86' lang='lat' dir='ltr'>post</span> <span class='ocrx_word' id='word_1_277' title='bbox 745 3307 979 3372; x_wconf 85' lang='lat' dir='ltr'>damnationem</span> <span class='ocrx_word' id='word_1_278' title='bbox 992 3317 1025 3372; x_wconf 91' lang='lat' dir='ltr'>et</span> <span class='ocrx_word' id='word_1_279' title='bbox 1038 3309 1123 3373; x_wconf 90' lang='lat' dir='ltr'>bona</span> <span class='ocrx_word' id='word_1_280' title='bbox 1135 3309 1264 3373; x_wconf 88' lang='lat' dir='ltr'>vendita</span> <span class='ocrx_word' id='word_1_281' title='bbox 1277 3309 1412 3372; x_wconf 91' lang='lat' dir='ltr'>missum</span> <span class='ocrx_word' id='word_1_282' title='bbox 1427 3309 1464 3374; x_wconf 91' lang='lat' dir='ltr'>in</span> 
     </span>
    </p>
   </div>
   <div class='ocr_carea' id='block_1_3' title="bbox 370 3451 1464 3694">
    <p class='ocr_par' dir='ltr' id='par_1_6' title="bbox 370 3451 1464 3694">
     <span class='ocr_line' id='line_1_35' title="bbox 433 3451 1395 3518; baseline 0.001 -18"><span class='ocrx_word' id='word_1_283' title='bbox 433 3457 448 3486; x_wconf 67' lang='lat'><strong>³</strong></span> <span class='ocrx_word' id='word_1_284' title='bbox 459 3459 534 3501; x_wconf 82' lang='lat' dir='ltr'>coneto</span> <span class='ocrx_word' id='word_1_285' title='bbox 545 3451 628 3514; x_wconf 74' lang='lat' dir='ltr'>ssojm</span> <span class='ocrx_word' id='word_1_286' title='bbox 639 3455 739 3501; x_wconf 80' lang='lat' dir='ltr'>ererotta</span> <span class='ocrx_word' id='word_1_287' title='bbox 750 3455 823 3501; x_wconf 84' lang='lat' dir='ltr'>Gran.</span> <span class='ocrx_word' id='word_1_288' title='bbox 833 3455 901 3502; x_wconf 77' lang='lat' dir='ltr'>Cres.</span> <span class='ocrx_word' id='word_1_289' title='bbox 1036 3461 1052 3490; x_wconf 82' lang='lat'>¹</span> <span class='ocrx_word' id='word_1_290' title='bbox 1065 3457 1195 3518; x_wconf 65' lang='lat' dir='ltr'>Magada</span> <span class='ocrx_word' id='word_1_291' title='bbox 1208 3456 1304 3516; x_wconf 79' lang='lat' dir='ltr'>Kreyss.</span> <span class='ocrx_word' id='word_1_292' title='bbox 1317 3453 1395 3502; x_wconf 78' lang='lat' dir='ltr'>Behln</span> 
     </span>
     <span class='ocr_line' id='line_1_36' title="bbox 370 3515 1464 3579; baseline 0.006 -19"><span class='ocrx_word' id='word_1_293' title='bbox 370 3520 384 3560; x_wconf 77' lang='lat'>5</span> <span class='ocrx_word' id='word_1_294' title='bbox 397 3515 501 3564; x_wconf 75' lang='lat' dir='ltr'>Tasrtlts</span> <span class='ocrx_word' id='word_1_295' title='bbox 513 3517 586 3563; x_wconf 88' lang='lat' dir='ltr'>Gron.</span> <span class='ocrx_word' id='word_1_296' title='bbox 598 3517 666 3564; x_wconf 77' lang='lat' dir='ltr'>Cres.</span> <span class='ocrx_word' id='word_1_297' title='bbox 821 3522 884 3579; x_wconf 79' lang='lat' dir='ltr'>&#39;per</span> <span class='ocrx_word' id='word_1_298' title='bbox 894 3519 950 3575; x_wconf 70' lang='lat' dir='ltr'>dieu</span> <span class='ocrx_word' id='word_1_299' title='bbox 959 3518 1056 3566; x_wconf 88' lang='lat' dir='ltr'>sublatis</span> <span class='ocrx_word' id='word_1_300' title='bbox 1068 3521 1167 3576; x_wconf 83' lang='lat' dir='ltr'>uncinis,</span> <span class='ocrx_word' id='word_1_301' title='bbox 1179 3519 1243 3566; x_wconf 79' lang='lat' dir='ltr'>velut</span> <span class='ocrx_word' id='word_1_302' title='bbox 1253 3522 1282 3566; x_wconf 84' lang='lat' dir='ltr'>sb</span> <span class='ocrx_word' id='word_1_303' title='bbox 1294 3519 1464 3568; x_wconf 77' lang='lat' dir='ltr'>emendatione</span> 
     </span>
     <span class='ocr_line' id='line_1_37' title="bbox 370 3581 1265 3643; baseline 0.001 -15"><span class='ocrx_word' id='word_1_304' title='bbox 370 3581 417 3628; x_wconf 70' lang='lat' dir='ltr'>tlte</span> <span class='ocrx_word' id='word_1_305' title='bbox 428 3593 495 3628; x_wconf 81' lang='lat' dir='ltr'>voces</span> <span class='ocrx_word' id='word_1_306' title='bbox 506 3595 553 3628; x_wconf 89' lang='lat' dir='ltr'>non</span> <span class='ocrx_word' id='word_1_307' title='bbox 565 3581 692 3635; x_wconf 78' lang='lat' dir='ltr'>venissent,</span> <span class='ocrx_word' id='word_1_308' title='bbox 705 3581 771 3628; x_wconf 71' lang='lat' dir='ltr'>lind.</span> <span class='ocrx_word' id='word_1_309' title='bbox 909 3586 924 3614; x_wconf 85' lang='lat'>⁸</span> <span class='ocrx_word' id='word_1_310' title='bbox 932 3598 974 3643; x_wconf 82' lang='lat' dir='ltr'>per</span> <span class='ocrx_word' id='word_1_311' title='bbox 983 3584 1033 3630; x_wconf 77' lang='lat' dir='ltr'>dies</span> <span class='ocrx_word' id='word_1_312' title='bbox 1043 3585 1118 3631; x_wconf 76' lang='lat' dir='ltr'>decen</span> <span class='ocrx_word' id='word_1_313' title='bbox 1129 3584 1174 3630; x_wconf 82' lang='lat' dir='ltr'>del</span> <span class='ocrx_word' id='word_1_314' title='bbox 1187 3583 1265 3630; x_wconf 71' lang='lat' dir='ltr'>aest.</span> 
     </span>
     <span class='ocr_line' id='line_1_38' title="bbox 763 3639 1059 3694; baseline -0.003 0"><span class='ocrx_word' id='word_1_315' title='bbox 763 3639 894 3694; x_wconf 58' lang='lat' dir='ltr'>imunt</span> <span class='ocrx_word' id='word_1_316' title='bbox 906 3647 978 3693; x_wconf 84' lang='lat' dir='ltr'>Gran.</span> <span class='ocrx_word' id='word_1_317' title='bbox 991 3647 1059 3693; x_wconf 77' lang='lat' dir='ltr'>Cres.</span> 
     </span>
    </p>
   </div>
   <div class='ocr_carea' id='block_1_4' title="bbox 206 3767 1465 4530">
    <p class='ocr_par' dir='ltr' id='par_1_7' title="bbox 211 3767 1465 4274">
     <span class='ocr_line' id='line_1_39' title="bbox 243 3767 1464 3834; baseline 0 -15"><span class='ocrx_word' id='word_1_318' title='bbox 243 3771 275 3820; x_wconf 70' lang='grc' dir='ltr'><strong>ω</strong></span> <span class='ocrx_word' id='word_1_319' title='bbox 291 3771 354 3818; x_wconf 76' lang='lat' dir='ltr'>nost</span> <span class='ocrx_word' id='word_1_320' title='bbox 367 3767 485 3834; x_wconf 75' lang='lat' dir='ltr'>Tasrilto]</span> <span class='ocrx_word' id='word_1_321' title='bbox 505 3773 537 3819; x_wconf 82' lang='lat' dir='ltr'>lli</span> <span class='ocrx_word' id='word_1_322' title='bbox 555 3773 614 3828; x_wconf 83' lang='lat' dir='ltr'>ludi,</span> <span class='ocrx_word' id='word_1_323' title='bbox 631 3773 671 3832; x_wconf 86' lang='lat' dir='ltr'>qul</span> <span class='ocrx_word' id='word_1_324' title='bbox 690 3780 714 3820; x_wconf 90' lang='lat' dir='ltr'>et</span> <span class='ocrx_word' id='word_1_325' title='bbox 736 3773 816 3820; x_wconf 76' lang='lat' dir='ltr'>Tesrtt</span> <span class='ocrx_word' id='word_1_326' title='bbox 848 3773 877 3819; x_wconf 93' lang='lat' dir='ltr'>de</span> <span class='ocrx_word' id='word_1_327' title='bbox 889 3773 975 3833; x_wconf 85' lang='lat' dir='ltr'>quibus</span> <span class='ocrx_word' id='word_1_328' title='bbox 985 3786 1040 3820; x_wconf 87' lang='lat' dir='ltr'>mos</span> <span class='ocrx_word' id='word_1_329' title='bbox 1051 3773 1156 3820; x_wconf 85' lang='lat' dir='ltr'>dicturus</span> <span class='ocrx_word' id='word_1_330' title='bbox 1175 3779 1224 3826; x_wconf 67' lang='grc' dir='ltr'>ειη</span> <span class='ocrx_word' id='word_1_331' title='bbox 1242 3769 1283 3832; x_wconf 85' lang='lat' dir='ltr'>qul</span> <span class='ocrx_word' id='word_1_332' title='bbox 1301 3771 1398 3831; x_wconf 83' lang='lat' dir='ltr'>quidem</span> <span class='ocrx_word' id='word_1_333' title='bbox 1416 3769 1464 3819; x_wconf 78' lang='lat' dir='ltr'>etsi</span> 
     </span>
     <span class='ocr_line' id='line_1_40' title="bbox 211 3835 1464 3896; baseline -0.001 -12"><span class='ocrx_word' id='word_1_334' title='bbox 211 3836 330 3892; x_wconf 82' lang='lat' dir='ltr'>dicuntur,</span> <span class='ocrx_word' id='word_1_335' title='bbox 338 3835 454 3895; x_wconf 86' lang='lat' dir='ltr'>quomodo</span> <span class='ocrx_word' id='word_1_336' title='bbox 465 3836 503 3882; x_wconf 89' lang='lat' dir='ltr'>hic</span> <span class='ocrx_word' id='word_1_337' title='bbox 514 3851 607 3896; x_wconf 85' lang='lat' dir='ltr'>quoque</span> <span class='ocrx_word' id='word_1_338' title='bbox 619 3837 725 3883; x_wconf 84' lang='lat' dir='ltr'>Andreas</span> <span class='ocrx_word' id='word_1_339' title='bbox 737 3837 816 3892; x_wconf 89' lang='lat' dir='ltr'>habet,</span> <span class='ocrx_word' id='word_1_340' title='bbox 847 3837 967 3896; x_wconf 69' lang='lat' dir='ltr'>religionis</span> <span class='ocrx_word' id='word_1_341' title='bbox 979 3849 1072 3896; x_wconf 90' lang='lat' dir='ltr'>quoque</span> <span class='ocrx_word' id='word_1_342' title='bbox 1084 3837 1187 3891; x_wconf 84' lang='lat' dir='ltr'>nomine,</span> <span class='ocrx_word' id='word_1_343' title='bbox 1200 3844 1279 3882; x_wconf 84' lang='lat' dir='ltr'>tamen</span> <span class='ocrx_word' id='word_1_344' title='bbox 1296 3837 1464 3895; x_wconf 71' lang='lat' dir='ltr'>multomagis</span> 
     </span>
     <span class='ocr_line' id='line_1_41' title="bbox 211 3899 1376 3960; baseline -0.002 -14"><span class='ocrx_word' id='word_1_345' title='bbox 211 3908 236 3946; x_wconf 92' lang='lat' dir='ltr'>et</span> <span class='ocrx_word' id='word_1_346' title='bbox 247 3901 294 3946; x_wconf 85' lang='lat' dir='ltr'>duc</span> <span class='ocrx_word' id='word_1_347' title='bbox 311 3913 324 3945; x_wconf 86' lang='lat' dir='ltr'>e</span> <span class='ocrx_word' id='word_1_348' title='bbox 337 3899 405 3944; x_wconf 72' lang='lat' dir='ltr'>MSS.</span> <span class='ocrx_word' id='word_1_349' title='bbox 419 3899 525 3952; x_wconf 76' lang='lat' dir='ltr'>Hearnii,</span> <span class='ocrx_word' id='word_1_350' title='bbox 541 3902 641 3946; x_wconf 77' lang='lat' dir='ltr'>instituti</span> <span class='ocrx_word' id='word_1_351' title='bbox 658 3908 817 3946; x_wconf 84' lang='lat' dir='ltr'>memorantur</span> <span class='ocrx_word' id='word_1_352' title='bbox 849 3913 940 3960; x_wconf 80' lang='lat' dir='ltr'>pompae</span> <span class='ocrx_word' id='word_1_353' title='bbox 951 3908 975 3946; x_wconf 90' lang='lat' dir='ltr'>et</span> <span class='ocrx_word' id='word_1_354' title='bbox 985 3900 1146 3948; x_wconf 86' lang='lat' dir='ltr'>oblectationis</span> <span class='ocrx_word' id='word_1_355' title='bbox 1157 3913 1226 3946; x_wconf 85' lang='lat' dir='ltr'>cauas</span> <span class='ocrx_word' id='word_1_356' title='bbox 1237 3899 1376 3945; x_wconf 80' lang='lat' dir='ltr'>edebantur.</span> 
     </span>
     <span class='ocr_line' id='line_1_42' title="bbox 211 3957 1465 4025; baseline -0.003 -14"><span class='ocrx_word' id='word_1_357' title='bbox 211 3957 459 4022; x_wconf 64' lang='lat' dir='ltr'>arausicensem</span> <span class='ocrx_word' id='word_1_358' title='bbox 474 3977 504 4010; x_wconf 78' lang='lat' dir='ltr'>ee</span> <span class='ocrx_word' id='word_1_359' title='bbox 521 3964 564 4008; x_wconf 82' lang='lat' dir='ltr'>hoo</span> <span class='ocrx_word' id='word_1_360' title='bbox 581 3977 657 4009; x_wconf 82' lang='lat' dir='ltr'>eausa.</span> <span class='ocrx_word' id='word_1_361' title='bbox 694 3963 817 4025; x_wconf 77' lang='lat' dir='ltr'>Tarquinio</span> <span class='ocrx_word' id='word_1_362' title='bbox 880 3963 909 4010; x_wconf 83' lang='lat'>81</span> <span class='ocrx_word' id='word_1_363' title='bbox 929 3963 975 4010; x_wconf 86' lang='lat' dir='ltr'>Per</span> <span class='ocrx_word' id='word_1_364' title='bbox 985 3961 1131 4024; x_wconf 82' lang='lat' dir='ltr'>ds&#39;esdeoest]</span> <span class='ocrx_word' id='word_1_365' title='bbox 1151 3963 1244 4023; x_wconf 77' lang='lat' dir='ltr'>AdJ&#39;ecit</span> <span class='ocrx_word' id='word_1_366' title='bbox 1255 3963 1363 4022; x_wconf 75' lang='lat' dir='ltr'>Sigonius</span> <span class='ocrx_word' id='word_1_367' title='bbox 1375 3960 1465 4024; x_wconf 67' lang='grc' dir='ltr'><strong><em>τάμον</em></strong></span> 
     </span>
     <span class='ocr_line' id='line_1_43' title="bbox 212 4027 1217 4088; baseline -0.002 -14"><span class='ocrx_word' id='word_1_368' title='bbox 212 4027 314 4087; x_wconf 76' lang='lat' dir='ltr'>Superbo</span> <span class='ocrx_word' id='word_1_369' title='bbox 325 4032 440 4088; x_wconf 67' lang='lat' dir='ltr'>apsente.</span> <span class='ocrx_word' id='word_1_370' title='bbox 452 4039 519 4085; x_wconf 79' lang='lat' dir='ltr'>ptsrs</span> <span class='ocrx_word' id='word_1_371' title='bbox 529 4040 613 4086; x_wconf 58' lang='lat' dir='ltr'>trapa</span> <span class='ocrx_word' id='word_1_372' title='bbox 624 4027 739 4072; x_wconf 74' lang='lat' dir='ltr'>incidisset</span> <span class='ocrx_word' id='word_1_373' title='bbox 749 4030 820 4086; x_wconf 83' lang='lat' dir='ltr'>pesti-</span> <span class='ocrx_word' id='word_1_374' title='bbox 852 4029 901 4073; x_wconf 79' lang='lat' dir='ltr'>dies</span> <span class='ocrx_word' id='word_1_375' title='bbox 913 4041 942 4073; x_wconf 84' lang='lat' dir='ltr'>es</span> <span class='ocrx_word' id='word_1_376' title='bbox 953 4027 1067 4086; x_wconf 81' lang='lat' dir='ltr'>probabili</span> <span class='ocrx_word' id='word_1_377' title='bbox 1079 4029 1217 4088; x_wconf 70' lang='lat' dir='ltr'>coniectura.</span> 
     </span>
     <span class='ocr_line' id='line_1_44' title="bbox 212 4087 1463 4150; baseline -0.001 -13"><span class='ocrx_word' id='word_1_378' title='bbox 212 4091 284 4137; x_wconf 68' lang='lat' dir='ltr'>hedo</span> <span class='ocrx_word' id='word_1_379' title='bbox 296 4093 319 4137; x_wconf 79' lang='lat' dir='ltr'>is</span> <span class='ocrx_word' id='word_1_380' title='bbox 330 4091 434 4136; x_wconf 81' lang='lat' dir='ltr'>ssslterea</span> <span class='ocrx_word' id='word_1_381' title='bbox 443 4091 560 4149; x_wconf 62' lang='lat' dir='ltr'>poetas,</span> <span class='ocrx_word' id='word_1_382' title='bbox 572 4103 650 4136; x_wconf 77' lang='lat' dir='ltr'>eoram</span> <span class='ocrx_word' id='word_1_383' title='bbox 658 4087 733 4149; x_wconf 77' lang='lat' dir='ltr'>sortes</span> <span class='ocrx_word' id='word_1_384' title='bbox 743 4089 821 4150; x_wconf 71' lang='lat' dir='ltr'>a&#39;qsects&#39;</span> <span class='ocrx_word' id='word_1_385' title='bbox 884 4091 916 4136; x_wconf 74' lang='lat'>82</span> <span class='ocrx_word' id='word_1_386' title='bbox 933 4093 1062 4150; x_wconf 82' lang='lat' dir='ltr'>Appnrstos</span> <span class='ocrx_word' id='word_1_387' title='bbox 1080 4121 1105 4136; x_wconf 92' lang='lat'>..</span> <span class='ocrx_word' id='word_1_388' title='bbox 1117 4121 1124 4136; x_wconf 90' lang='lat'><strong>.</strong></span> <span class='ocrx_word' id='word_1_389' title='bbox 1135 4119 1142 4136; x_wconf 86' lang='lat'><strong>.</strong></span> <span class='ocrx_word' id='word_1_390' title='bbox 1155 4087 1230 4150; x_wconf 73' lang='lat' dir='ltr'>ludos]</span> <span class='ocrx_word' id='word_1_391' title='bbox 1249 4089 1326 4147; x_wconf 78' lang='lat' dir='ltr'>Ludos</span> <span class='ocrx_word' id='word_1_392' title='bbox 1344 4097 1463 4148; x_wconf 82' lang='lat' dir='ltr'>apparate</span> 
     </span>
     <span class='ocr_line' id='line_1_45' title="bbox 212 4151 1463 4213; baseline -0.001 -13"><span class='ocrx_word' id='word_1_393' title='bbox 212 4153 509 4202; x_wconf 70' lang='lat' dir='ltr'>metumedteesdlto</span> <span class='ocrx_word' id='word_1_394' title='bbox 522 4151 603 4211; x_wconf 85' lang='lat' dir='ltr'>populo</span> <span class='ocrx_word' id='word_1_395' title='bbox 614 4159 729 4199; x_wconf 72' lang='lat' dir='ltr'>taurorum</span> <span class='ocrx_word' id='word_1_396' title='bbox 740 4156 817 4199; x_wconf 76' lang='lat' dir='ltr'>ireno-</span> <span class='ocrx_word' id='word_1_397' title='bbox 849 4153 1019 4212; x_wconf 71' lang='lat' dir='ltr'>magnificeque</span> <span class='ocrx_word' id='word_1_398' title='bbox 1046 4153 1126 4209; x_wconf 67' lang='lat' dir='ltr'>lecton</span> <span class='ocrx_word' id='word_1_399' title='bbox 1149 4162 1176 4200; x_wconf 86' lang='lat' dir='ltr'>ut</span> <span class='ocrx_word' id='word_1_400' title='bbox 1200 4153 1303 4213; x_wconf 87' lang='lat' dir='ltr'>loquitur</span> <span class='ocrx_word' id='word_1_401' title='bbox 1328 4151 1421 4204; x_wconf 82' lang='lat' dir='ltr'>Livius.</span> <span class='ocrx_word' id='word_1_402' title='bbox 1446 4154 1463 4199; x_wconf 85' lang='grc' dir='ltr'>Ι.</span> 
     </span>
     <span class='ocr_line' id='line_1_46' title="bbox 212 4215 1007 4274; baseline -0.004 -10"><span class='ocrx_word' id='word_1_403' title='bbox 212 4219 317 4264; x_wconf 74' lang='lat' dir='ltr'>dalmat.</span> <span class='ocrx_word' id='word_1_404' title='bbox 351 4217 385 4264; x_wconf 76' lang='lat' dir='ltr'>Ob</span> <span class='ocrx_word' id='word_1_405' title='bbox 396 4217 436 4262; x_wconf 76' lang='lat' dir='ltr'>tce</span> <span class='ocrx_word' id='word_1_406' title='bbox 447 4215 497 4261; x_wconf 82' lang='lat' dir='ltr'>lsdi</span> <span class='ocrx_word' id='word_1_407' title='bbox 511 4215 591 4260; x_wconf 80' lang='lat' dir='ltr'>Tosrs&#39;i</span> <span class='ocrx_word' id='word_1_408' title='bbox 602 4216 711 4274; x_wconf 82' lang='lat' dir='ltr'>appellatl</span> <span class='ocrx_word' id='word_1_409' title='bbox 722 4223 782 4272; x_wconf 76' lang='lat' dir='ltr'>sust,</span> <span class='ocrx_word' id='word_1_410' title='bbox 794 4223 817 4263; x_wconf 82' lang='lat' dir='ltr'>et</span> <span class='ocrx_word' id='word_1_411' title='bbox 850 4215 941 4262; x_wconf 82' lang='lat' dir='ltr'>xxxt.</span> <span class='ocrx_word' id='word_1_412' title='bbox 954 4231 973 4262; x_wconf 85' lang='lat' dir='ltr'>c.</span> <span class='ocrx_word' id='word_1_413' title='bbox 985 4217 1007 4262; x_wconf 79' lang='lat' dir='ltr'>d.</span> 
     </span>
    </p>

    <p class='ocr_par' dir='ltr' id='par_1_8' title="bbox 206 4275 1461 4404">
     <span class='ocr_line' id='line_1_47' title="bbox 206 4275 1461 4341; baseline -0.002 -13"><span class='ocrx_word' id='word_1_414' title='bbox 206 4282 267 4339; x_wconf 72' lang='lat' dir='ltr'>,last</span> <span class='ocrx_word' id='word_1_415' title='bbox 278 4283 302 4327; x_wconf 84' lang='lat' dir='ltr'>s&#39;s</span> <span class='ocrx_word' id='word_1_416' title='bbox 315 4281 380 4327; x_wconf 75' lang='lat' dir='ltr'>Circo</span> <span class='ocrx_word' id='word_1_417' title='bbox 392 4279 513 4336; x_wconf 64' lang='lat' dir='ltr'>rumano,</span> <span class='ocrx_word' id='word_1_418' title='bbox 523 4293 551 4325; x_wconf 84' lang='lat' dir='ltr'>ss</span> <span class='ocrx_word' id='word_1_419' title='bbox 563 4280 626 4324; x_wconf 76' lang='lat' dir='ltr'>istro</span> <span class='ocrx_word' id='word_1_420' title='bbox 642 4293 715 4324; x_wconf 69' lang='lat' dir='ltr'>maroa</span> <span class='ocrx_word' id='word_1_421' title='bbox 729 4293 818 4326; x_wconf 72' lang='lat' dir='ltr'>wma-</span> <span class='ocrx_word' id='word_1_422' title='bbox 882 4279 915 4326; x_wconf 77' lang='grc'>83</span> <span class='ocrx_word' id='word_1_423' title='bbox 930 4275 1048 4341; x_wconf 62' lang='lat' dir='ltr'>Artifices]</span> <span class='ocrx_word' id='word_1_424' title='bbox 1077 4281 1130 4327; x_wconf 83' lang='lat' dir='ltr'>Vid.</span> <span class='ocrx_word' id='word_1_425' title='bbox 1152 4287 1200 4328; x_wconf 86' lang='lat' dir='ltr'>not.</span> <span class='ocrx_word' id='word_1_426' title='bbox 1221 4280 1244 4336; x_wconf 80' lang='lat'>2,</span> <span class='ocrx_word' id='word_1_427' title='bbox 1262 4279 1293 4325; x_wconf 93' lang='lat' dir='ltr'>sd</span> <span class='ocrx_word' id='word_1_428' title='bbox 1310 4279 1326 4324; x_wconf 90' lang='lat' dir='ltr'>l.</span> <span class='ocrx_word' id='word_1_429' title='bbox 1345 4277 1374 4326; x_wconf 81' lang='lat' dir='ltr'>V.</span> <span class='ocrx_word' id='word_1_430' title='bbox 1394 4293 1417 4325; x_wconf 88' lang='lat' dir='ltr'>c.</span> <span class='ocrx_word' id='word_1_431' title='bbox 1439 4278 1461 4334; x_wconf 87' lang='lat' dir='ltr'>l,</span> 
     </span>
     <span class='ocr_line' id='line_1_48' title="bbox 212 4341 926 4404; baseline -0.004 -13"><span class='ocrx_word' id='word_1_432' title='bbox 212 4349 251 4390; x_wconf 83' lang='lat' dir='ltr'>tsr</span> <span class='ocrx_word' id='word_1_433' title='bbox 266 4341 392 4404; x_wconf 68' lang='lat' dir='ltr'>ds&#39;s&#39;lsserl.</span> <span class='ocrx_word' id='word_1_434' title='bbox 426 4342 499 4388; x_wconf 86' lang='lat' dir='ltr'>Addit</span> <span class='ocrx_word' id='word_1_435' title='bbox 513 4349 592 4387; x_wconf 86' lang='lat' dir='ltr'>sutem</span> <span class='ocrx_word' id='word_1_436' title='bbox 606 4341 685 4386; x_wconf 76' lang='lat' dir='ltr'>tirius</span> <span class='ocrx_word' id='word_1_437' title='bbox 701 4343 818 4402; x_wconf 72' lang='lat' dir='ltr'>religionis</span> <span class='ocrx_word' id='word_1_438' title='bbox 848 4357 926 4402; x_wconf 88' lang='lat' dir='ltr'>supra.</span> 
     </span>
    </p>

    <p class='ocr_par' dir='ltr' id='par_1_9' title="bbox 212 4403 1462 4530">
     <span class='ocr_line' id='line_1_49' title="bbox 212 4403 1462 4468; baseline -0.001 -15"><span class='ocrx_word' id='word_1_439' title='bbox 212 4421 289 4463; x_wconf 72' lang='lat' dir='ltr'>mua,</span> <span class='ocrx_word' id='word_1_440' title='bbox 300 4415 326 4453; x_wconf 92' lang='lat' dir='ltr'>ut</span> <span class='ocrx_word' id='word_1_441' title='bbox 338 4407 467 4466; x_wconf 72' lang='lat' dir='ltr'>distinguat</span> <span class='ocrx_word' id='word_1_442' title='bbox 482 4406 566 4451; x_wconf 84' lang='lat' dir='ltr'>horum</span> <span class='ocrx_word' id='word_1_443' title='bbox 577 4405 686 4451; x_wconf 87' lang='lat' dir='ltr'>ludorum</span> <span class='ocrx_word' id='word_1_444' title='bbox 698 4405 818 4452; x_wconf 85' lang='lat' dir='ltr'>solennem</span> <span class='ocrx_word' id='word_1_445' title='bbox 881 4406 913 4452; x_wconf 77' lang='grc'>84</span> <span class='ocrx_word' id='word_1_446' title='bbox 934 4407 1058 4466; x_wconf 78' lang='lat' dir='ltr'>Urdenaqse</span> <span class='ocrx_word' id='word_1_447' title='bbox 1076 4403 1241 4468; x_wconf 64' lang='lat' dir='ltr'>tornaverunt]</span> <span class='ocrx_word' id='word_1_448' title='bbox 1259 4405 1313 4452; x_wconf 79' lang='lat' dir='ltr'>Vid.</span> <span class='ocrx_word' id='word_1_449' title='bbox 1324 4411 1374 4452; x_wconf 86' lang='lat' dir='ltr'>not.</span> <span class='ocrx_word' id='word_1_450' title='bbox 1393 4405 1426 4452; x_wconf 92' lang='lat' dir='ltr'>sd</span> <span class='ocrx_word' id='word_1_451' title='bbox 1444 4403 1462 4452; x_wconf 88' lang='lat' dir='ltr'>l.</span> 
     </span>
     <span class='ocr_line' id='line_1_50' title="bbox 212 4467 1090 4530; baseline 0.005 -16"><span class='ocrx_word' id='word_1_452' title='bbox 212 4477 343 4530; x_wconf 80' lang='lat' dir='ltr'>etatemque</span> <span class='ocrx_word' id='word_1_453' title='bbox 354 4471 490 4529; x_wconf 71' lang='lat' dir='ltr'>religionem</span> <span class='ocrx_word' id='word_1_454' title='bbox 501 4483 515 4516; x_wconf 91' lang='lat' dir='ltr'>s</span> <span class='ocrx_word' id='word_1_455' title='bbox 526 4469 587 4514; x_wconf 86' lang='lat' dir='ltr'>ludis</span> <span class='ocrx_word' id='word_1_456' title='bbox 596 4467 677 4516; x_wconf 78' lang='lat' dir='ltr'>rotivls</span> <span class='ocrx_word' id='word_1_457' title='bbox 690 4467 723 4514; x_wconf 79' lang='lat' dir='ltr'>tt</span> <span class='ocrx_word' id='word_1_458' title='bbox 733 4467 817 4525; x_wconf 82' lang='lat' dir='ltr'>Fulvii,</span> <span class='ocrx_word' id='word_1_459' title='bbox 851 4468 927 4517; x_wconf 80' lang='lat' dir='ltr'>xn11.</span> <span class='ocrx_word' id='word_1_460' title='bbox 940 4485 958 4518; x_wconf 90' lang='lat' dir='ltr'>c.</span> <span class='ocrx_word' id='word_1_461' title='bbox 971 4471 1010 4528; x_wconf 72' lang='lat'>20,</span> <span class='ocrx_word' id='word_1_462' title='bbox 1022 4471 1090 4518; x_wconf 78' lang='lat' dir='ltr'>infra.</span> 
     </span>
    </p>
   </div>
   <div class='ocr_carea' id='block_1_5' title="bbox 0 0 1568 4982">
    <p class='ocr_par' dir='ltr' id='par_1_10' title="bbox 0 0 1568 4982">
     <span class='ocr_line' id='line_1_51' title="bbox 0 0 1568 4982; baseline 0 0"><span class='ocrx_word' id='word_1_463' title='bbox 0 0 1568 4982; x_wconf 95' lang='lat' dir='ltr'> </span> 
     </span>
    </p>
   </div>
  </div>
 </body>
</html>
