3118 5002
209 321 272 388 846
793 317 885 382 ΤῙΤΙ
908 315 1024 380 LlVll

211 487 344 605 titt
373 467 492 636 ,itti
506 463 916 633 ..initam
931 459 1157 630 itltltt
1171 481 1464 613 imit

372 633 533 732 consuluit
548 641 703 710 senatum,
717 651 813 729 quem
824 651 964 714 quaerere
973 640 1036 694 ea'l
1051 629 1213 714 rogatione
1223 630 1328 696 vellet.
1398 643 1463 698 tres

372 721 945 876 lpsliMiiimlilrMaedeeMdlrbssdorbiatdes
963 797 997 860 in
1017 796 1212 882 provinciam
1226 798 1360 884 profecti
1374 811 1462 879 sunt,

373 885 639 967 ”exercitumque
664 905 683 946 a
705 883 753 946 M.
767 882 901 966 Popillio
922 889 1109 966 oeperuntr.
1153 883 1266 980 Neque
1282 891 1390 948 umen
1411 886 1460 948 M.

375 969 527 1054 Popillius
541 969 655 1032 reverti
670 969 804 1030 Romam
818 965 962 1044 audebat,
975 986 1016 1029 ne
1029 985 1173 1030 caussam
1188 967 1315 1045 moeret,
1329 969 1461 1034 adverso

373 1061 496 1132 senatu,
509 1051 668 1116 infestiore
683 1049 812 1136 populo,
826 1049 912 1134 apud
924 1058 1102 1135 praetorem,
1116 1049 1173 1134 qui
1187 1051 1226 1114 de
1240 1053 1416 1135 quaestione
1428 1055 1462 1118 in

373 1157 407 1200 se
422 1137 525 1222 posita
539 1145 684 1200 senatum
699 1135 918 1199 consuluisset.
963 1133 1050 1198 Huic
1070 1135 1288 1198 detrectationi
1310 1135 1379 1219 ejus
1404 1139 1462 1201 tri-

373 1222 452 1284 buni
474 1221 587 1306 plebis,
613 1221 740 1284 alterius
764 1218 935 1303 rogationis
959 1219 1212 1298 denunciatione,
1236 1219 1461 1285 obcurrerunt:

373 1315 420 1384 ut,
436 1306 463 1368 si
478 1327 542 1369 non
556 1313 629 1368 ante
646 1305 723 1368 Idus
739 1303 956 1367 Novembres⁰
969 1301 1002 1366 in
1016 1303 1128 1368 urbem
1143 1301 1278 1367 Romam
1288 1304 1462 1386 introisset,

374 1390 414 1454 de
427 1391 557 1455 absente
567 1411 605 1454 eo
620 1389 658 1453 C.
674 1388 816 1452 Licinius
831 1395 984 1450 statueret
998 1407 1034 1450 ac
1042 1387 1210 1472 judicaret.
1253 1387 1326 1452 Hoc
1339 1398 1461 1454 tractus

374 1475 501 1540 vinculo
514 1495 613 1558 quum
628 1473 770 1550 redisset,
783 1471 935 1556 ”ingenti
948 1491 1023 1535 cum
1037 1471 1155 1536 invidia
1163 1471 1198 1534 in
1207 1481 1352 1536 senatum
1363 1475 1461 1540 venit

375 1559 426 1622 lbi
441 1581 541 1643 quum
556 1561 709 1622 laceratus
719 1555 833 1640 jurgiis
848 1556 1022 1619 multorum
1037 1565 1129 1634 esset,
1148 1559 1461 1622 senatusconsultum

373 1644 492 1706 factum
515 1651 572 1720 est,
592 1651 639 1720 ut,
659 1641 714 1724 qui
735 1641 891 1724 Ligurum
913 1647 988 1724 post
1008 1639 1050 1705 Q.
1065 1640 1224 1719 Fulvium,
1246 1642 1284 1706 L.
1299 1641 1461 1706 Manlium

373 1727 519 1790 consules
535 1728 641 1790 hostes
655 1745 720 1788 non
734 1724 879 1802 luissent,
894 1733 932 1786 ut
946 1746 1000 1788 eos
1020 1725 1058 1788 C.
1074 1725 1227 1804 Licinius,
1246 1725 1306 1790 Cn.
1322 1725 1461 1792 Sicinius

372 1819 523 1896 praetores
546 1810 579 1872 in
602 1809 778 1872 libertatem
799 1808 1012 1872 restituendos
1035 1817 1191 1887 curarent,
1220 1831 1395 1894 agrumque
1421 1813 1461 1875 iis

371 1904 461 1957 trans
477 1894 599 1957 Padum
613 1893 725 1956 consul
740 1893 778 1956 C.
794 1891 948 1978 Popillius
970 1893 1068 1957 daret.
1111 1893 1219 1958 Multa
1237 1894 1336 1958 millia
1358 1897 1461 1960 bomi-

372 1999 450 2042 num
480 1979 540 2042 boc
564 1977 838 2042 senatusconsulto
859 1978 1006 2040 restituta
1026 1979 1059 2042 in
1082 1977 1269 2056 libertatem,
1293 1981 1461 2044 madue-

372 2064 499 2147 tisquet
515 2063 638 2128 Padum
659 2083 733 2148 ager
747 2069 797 2125 est
813 2061 1008 2146 adsignatus.
1052 2061 1100 2125 M.
1120 2063 1272 2148 Popillius
1296 2065 1460 2149 rogatione

373 2147 496 2211 Marcia
518 2149 567 2212 bis
587 2148 672 2247 apud
696 2147 733 2212 C.
749 2146 909 2210 Licinium
931 2167 1075 2210 caussam
1097 2147 1195 2210 dixitr
1217 2147 1310 2211 tertio
1331 2161 1460 2233 praetor,

429 2234 473 2296 tia
495 2233 634 2297 consnhs
656 2231 797 2296 absentis
819 2241 851 2295 et
872 2231 1013 2316 Popillia
1033 2231 1159 2294 familiae
1178 2232 1326 2316 precibus
1344 2233 1460 2313 victm,

392 2319 486 2382 dibus
501 2319 626 2382 Martiis
649 2319 758 2382 adesse
776 2337 866 2380 reum
879 2315 986 2400 jussit,
1004 2335 1068 2399 quo
1090 2315 1140 2380 die
1159 2315 1233 2380 novi
1255 2317 1460 2402 magistratus

371 2403 481 2466 inituri
496 2413 586 2466 erant
606 2404 778 2480 honorem3
799 2421 840 2464 ne
866 2399 983 2464 diceret
1002 2401 1069 2485 jus,
1092 2399 1147 2484 qni
1168 2400 1311 2485 privatus
1330 2402 1460 2466 iuturus

371 2495 464 2551 asset.
508 2487 559 2550 Ita
572 2485 693 2570 rogatio
706 2485 745 2549 de
761 2483 933 2568 Liguribus
948 2492 1014 2548 arte
1027 2484 1128 2548 fallaci
1137 2485 1230 2548 elusa
1244 2495 1301 2550 est.

415 2570 548 2633 XXIII.
572 2569 683 2666 Legati
706 2567 987 2652 Karthaginienses
1009 2589 1046 2632 eo
1065 2578 1206 2654 tempore
1225 2571 1335 2634 Romae
1359 2579 1460 2650 erant,

372 2663 404 2716 et
427 2653 568 2716 Gulussa
588 2653 673 2716 fihus
693 2652 890 2716 Masinissae:
913 2653 996 2716 inter
1017 2675 1071 2716 eos
1092 2675 1216 2738 magnas
1239 2655 1459 2718 contentiones

210 2755 329 2804 neum-
372 2738 405 2800 in
420 2745 531 2800 senatu
544 2736 640 2800 luere.
679 2736 962 2821 Karthaginienses
977 2735 1200 2822 querebantur,
1209 2746 1325 2820 prata
1340 2761 1459 2822 aynan,

209 2822 272 2868 ”¹¹⁸¹
316 2884 321 2896 ,
342 2883 347 2896 ,
373 2822 411 2884 de
425 2843 482 2904 aaa
495 2827 566 2885 ante
580 2823 672 2904 legati
687 2822 725 2884 ah
743 2823 851 2899 Rama,
869 2819 953 2904 ”qa
971 2825 1005 2886 r'n
1023 2843 1058 2887 re
1069 2825 1215 2905 pruenti
1237 2830 1459 2906 mariaeerat,

209 2885 360 2995 {ffifflm'
373 2909 458 2970 missi
480 2913 587 2986 meat,
606 2907 735 2988 amplior
754 2907 946 2989 septaaainta
965 2909 1076 2990 oppida
1095 2909 1277 2990 antemna
1289 2911 1360 2991 agri
1372 2909 1459 2972 Kar-

209 3013 310 3071 quenr·
321 3011 346 3058 tn
373 2993 571 3076 thaginiensis
585 2993 702 3056 bannia
718 2994 861 3073 prasinae
876 2993 1076 3055 Masinissam
1088 2994 1119 3056 ai
1133 2999 1224 3075 atqrae
1242 2995 1337 3056 arania
1352 3013 1458 3074 poese-

209 3085 300 3122 ·“1220-
373 3079 462 3142 dirae.
504 3078 545 3140 Id
557 3079 614 3154 iili,
629 3075 709 3140 '‘arai
723 3079 897 3157 nihilperm
908 3075 1064 3156 sit,saaite
1076 3097 1149 3140 esse.
1185 3077 1459 3159 Karthaginienses

364 3159 483 3242 fodere
496 3163 640 3243 inligatos
652 3163 751 3224 silere.
782 3161 943 3224 Prohiberi
957 3163 1036 3224 enirn
1050 3167 1140 3224 entra
1145 3160 1226 3242 finer
1240 3161 1348 3244 efferre
1358 3183 1457 3226 arara.

375 3247 562 3325 Quammaam
576 3247 685 3321 sciant
698 3247 731 3308 in
744 3247 808 3308 caia
814 3244 939 3325 finilia,
953 3247 981 3308 si
995 3246 1065 3308 inde
1080 3246 1233 3310 Numidas
1244 3247 1403 3327 pellerent,
1424 3265 1458 3310 ae

369 3336 508 3409 gestarat
522 3327 648 3400 bellam
662 3329 715 3390 illa
729 3329 813 3390 haad
825 3329 963 3411 anigno
978 3329 1212 3411 nepaesinae-is
1226 3331 1384 3409 detereri,
1398 3353 1457 3413 quo

372 3411 485 3474 diesne
497 3418 635 3474 aetnam·
647 3431 714 3474 carn
726 3415 817 3476 sociis
835 3415 941 3494 papati
961 3415 1093 3478 Ronaani
1109 3415 1217 3478 naun
1234 3435 1351 3497 gerere.
1395 3415 1459 3480 Sed

363 3495 434 3576 jam
447 3496 530 3558 nara
543 3495 714 3576 superna
728 3497 992 3580 crudelitatemque
1006 3505 1035 3562 et
1050 3501 1214 3562 maiitiam
1233 3499 1296 3580 ejas
1312 3521 1372 3562 non
1384 3499 1457 3584 pati

366 3599 458 3660 passe
478 3579 758 3662 Karthaginienses.
794 3583 900 3644 misem
921 3593 1017 3660 asset,
1041 3585 1092 3664 qai
1114 3589 1237 3647 ararem
1254 3591 1401 3661 stadam,
1422 3589 1456 3646 at

372 3665 465 3726 triam
487 3665 596 3727 harum
609 3684 711 3726 rerum
732 3685 823 3727 anam
842 3665 882 3728 ah
901 3686 934 3728 se
951 3669 1100 3748 inpetrari
1117 3669 1268 3731 sinerent:
1298 3674 1333 3730 nr
1352 3670 1401 3732 ael
1418 3689 1457 3732 ea

476 3819 497 3848 ¹¹¹
509 3829 536 3862 aa
548 3815 561 3860 l.
573 3831 600 3862 ar
611 3815 686 3862 Gran.
699 3816 767 3862 cres.
896 3821 910 3849 ὓ
921 3825 1054 3877 mearant
1067 3817 1160 3878 Kreyra
1174 3817 1248 3866 Beki.

400 3881 414 3910 ⁰
426 3877 557 3925 Noamhrtr
569 3879 642 3924 Gran.
655 3879 721 3925 Cres.
851 3884 864 3923 t
876 3882 1030 3942 tradantirqaa
1042 3883 1108 3928 brev.
1236 3887 1308 3929 turs
1321 3882 1397 3930 Baka.

242 4001 274 4056 7⁰
292 4003 462 4063 sanam
482 4017 498 4050 a
519 4001 553 4049 tt.
576 4003 672 4063 Prptttta
696 4001 816 4062 senemr]
850 4004 996 4052 Masinissam
1019 4014 1043 4053 et
1068 4007 1272 4067 carthaginienses
1293 4010 1457 4056 controversiis

212 4067 274 4126 Lege
285 4081 337 4175 gum
350 4065 616 4127 Gronorioaaaeperrrrat.
634 4067 746 4113 Siesnlm
757 4067 816 4113 solet
847 4082 927 4126 agens,
950 4084 1020 4130 supra
1045 4071 1060 4117 l.
1085 4071 1134 4118 XL
1157 4086 1176 4118 c.
1201 4071 1237 4126 17,
1258 4081 1283 4118 at
1304 4073 1319 4118 l.
1342 4073 1455 4120 XXXIV.

209 4131 217 4178 l
250 4131 272 4176 ui
306 4130 371 4176 isius.
847 4131 917 4178 att.

218 4145 269 4248 ⁰qtl
290 4191 402 4254 'ingenti
423 4209 472 4240 cass
489 4188 587 4252 invidia]
616 4193 704 4251 Magna
727 4191 816 4240 invidia
879 4193 911 4248 78
928 4195 1192 4258 rcaantatpnasa]
1210 4198 1256 4249 Qui
1269 4212 1311 4258 pra
1320 4199 1457 4246 arbitrioae

209 4267 326 4312 oneratus,
337 4257 421 4303 mirum
432 4257 457 4302 in
469 4255 562 4302 modum
574 4255 682 4300 omnibus
693 4255 789 4302 inritus.
848 4257 945 4304 libidine
962 4260 1041 4306 omnia
1058 4270 1118 4320 agat,
1137 4261 1196 4306 nilrll
1213 4263 1355 4322 expendens,
1367 4263 1457 4310 nullius

241 4321 272 4374 72
291 4323 367 4372 Qaihr
378 4336 402 4368 rs
411 4315 529 4380 prasenti]
543 4318 750 4378 Adiecitsigoniua
762 4333 815 4378 par·
848 4329 889 4367 sut
908 4323 965 4380 legis
984 4333 1024 4368 aut
1038 4325 1097 4382 Jun'r
1116 4325 1229 4371 rationein
1251 4325 1346 4370 babens.
1380 4328 1458 4386 Supra

208 4383 304 4430 deuiam
315 4383 619 4443 tnqnanerrrssariaerst.
638 4383 695 4428 llas
706 4383 817 4429 estenlm
849 4385 937 4430 xxvt.
961 4385 998 4439 la.
1020 4388 1088 4437 uara
1111 4389 1248 4448 maneant
1258 4385 1458 4451 fenerantesque

208 4447 274 4504 qnasi
292 4448 394 4494 solennis
412 4447 520 4508 quadam
538 4446 647 4505 loquendi
670 4443 751 4500 torma,
772 4461 818 4505 qua
850 4449 905 4509 qnid
915 4449 1021 4505 dinem
1033 4451 1153 4511 audesne·
1163 4465 1260 4512 arram
1266 4449 1432 4512 msam

209 4524 264 4556 usus
280 4524 372 4570 quaque
391 4519 427 4556 est
443 4509 523 4558 Livius
541 4509 584 4568 bis,
595 4509 625 4556 de
641 4509 678 4556 bis
689 4509 745 4570 ipsis
757 4510 818 4556 inter
