3094 4954
434 337 522 400 LIB.
548 334 729 402 XXXVII.
760 337 856 404 cAP.
883 339 940 404 Ll.
1329 349 1390 413 123

131 487 253 552 Fabius
268 485 375 550 Pictor
389 485 503 550 ssamen
520 486 694 552 Quirinalis
710 487 898 568 Sardiniam,
922 489 964 558 Q.
978 489 1097 554 Fabius
1115 492 1372 562 Labeonem.

130 573 277 648 classem,
305 571 345 634 L.
375 570 519 634 Plautius
550 571 714 655 Hypsaeus
744 571 935 657 Hispaniam
963 574 1150 656 citeriorem,
1183 575 1223 642 L.
1238 581 1265 626 Α·
1278 580 1305 627 0·
1320 579 1372 628 ¹⁸9·

132 656 266 720 Baebius
288 656 388 718 Dives
414 655 604 740 Hispaniam
629 656 820 721 ulteriorem.
865 657 980 722 Siciliae
1003 659 1085 744 legio
1106 681 1172 724 una
1191 671 1224 726 et

131 741 253 820 classis,
268 762 339 823 qnae
354 740 388 802 iu
401 761 438 802 ea
451 739 615 823 provincia
627 749 704 818 erat,
719 741 844 805 decreta
851 766 860 820 3
882 750 914 806 et
927 751 965 806 ut
978 743 1058 806 duas
1073 744 1222 810 decumas

130 825 283 888 frumenti
309 845 412 887 novus
435 832 556 907 prator
577 823 746 908 imperaret
765 825 890 904 Siculis,
913 847 1020 890 earum
1039 827 1169 892 alteram
1188 830 1222 894 iu

131 909 252 986 Asiam,
266 909 398 972 alteram
412 909 446 971 in
461 907 615 971 AEtoliam
638 909 787 973 mitteret.
832 910 922 974 Idem
940 911 980 975 ab
1002 911 1109 976 Sardis
1128 915 1222 1000 exigi,

131 1003 228 1077 atque
245 994 287 1056 ad
308 994 436 1056 eosdem
451 993 606 1056 exercitus
622 993 663 1056 ‘id
684 993 890 1074 frumentum,
912 997 953 1059 ad
971 1017 1051 1081 quos
1068 997 1222 1079 Siculum,

130 1078 291 1162 deportari
320 1078 452 1141 'ussum
496 1078 535 1140 L.
555 1077 666 1141 Baebio
689 1078 948 1162 supplementum
972 1081 1006 1144 in
1032 1082 1222 1168 Hispaniam

130 1163 243 1226 datrim
268 1163 355 1225 mile
383 1161 518 1225 Romani
542 1163 675 1246 pedites,
701 1163 823 1246 equites
847 1163 1087 1250 quinquaginta,
1110 1175 1143 1231 et
1166 1189 1221 1232 sex

129 1247 230 1310 millia
255 1247 400 1332 peditum
429 1245 537 1310 Latini
565 1247 713 1326 nominis,
743 1247 893 1312 ducenti‘
921 1251 1052 1334 equites.
1097 1253 1221 1316 Plautio

130 1333 278 1416 Hypsaeo
302 1331 336 1394 in
366 1331 554 1429 Hispaniam
579 1329 755 1394 citeriorem
779 1333 865 1396 mille
891 1335 1026 1398 Romani
1050 1336 1117 1399 dati
1146 1348 1222 1401 sunt

128 1417 264 1502 pedites,
283 1417 348 1480 duo
362 1415 460 1478 milha
473 1413 593 1479 socidm
608 1415 716 1478 Latini
731 1417 881 1497 nominis,
899 1427 931 1482 ct
946 1419 1074 1482 ducenti
1089 1421 1221 1505 equites.

128 1523 204 1566 cum
234 1501 285 1564 his
311 1501 541 1586 supplementis
565 1509 603 1562 ut
627 1500 768 1584 singulas
793 1501 822 1564 le
846 1503 933 1566 ’ones
956 1505 1029 1567 dure
1056 1505 1222 1590 Hispanias

128 1587 293 1650 habereut.
338 1585 799 1668 Priorisannimagistratibua,
845 1585 1049 1652 .Laeliooum
1062 1611 1120 1652 suo
1135 1611 1222 1654 exer-

128 1671 197 1735 citu
221 1679 428 1756 prorogatum
446 1669 481 1732 iu
497 1691 618 1732 aunum
635 1669 804 1754 imperium
819 1679 877 1736 est.
911 1683 1117 1771 prorogatum
1133 1683 1164 1738 et
1185 1677 1221 1740 P.

127 1757 229 1820 Junio
243 1754 432 1840 propraetori
446 1755 480 1818 in
496 1754 625 1818 Etruria
639 1777 713 1818 cum
728 1777 765 1819 eo
780 1757 929 1836 exercitu,
945 1757 1001 1841 qui
1015 1779 1048 1822 1n
1060 1760 1222 1858 provincia

128 1849 233 1920 esset3
255 1849 288 1904 et
309 1841 357 1903 M.
372 1839 491 1902 Tuccio
506 1839 719 1924 proproetoriss
733 1840 766 1904 in
782 1842 917 1906 Bruttiis
930 1851 962 1906 et
977 1843 1104 1928 Apuha.

172 1926 230 1990 LI.
254 1925 444 2008 Priusquam
456 1923 491 1986 in
505 1924 684 2008 provincias
695 1934 848 2010 praetores
861 1927 954 2008 irent,
965 1938 1123 1992 certamen
1137 1927 1355 1994 intercutanea

130 2011 167 2074 P.
180 2011 339 2074 Licinium
353 2009 538 2107 pontificem
552 2009 727 2073 maximum
742 2011 803 2075 fuit
816 2020 849 2076 et
864 2012 905 2077 Q,
916 2013 1051 2076 Fabium
1063 2014 1219 2078 Pictorem
1232 2008 1293 2118 {2²²¹
1305 2008 1372 2117 ¹³2qu

128 2095 290 2158 flaminem
304 2093 511 2173 Quirinalem,
527 2095 618 2176 quale
633 2104 761 2179 patrum
775 2097 927 2160 memoria
947 2098 1031 2161 inter
1050 2099 1089 2161 L.
1104 2097 1220 2162 Metel·
1233 2085 1344 2185 ὦ,
1373 2104 1380 2117 ’

127 2180 199 2242 lum
222 2187 255 2241 et
280 2179 479 2242 Postumium
502 2177 657 2242 Albinum
677 2180 789 2243 suerat.
833 2180 1007 2244 Consulem
1028 2181 1129 2260 illum,
1147 2199 1287 2247 cumlem.

129 2265 171 2328 C.
185 2263 317 2327 Lutatio
332 2263 409 2326 colle
463 2263 497 2326 in
522 2263 660 2328 Siciliam
679 2264 721 2327 ad
744 2265 877 2327 classem
897 2265 1160 2350 proficiscentem,
1181 2265 1223 2330 ad

128 2369 221 2412 sacra
235 2285 569 2412 retinueratilletellus
584 2348 729 2433 pontifex
741 2348 917 2426 maximus3
938 2357 1108 2433 praetorem
1125 2351 1223 2428 hunc,

127 2455 173 2498 ne
195 2435 230 2497 in
255 2433 433 2498 Sardiniam
453 2434 717 2518 proficisceretur,
741 2433 777 2496 P.
792 2433 937 2496 Licinius
963 2433 1076 2498 tenuit.
1120 2433 1165 2497 Et
1189 2435 1223 2498 in

129 2527 258 2598 senatu,
279 2519 364 2582 etad
378 2518 535 2616 populum
548 2519 674 2603 magnis
692 2517 949 2582 contentionibus
964 2526 1119 2582 certatum
1133 2519 1223 2599 est¹¹3

128 2611 165 2668 et
190 2603 266 2666 “im
308 2603 353 2666 ria
376 2603 511 2667 inhibita
534 2603 619 2667 ultro
644 2605 797 2687 citroque,
821 2613 854 2668 et
879 2603 1045 2689 “pignora
1065 2611 1168 2689 capta,
1190 2613 1224 2668 et

126 2688 242 2752 mulrae
279 2689 359 2766 ὀΐω,
371 2697 405 2751 et
419 2687 540 2752 tribuni
555 2688 714 2772 adpellati,
732 2697 765 2752 et
802 2698 985 2752 rovocatum
1006 2689 1048 2752 ad
1065 2689 1223 2774 populum

126 2783 188 2837 est.
212 2773 334 2859 Religio
347 2773 389 2836 ad
402 2782 600 2858 postremum
613 2773 698 2852 vicit,
713 2781 751 2836 ut
788 2773 850 2837 icto
865 2774 997 2838 audiens
1012 2783 1095 2837 esset
1107 2775 1222 2838 flamen

127 2858 295 2944 pontifici3
317 2866 350 2922 et
363 2859 476 2922 multae
490 2879 530 2922 ex
539 2859 635 2942 jussu
654 2858 767 2943 populi
788 2859 939 2922 remissae.
984 2858 1223 2942 improvinciae

126 2944 265 3028 ereptae*
289 2952 461 3028 praetorem
484 2943 673 3028 magistratu
698 2943 843 3006 abdicare
864 2963 898 3006 se
921 2951 1090 3006 conantem
1113 2943 1223 3005 Patres

126 3027 316 3092 anctoritate
348 3049 408 3092 auo
439 3027 681 3092 deterrueruut=
712 3037 755 3106 et,
781 3035 819 3090 ut
849 3027 899 3090 ’us
928 3027 1012 3088 inter
1038 3026 1223 3110 peregrinos

125 3113 258 3192 diceret,
283 3113 499 3176 decreverunt.
542 3112 729 3176 Delectibus
758 3049 871 3176 deiude
900 3110 984 3174 intra
1009 3129 1129 3194 paucos
1156 3109 1223 3172 dies

128 3201 247 3281 (neque
269 3197 355 3260 enim
378 3197 472 3260 multi
494 3197 611 3261 milites
632 3197 757 3282 legendi
778 3198 878 3279 eraut)
902 3195 1061 3280 perfectis,
1077 3193 1223 3257 consules

125 3291 345 3366 praetoresque
366 3282 402 3344 in
424 3281 602 3367 provincias
625 3281 880 3367 proficiscuntur.
925 3281 1023 3344 Fama
1044 3279 1157 3344 deinde
1182 3279 1222 3343 de

126 3367 226 3430 rebus
240 3367 276 3430 in
290 3367 369 3430 Asia
382 3367 480 3451 gestis
494 3375 611 3431 temere
624 3367 753 3452 vulgata
767 3367 834 3429 sine
850 3373 997 3429 auctore:
1019 3372 1140 3450 etpost
1154 3363 1222 3428 dies

125 3473 248 3536 paucos
263 3451 374 3514 nuncii
388 3451 465 3514 certi
479 3451 640 3536 literaeque
650 3451 847 3536 imperatoris
861 3451 997 3514 Romam
1007 3449 1135 3527 adlatae3
1149 3471 1221 3532 quae

126 3557 194 3598 non
217 3545 345 3599 tantum
364 3535 516 3620 gaudium
538 3536 578 3600 ab
598 3536 717 3600 recenti
735 3544 824 3598 metu
843 3535 1036 3612 adtulerunt,
1054 3533 1222 3614 (desierant

126 3621 215 3683 enim
229 3621 350 3684 victum
365 3621 399 3683 in
413 3620 534 3684 AEtolia
547 3623 699 3702 metuere)
720 3619 742 3652 ⁴⁷
754 3641 851 3703 quam
868 3625 1049 3682 averterunt
1062 3617 1220 3680 famam¹=

126 3705 218 3789 quod
240 3705 426 3768 ineuntibus
452 3705 486 3768 id
508 3705 627 3768 bellum
648 3703 752 3788 gravia
777 3703 878 3768 hostia
901 3711 934 3766 et
958 3702 1024 3766 suis
1043 3701 1173 3780 viribus,
1189 3709 1222 3765 et

191 3859 504 3910 sermomonem.
641 3867 655 3905 8
664 3865 758 3924 praetma'
767 3861 833 3910 aaa.
962 3855 1020 3908 herr
1031 3862 1077 3908 del.
1090 3861 1166 3910 Bekk.

191 3922 200 3961 ¹
213 3927 253 3974 Its
262 3929 381 3988 prosim
391 3933 471 3988 crepta
482 3927 558 3974 Gron.
571 3927 640 3973 θην.
801 3922 894 3988 kquesta
905 3941 920 3973 o
930 3923 1075 3988 nivosam
1086 3925 1163 3973 Baua

159 4081 192 4126 45
209 4079 334 4138 ‘Imperio
350 4080 450 4125 aaran
468 4079 529 4125 altro
545 4071 659 4139 attroqac]
678 4077 741 4123 Ρω-
774 4075 900 4124 necessitas
910 4077 1079 4138 injungeretur.
1115 4075 1329 4131 vianettosdl
1341 4075 1387 4123 ΙΙΙ.

128 4153 178 4190 tore
199 4143 322 4201 nimirum,
343 4155 387 4202 pro
404 4143 459 4202 J'ure
479 4143 594 4202 pretoria
613 4141 744 4202 potestatis,
775 4155 795 4188 c.
810 4141 849 4186 88.

126 4205 616 4268 lubentepontidcemabaiatereincep103
632 4205 743 4266 pontifico
807 4205 838 4258 47
859 4205 931 4254 θυαμ
949 4211 1079 4252 curtenai
1091 4199 1194 4265 samon]
1221 4199 1344 4260 Ingeniosa
1363 4209 1388 4248 et

127 4273 240 4328 marimo,
252 4279 366 4330 tanquam
384 4283 477 4316 summo
493 4283 611 4316 sacrorum
630 4269 743 4323 antiades,
776 4269 893 4314 vereAlb.
907 4269 1116 4330 Rubeniua,qm
1129 4283 1144 4314 a
1158 4261 1315 4324 comesam
1350 4265 1389 4312 Sic

124 4337 224 4396 lnbente
235 4342 369 4395 praeeram,
381 4335 422 4395 qui
435 4335 533 4381 Flamen
544 4333 673 4383 Quirinalia
684 4339 742 4388 erat,
775 4332 894 4392 scripsisse
908 4331 999 4378 Livium
1011 4333 1051 4378 rix
1070 4329 1194 4381 dubitabit,
1206 4329 1247 4387 qul
1261 4335 1285 4372 et
1296 4339 1324 4371 ea
1335 4341 1388 4386 qun

127 4409 199 4459 uque
218 4399 274 4446 idco
287 4399 361 4458 jussis
377 4398 496 4460 pontificia
511 4397 608 4444 maximi
619 4397 745 4457 subjectus,
777 4397 921 4455 pruccdunt,
932 4403 957 4442 ct
971 4409 999 4442 ea
1017 4409 1070 4455 qao
1080 4399 1219 4452 sequuntur,
1230 4389 1300 4451 paulo
1311 4397 1390 4440 attan·

128 4464 172 4510 sibi
183 4464 247 4510 dicto
259 4464 396 4510 audientem
409 4477 468 4509 csse.
777 4459 825 4507 tius
836 4459 994 4522 perpenderit.

160 4527 192 4574 46
209 4527 312 4590 Pignora
334 4523 416 4588 copta]
447 4527 480 4574 Ut
507 4525 600 4572 mulcta
628 4523 745 4570 solvenda
