3094 4954
199 295 261 359 154
786 287 880 352 'l'lTI
902 285 1018 351 LIVII

200 454 332 503 mom
361 448 447 504 runt
491 438 542 502 lbi
556 437 670 502 stativa
682 436 875 500 habentibus
889 433 985 519 legati
998 433 1038 497 ab
1060 432 1091 496 Ε
1216 441 1268 498 ato
1282 442 1452 512 venerunt,

200 523 228 566 Α·
241 521 267 567 ⁰·
281 519 333 567 ¹⁰⁸
362 524 560 601 nunciantes,
582 521 758 603 Pausectum
780 541 846 583 eum
871 520 914 582 ad
934 519 1054 600 repulus
1262 519 1344 582 nibil
1374 521 1452 599 epti

362 612 540 690 inpetrasse.
579 625 618 669 ee
647 604 863 686 conquestibus
885 605 962 666 uicis
986 603 1127 684 aptisque
1153 600 1331 683 frequentes
1356 603 1452 666 άοηιὶ-

360 713 464 775 prare,
484 699 514 754 ei
526 711 594 754 cum
608 689 780 770 eoniupibus
793 708 831 751 oc
845 687 958 764 ὶίὸοιὶι,
977 706 1042 767 que
1052 685 1142 766 sem
1161 691 1252 766 utque
1271 707 1360 768 apere
1377 707 1452 768 pos-

364 780 453 854 siut‘,
469 795 539 857 proe
551 795 585 836 re
599 779 721 854 aperies
728 777 946 852 partarrierque
963 771 1123 850 Olyurpum
1137 777 1266 834 nouem
1276 776 1393 851 peiere,
1416 777 1452 832 ud

364 861 434 922 inde
449 862 544 922 armis
559 860 746 937 locorumque
760 857 821 918 ritu
835 873 899 916 rese
912 860 1064 917 tueantur.

200 939 299 986 0³¹¹l¹¹¹
407 943 504 1007 XIX.
527 941 670 1005 Certiora
682 948 793 1024 postea
805 937 827 970 '²
835 936 1110 1002 Oromdensium·
1128 936 1225 1020 legati
1247 936 1452 1000 adtulerunta

200 1013 343 1126 mu,
368 1027 615 1092 muranum
635 1025 788 1088 ιιυιιαιω
809 1024 968 1102 Olympum
993 1023 1141 1084 nauem
1155 1023 1287 1100 curm,-
1316 1022 1452 1084 urum

368 1113 546 1192 Tectosagos
560 1111 653 1172 auam
665 1114 803 1184 montera,
819 1109 870 1187 qai
889 1105 1027 1186 Mapaba
1044 1105 1174 1182 dieatm
1189 1107 1313 1184 petisse.
1359 1107 1452 1170 liae-

363 1217 437 1272 moe,
453 1194 627 1274 eonjupibsu
641 1212 678 1254 ac
693 1192 797 1254 liberis
810 1189 893 1271 apud
905 1191 1083 1270 Tectosupos
1097 1190 1250 1270 umorue,
1263 1195 1452 1252 emulorum

364 1282 482 1362 apmbre
499 1277 688 1340 Tolistoboiia
701 1277 844 1338 statuisse
858 1271 1109 1352 munitiumferre.
1139 1273 1241 1335 Erant
1254 1281 1362 1336 autem
1372 1281 1451 1336 tune

363 1364 461 1426 trium
489 1360 682 1446 populorum
709 1358 811 1442 reguli
840 1357 995 1441 Ortiagon
1004 1367 1029 1435 ¹¹,
1057 1365 1089 1420 et
1118 1356 1390 1436 Combolomarus,
1418 1367 1452 1422 et

365 1447 535 1511 Gaulotus.
569 1444 615 1508 lis
627 1445 697 1508 haeo
710 1442 845 1506 maxime
859 1441 934 1504 belli
946 1440 1026 1537 ratio
1037 1451 1061 1537 ¹·
1066 1441 1212 1504 sumendi
1225 1441 1337 1519 suerat,
1353 1441 1452 1524 quod,

363 1554 465 1615 quum
488 1537 614 1594 montes
635 1526 825 1592 editissimos
851 1525 919 1609 ejus
942 1535 1100 1608 regman
1115 1533 1268 1604 tenerent,
1291 1527 1452 1590 convectis

363 1616 522 1693 omnibus,
537 1635 610 1696 quae
629 1612 670 1674 ed
688 1633 782 1674 usum
802 1609 946 1693 quamvis
966 1609 1054 1692 longi
1074 1609 1226 1694 temporis
1248 1609 1452 1689 sublinerent,

362 1700 458 1762 taedio
474 1719 507 1760 se
520 1697 706 1780 fatigaturos
728 1695 874 1758 hostem·
892 1693 1075 1756 censebant.
1116 1695 1201 1756 Noua
1214 1715 1307 1776 aeque
1320 1715 1449 1758 ausuros

356 1805 417 1864 per
439 1790 503 1846 tum
525 1781 624 1844 arduo
642 1787 731 1861 atqu
750 1781 855 1860 inqua
870 1780 937 1842 loca
950 1779 1052 1842 subire
1065 1799 1136 1842 eos.-
1156 1785 1197 1858 et,
1214 1781 1243 1840 si
1258 1786 1451 1859 eouareaiur,

361 1870 409 1930 uel
426 1887 528 1948 paruo
540 1886 632 1928 marm
647 1864 806 1946 prohiberi
827 1873 886 1926 ue·
900 1863 1058 1926 deturbari
1070 1883 1171 1944 porse.
1207 1883 1261 1926 uec
1279 1865 1405 1944 querar,
1417 1866 1451 1928 iu

361 1952 516 2015 radicibus
525 1951 697 2032 pelidorum
708 1951 853 2012 monitum
865 1947 1010 2024 seueuu,
1022 1947 1129 2029 stipas
1143 1954 1197 2011 aui
1217 1949 1349 2029 inopiam
1370 1951 1451 2011 latu-

361 2057 422 2100 ros.
465 2036 510 2098 Et
533 2057 634 2119 quum
656 2034 725 2118 ipsa
746 2032 880 2096 altitudo
905 2031 1048 2096 locorum
1072 2053 1126 2096 eos
1146 2039 1312 2110 tutaretur,
1332 2033 1450 2096 fossum

361 2142 487 2204 quoque
510 2128 543 2184 et
570 2119 630 2182 alia
658 2117 857 2182 munimenta
878 2113 1051 2180 verticibus
1079 2117 1128 2195 iis,
1153 2138 1234 2200 quos
1258 2117 1451 2196 insederant,

361 2203 588 2290 circumjeoere.
626 2203 764 2268 Minima
777 2203 945 2299 adparatus
960 2201 1127 2264 missilium
1140 2201 1275 2265 telorum
1289 2223 1365 2264 cura
1378 2202 1450 2266 fuit

361 2291 547 2438 qudibsm
570 2289 700 2354 adfatim
724 2287 931 2373 praebituram
954 2285 1154 2372 asperitatem
1179 2287 1282 2371 ipsam
1307 2287 1449 2350 looorum

361 2397 413 2438 ere
475 2383 541 2438 ant

404 2459 482 2522 XX.
511 2458 644 2536 Consul,
665 2457 739 2540 quie
753 2478 819 2520 non
832 2456 977 2520 eominus
998 2475 1151 2541 pugnam,
1172 2456 1229 2520 sed
1245 2455 1358 2540 prooul
1370 2453 1450 2520 locis

361 2543 595 2627 obpugnandis,
615 2543 755 2604 futuram
769 2549 963 2626 praeceperat
977 2540 1092 2619 animo,
1113 2541 1276 2624 ingentem
1290 2540 1354 2604 vim
1368 2541 1449 2626 pilo-

360 2647 445 2702 rum,
465 2626 675 2688 ”velitarium
689 2626 862 2703 hastarum,
876 2626 1073 2710 sagittarum,
1087 2625 1283 2710 glandisque,
1303 2634 1335 2688 et
1347 2626 1449 2690 modi-

361 2731 481 2788 corum,
503 2709 559 2792 qui
572 2709 671 2772 funda
685 2709 769 2772 mitti
783 2719 924 2794 possent,
943 2711 1086 2794 lapidum
1107 2718 1279 2796 paraverat.
1312 2710 1449 2774 instruc-

297 2803 310 2834 ¹
361 2801 477 2877 tuaque
491 2794 658 2858 missilium
672 2795 826 2878 adparatu
841 2795 882 2858 ad
902 2795 1081 2880 Olympum
1099 2803 1240 2858 montem
1263 2795 1363 2874 ducit,
1383 2803 1449 2858 eta

198 2931 252 3026 ‘tt‘
265 2868 349 3026 “ll
362 2879 766 3029 litim-”illi
781 2879 1450 3030 lttfflwtwitt‘t‘ttlttt

241 2996 311 3090 ’ἦα
361 2987 480 3114 moniis
505 2987 664 3132 situlirque
694 3050 889 3114 Gallicorum
908 2985 1096 3112 perpsgtpgmm
1122 3009 1300 3128 visendum,
1325 3048 1449 3132 equites

360 3135 513 3212 hostium,
526 3135 644 3218 duplex
658 3155 820 3213 numerus,
834 3134 947 3198 effusi⁰
962 3134 1074 3197 eastris
1087 3134 1121 3196 in
1133 3134 1242 3218 fugam
1256 3141 1447 3198 averterunt

358 3218 455 3282 oanisi
470 3239 534 3302 quo
557 3239 596 3282 ue
609 3219 702 3302 pauci
720 3219 920 3303 fugientium,
934 3218 1090 3282 vulnerati
1109 3219 1226 3302 plures.
1268 3217 1376 3284 Tertio
1398 3217 1449 3282 dis

358 3323 434 3364 eum
460 3302 546 3364 omni
570 3323 608 3364 us
629 3303 670 3364 ad
686 3303 754 3366 looa
774 3303 965 3388 exploranda
983 3302 1154 3387 proiectus,
1172 3303 1248 3386 quia
1263 3325 1358 3366 nemo
1374 3303 1449 3366 hos-

360 3385 441 3448 tium
467 3393 555 3447 extra
573 3387 770 3449 munimenta
786 3387 949 3471 processit,
966 3396 1038 3450 tuto
1052 3387 1280 3450 circumvectus
1295 3395 1448 3464 montem,

360 3469 589 3548 animadvertit,
612 3470 785 3534 meridiana
803 3472 931 3555 regione
952 3481 1095 3535 terrenos
1116 3479 1148 3534 et
1167 3471 1289 3558 placide
1310 3471 1449 3534 adclivos

361 3552 430 3617 '‘ad
446 3555 614 3637 quemdam
629 3555 726 3617 finem
742 3555 836 3618 colles
851 3577 929 3634 esse,
944 3557 985 3619 ad
1003 3556 1250 3640 septentrionem
1263 3555 1401 3618 arduusd
1416 3563 1449 3618 et

360 3647 461 3701 rectas
475 3661 574 3724 prope
588 3661 701 3724 rupes3
724 3647 829 3722 atque,
844 3641 991 3702 omnibus
1008 3641 1105 3703 ferme
1123 3640 1191 3703 aliis
1210 3640 1314 3718 inviis,
1335 3637 1450 3702 itinera

320 3723 321 3726 ’
360 3721 420 3784 tria
444 3745 530 3786 esse:
553 3745 655 3786 unum
676 3723 780 3787 medio
800 3731 918 3801 monte,
937 3746 1001 3808 qua
1019 3731 1143 3787 terrena
1158 3731 1265 3788 erantr
1288 3723 1354 3786 duo
1366 3723 1450 3786 diffi-

360 3806 431 3870 cilia
455 3807 494 3870 ab
517 3807 649 3872 hiberno
674 3807 750 3872 solis
767 3815 850 3886 ortu,
870 3815 903 3870 et
921 3809 962 3872 ab
985 3809 1094 3872 aestivo
1110 3830 1233 3874 oeeasu.
1277 3807 1358 3872 Haeo
1373 3829 1450 3872 con-

359 3931 583 4054 uittttttffl·
596 3929 1129 4056 itinnaiffl’·⁰“;'t}3ttit“m
1186 3929 1358 4042 :iiiiii
1371 3929 1449 4042 iit

359 4063 371 4090 ¹
384 4065 424 4104 aar
437 4057 513 4104 Belrk·
657 4051 671 4090 b
682 4059 827 4106 contrairent
841 4057 898 4104 tau.
1043 4059 1132 4120 ‘effuse'
1143 4073 1155 4106 e
1166 4063 1249 4108 curris
1262 4059 1357 4120 rreyas
1371 4059 1449 4106 serr.

358 4115 456 4168 ‘ardua
469 4119 545 4167 Bell.

226 4234 258 4290 72
276 4231 462 4294 Oroandensium]
495 4233 533 4279 Sic
549 4239 605 4278 vett
627 4233 700 4280 editi:
728 4241 752 4279 et
777 4233 802 4278 bi
867 4233 899 4288 73
918 4234 1054 4282 Velitsrr'usr
1079 4232 1209 4295 teutanes]
1240 4235 1329 4282 sm
1353 4237 1450 4280 brevem

193 4311 278 4358 nempe
290 4299 361 4344 iidem
373 4305 436 4354 sunt,
448 4297 488 4358 qui
501 4311 521 4343 o.
539 4297 679 4356 precedenti
691 4297 802 4356 appellati
835 4297 1015 4358 descriptionem
1033 4306 1087 4359 pete
1103 4313 1134 4346 ex
1145 4309 1193 4346 not.
1213 4300 1254 4355 74,
1274 4299 1305 4348 sd
1323 4299 1341 4344 l.
1359 4299 1451 4346 xxlv.

193 4371 255 4407 sunt.
284 4363 346 4408 ture
358 4363 382 4408 in
392 4360 549 4408 Gronovirnls
562 4360 704 4406 editionibus
716 4361 803 4421 legitur
834 4375 854 4406 e.
866 4362 905 4408 ³4.

195 4425 391 4473 OEamdsssiuar.
425 4427 485 4472 Vide
509 4425 803 4485 stnot27,adc.d'1,
866 4424 898 4478 74
915 4423 978 4471 'Ar
993 4428 1112 4488 quem
1123 4425 1206 4490 flurs]
1225 4429 1307 4488 Usque
1322 4427 1452 4487 adquam·

193 4487 261 4534 infru.
836 4489 890 4534 dam
905 4489 1062 4536 altitudinem.
