3108 4982
199 302 264 372 tto
764 283 857 350 'tt'tl
888 281 1003 350 Ltvll

201 467 232 515 u.
243 467 271 515 n
282 463 337 516 seo.
365 445 568 517 censuenrnt,
579 433 880 521 magistratibusque
894 428 1081 495 Ardeatium
1095 425 1346 514 praedicendum,
1367 425 1389 460 '¹
1401 435 1455 492 ut·

201 532 232 580 A.
244 531 270 580 ὓ
284 528 337 578 ¹⁰⁰·
365 524 533 592 intentiore
547 543 621 586 eum
634 519 778 586 cttstodie
794 518 1016 592 adservarent3
1037 534 1103 576 nou
1119 513 1223 576 solum
1238 533 1279 576 ne
1292 513 1456 596 effugeret,

367 612 423 676 aed
442 631 482 674 ne
499 607 610 674 mortis
631 603 863 670 consciscendae
888 601 994 664 locum
1016 597 1156 661 baberet.
1200 597 1222 660 S
1248 597 1456 662 ,Postumius

203 693 311 770 suerrum
366 695 528 779 aliquanto
593 698 624 756 st
645 691 780 754 Romam
794 685 890 751 venit.
926 705 965 748 eo
985 683 1148 760 referente,
1170 681 1209 746 de
1259 681 1405 744 .AEbutii
1425 689 1457 744 et

203 771 306 820 ‘'⁸¹⁰¹''
367 777 512 864 Hispaloe
560 773 675 840 eceniae
694 771 837 860 praemio,
858 769 945 854 quod
966 789 1076 832 eonem
1098 787 1194 850 opera
1214 765 1352 830 indicata
1376 766 1457 828 Bac-

368 863 511 928 chanalia
535 867 652 937 essent,
674 853 985 922 senatusconsultum
1008 852 1129 914 sactum
1155 858 1214 929 est,
1235 849 1257 882 '⁴
1270 851 1310 912 Ut
1329 853 1458 932 ainputis

368 951 417 1014 tte
437 946 593 1011 '‘eentem
615 945 714 1008 mitta
738 943 809 1006 esis
834 944 996 1021 pecatores
1017 937 1128 1000 arborei
1150 955 1190 998 ea
1207 937 1318 998 erm-io
1338 935 1456 998 dormit.

373 1034 481 1114 Utique
499 1031 603 1095 consul
624 1048 692 1092 eam
715 1026 846 1090 tribunis
862 1023 963 1104 plebis
979 1025 1092 1103 offeret,
1113 1025 1148 1084 ut
1169 1021 1213 1082 od
1229 1019 1345 1100 plebem
1352 1021 1458 1100 primo

370 1137 484 1200 quoque
499 1121 630 1195 ternpore
635 1111 768 1193 soret,
782 1115 816 1172 et
832 1110 870 1172 Ρ.
886 1107 1015 1171 AEbotio
1035 1107 1161 1168 motta
1177 1104 1329 1185 stipendio
1350 1110 1458 1180 esseut,

369 1222 407 1266 ne
421 1203 534 1266 invitm
547 1199 706 1274 militaret,
720 1193 741 1228 '⁸
751 1214 824 1258 neve
835 1211 940 1256 cesuor
952 1192 981 1254 ei
994 1210 1100 1270 murem
1104 1187 1261 1270 petenen
1271 1189 1458 1270 odsiyrsaret.

375 1287 483 1366 Utique
491 1284 625 1348 Facete
633 1281 769 1362 ffirpoloe
783 1277 803 1311 ”
814 1278 908 1356 detio,
919 1276 1091 1352 demisutio,
1098 1275 1199 1355 pertis
1206 1274 1337 1354 enuptio,
1349 1275 1460 1336 tutoris

371 1371 452 1452 optio
474 1371 547 1432 item
570 1371 657 1446 esset,
679 1365 767 1447 mmai
788 1365 816 1428 ei
840 1364 889 1426 uir
912 1365 1089 1424 testamento
1112 1358 1252 1422 dedisset.
1299 1359 1407 1438 titique
1430 1359 1459 1420 ei

370 1457 499 1537 tnqesoo
521 1452 632 1516 meere
657 1451 778 1514 b'ceret:
800 1467 858 1510 neu
879 1445 955 1526 quid
973 1445 1011 1522 ei,
1035 1444 1178 1524 quirem
1201 1443 1346 1521 duero,
1368 1441 1404 1506 oli
1425 1442 1462 1504 iet

364 1538 476 1622 fraudi
488 1536 692 1620 ipmmiedoeoe
704 1537 790 1597 esset.
815 1531 924 1612 Utique
938 1529 1072 1592 comete
1080 1533 1294 1609 oratoresque,
1316 1528 1369 1608 qui
1381 1545 1460 1590 noue

372 1628 479 1699 asem,
502 1621 589 1702 quiue
603 1624 713 1700 posteo
727 1615 832 1697 fictori
853 1619 962 1691 essent,
983 1618 1136 1689 mearent,
1158 1632 1195 1676 ne
1211 1611 1286 1693 quid
1298 1614 1327 1674 ei
1340 1611 1460 1674 mutim

372 1707 491 1786 imario
498 1704 601 1784 fieret,
614 1703 716 1784 atique
729 1706 794 1764 tuto
808 1704 894 1762 esset.
915 1698 951 1760 td
969 1703 1106 1762 senatum
1120 1697 1204 1774 velle,
1218 1702 1247 1760 et
1261 1716 1378 1778 oeqrersm
1393 1716 1460 1760 cen-

371 1809 448 1867 sere,
461 1795 496 1850 ut
510 1791 556 1851 ito
562 1786 665 1868 fieret.
707 1785 757 1848 Ea
771 1781 877 1848 omnia
890 1781 954 1846 lata
967 1781 1009 1846 ad
1021 1781 1157 1865 plebem,
1172 1781 1316 1864 sectaque
1331 1787 1408 1844 sunt
1421 1801 1460 1844 ex

373 1869 669 1948 senatuconsulto,
695 1877 728 1934 et
751 1869 790 1932 de
816 1875 993 1930 ceterorum
1012 1865 1155 1930 indicum
1178 1863 1358 1950 inpunitate
1378 1886 1461 1950 prae-

210 2001 334 2050 mmm,
372 1977 444 2022 mus
466 1976 507 2020 ue
521 1953 705 2020 consulibus
718 1951 909 2038 permissum
923 1957 982 2015 est.

209 2065 349 2114 ennoea
416 2041 449 2108 X
485 2085 494 2106 .
515 2039 649 2138 Etjam
671 2039 713 2106 Q.
729 2036 882 2116 Marcius,
904 2033 1134 2120 questionibus
1155 2055 1222 2100 suae
1239 2031 1376 2121 regionis
1388 2055 1462 2120 per.

712 2207 759 2250 'st
771 2203 795 2250 ie
805 2203 848 2250 tet.
860 2201 933 2248 Gran.
945 2201 1014 2248 Cret.

242 2355 275 2412 7³
295 2355 654 2420 Utteteteetiore..esstodio]
668 2357 820 2418 Deiesuper·
853 2355 973 2402 Romanos
991 2352 1084 2401 terniue
1102 2359 1217 2414 poterent,
1230 2366 1300 2413 quem
1311 2352 1382 2399 veliet
1396 2353 1462 2412 iege·

212 2435 310 2468 nouem
321 2424 516 2482 propositionem.
853 2427 895 2466 ret
922 2420 959 2464 Ex
971 2418 1015 2464 bac
1026 2417 1179 2478 expositione,
1191 2431 1259 2476 quarn
1271 2431 1363 2462 summa
1374 2417 1396 2462 vi
1409 2425 1463 2464 tue·

244 2484 276 2538 74
297 2486 328 2532 Ut
348 2488 446 2547 deguit
466 2483 513 2546 its]
544 2483 620 2544 lingis
645 2485 748 2545 placeret
767 2497 821 2530 cnm
853 2491 892 2530 tur
904 2482 1045 2537 Gronovius,
1056 2490 1193 2541 sequeretur
1208 2495 1261 2527 eam
1273 2480 1344 2526 luisse
1356 2481 1461 2544 antiqui·

212 2548 331 2595 Gronosio
342 2549 434 2608 legeres
452 2556 478 2596 st
488 2550 580 2609 megala
590 2551 634 2595 bis.
853 2555 892 2592 tus
910 2547 1047 2594 libertorum
1067 2545 1233 2600 conditionem,
1245 2553 1271 2590 ut
1290 2543 1349 2590 nihll
1366 2545 1395 2591 de
1414 2546 1464 2592 suis

245 2609 276 2664 76
294 2612 393 2658 Genese
415 2613 488 2658 mittio
512 2607 578 2672 teris]
608 2611 637 2656 ld
667 2617 710 2670 eet,
731 2624 821 2657 merces
853 2611 920 2656 bonis
940 2609 1064 2656 detrahere
1084 2617 1186 2668 possent,
1206 2609 1252 2654 nisi
1271 2622 1301 2654 es
1323 2611 1463 2655 auctoritate

212 2675 303 2734 argenti
315 2683 429 2720 nostrates
440 2674 493 2728 tot,
502 2689 555 2720 cum
568 2674 642 2720 unciis
653 2675 676 2720 2.
853 2674 954 2733 petroni,
967 2681 994 2719 ut
1007 2673 1071 2720 nulla
1081 2682 1177 2732 possent
1190 2673 1292 2734 jungere
1304 2673 1463 2726 matrimonia,

245 2737 277 2792 76
294 2738 355 2785 Nece
366 2753 443 2784 essm
460 2739 481 2784 ei
500 2752 579 2798 equares
589 2739 704 2798 patlieess
715 2738 820 2797 assigne-
853 2737 898 2784 nisi
910 2751 963 2784 cum
972 2737 1062 2783 libertis
1073 2739 1123 2796 eJus
1134 2737 1210 2796 gentb
1222 2750 1251 2783 es
1260 2750 1308 2795 qua
1320 2743 1371 2782 eret
1382 2739 1463 2795 patro·

212 2797 262 2862 ret]
290 2801 378 2848 blitum
401 2801 474 2848 videri
497 2801 570 2860 possit
591 2801 635 2848 boc
652 2801 703 2848 deri
723 2801 821 2848 AEbutio
853 2816 904 2847 nus
924 2802 1056 2862 Utrumque
1067 2803 1165 2861 probare
1176 2801 1311 2860 aggreditur
1321 2800 1464 2856 Gronovius,

212 2865 303 2924 premii
323 2865 381 2920 laco,
402 2879 432 2911 ne
452 2879 533 2912 censor
553 2865 574 2910 ei
595 2879 682 2924 equum
702 2865 822 2926 publicum
855 2865 896 2912 sed
907 2865 936 2910 iis
947 2865 1100 2924 argumentis,
1112 2879 1164 2923 quse
1177 2879 1226 2910 rem
1238 2863 1334 2910 sorteme
1351 2864 1464 2924 probabi·

213 2929 350 2988 assignaret,
362 2929 386 2976 id
403 2937 447 2984 est,
462 2928 553 2975 eumin
571 2929 678 2975 ordinem
690 2937 822 2989 equestrem
855 2929 910 2982 lem,
923 2943 970 2974 non
991 2937 1069 2974 temen
1090 2928 1186 2974 omnino
1201 2937 1288 2974 certam
1305 2941 1332 2974 ec
1348 2927 1464 2987 liquidam

214 2993 332 3052 allegeret.
367 2993 434 3040 Nihil
455 2993 520 3040 aliud
547 2993 660 3054 suspicari
691 3007 823 3054 possumus,
855 2993 966 3040 ellleiunt.
1008 2993 1099 3040 Rursus
1117 2992 1143 3039 id
1161 2994 1248 3048 turbat,
1270 2992 1332 3051 quod
1353 2991 1465 3048 Fecenis,

214 3069 286 3114 quern
297 3057 397 3104 voluisse
406 3057 494 3114 Patres,
504 3071 534 3104 ue
544 3058 640 3104 omnino
651 3057 748 3108 AEbutio
760 3057 823 3104 mili·
854 3065 946 3104 mortuo
956 3065 1063 3117 petrono,
1071 3059 1121 3116 jam
1136 3063 1236 3102 tutorem
1248 3069 1262 3102 s
1273 3063 1372 3116 pretore
1383 3063 1408 3102 et
1421 3057 1465 3102 tri·

214 3126 265 3165 tare
277 3121 351 3166 invito
362 3135 456 3169 necesse
468 3129 536 3168 esset.
564 3122 627 3172 Quia
638 3130 724 3178 eutem,
737 3122 822 3182 quibus
854 3122 923 3168 bunis
934 3121 1041 3182 petierat,
1046 3123 1095 3180 jam
1107 3128 1272 3166 testamentum
1285 3119 1378 3166 feceret.
1392 3121 1465 3166 Unde

214 3195 289 3242 equus
301 3185 407 3242 publicus
418 3185 548 3243 assignatus
557 3193 615 3238 erat,
628 3183 643 3230 ii
656 3187 771 3231 debebant
783 3185 824 3230 sti·
858 3185 915 3230 nibil
927 3185 949 3230 ei
957 3185 1017 3244 juris
1028 3183 1121 3230 videtur
1132 3183 1193 3229 hies
1204 3192 1286 3230 senatu
1298 3185 1387 3238 datum,
1399 3185 1466 3243 quod

214 3247 302 3305 pendia
313 3246 395 3302 lacem,
405 3255 429 3293 et
440 3255 572 3306 equestrem
581 3249 689 3294 militiam
697 3249 821 3308 suscipere,
857 3263 904 3294 non
918 3251 968 3308 Jem
985 3249 1088 3303 baberet,
1104 3255 1189 3308 preter
1206 3248 1282 3306 gentis
1302 3247 1468 3308 eruptionem.

215 3309 261 3355 hoc
288 3309 321 3354 ilii
344 3324 411 3365 onus,
433 3311 583 3369 splendidum
604 3311 666 3370 iicet,
689 3320 824 3372 exernptum
858 3313 994 3372 Respondet
1016 3313 1148 3360 Gronovius
1175 3312 1237 3358 hanc
1263 3312 1335 3358 fuisse
1358 3320 1467 3358 mentem

215 3371 289 3418 voluit
299 3381 401 3418 senatus.
857 3375 1060 3430 senatusconsulti,
1074 3383 1100 3422 ut
1119 3376 1218 3422 Fecenia
1231 3375 1339 3436 ingenuis
1356 3375 1466 3422 mulieri·

248 3433 280 3489 77
296 3435 513 3492 veterimentis,
530 3438 607 3498 gestis
624 3441 724 3496 ereptio,
743 3439 825 3484 tatoris
857 3441 899 3485 bus
910 3448 1080 3498 exequeretur,
1093 3453 1119 3486 ee
1130 3440 1199 3498 plane
1218 3453 1260 3499 pro
1275 3439 1378 3497 ingenua
1389 3439 1466 3484 bebe-

215 3494 288 3558 optic]
309 3499 378 3545 lluuc
397 3499 474 3545 locum
496 3499 598 3560 explicat
617 3499 691 3546 Turn.
711 3502 728 3546 l.
748 3501 823 3548 XXX.
857 3511 928 3549 retur.
962 3503 1038 3549 Morte
1050 3512 1127 3549 autem
1140 3504 1231 3563 petroni
1240 3503 1284 3548 etsi
1293 3501 1409 3561 aequisita
1420 3503 1466 3562 ipsi

216 3561 316 3608 Adsere.
328 3577 349 3608 e·
360 3563 400 3619 25,
414 3561 439 3608 in
451 3563 515 3610 bunc
525 3563 574 3610 iere
582 3565 686 3610 modum.
709 3565 822 3612 Decernl·
855 3567 948 3614 tuerent
969 3567 1010 3614 ilie
1026 3569 1089 3627 jure,
1109 3581 1156 3614 non
1175 3575 1254 3613 tamen
1281 3567 1368 3612 abolita
1387 3566 1467 3613 fluerat

215 3633 255 3671 tur
265 3627 474 3684 senatusconsulto,
486 3635 512 3673 ut
523 3628 626 3688 Hispala
631 3629 671 3688 jus
682 3637 743 3674 esset
752 3629 823 3676 dandi
856 3631 947 3677 macula
958 3631 1073 3678 libertinae
1084 3631 1230 3678 conditionis.
1255 3631 1312 3676 ideo
1320 3638 1418 3676 cautum
1430 3639 1468 3677 est

216 3696 241 3734 et
251 3689 406 3746 diminuendi,
418 3690 481 3750 quod
492 3699 535 3746 est,
548 3691 577 3738 de
589 3707 631 3738 suo
649 3693 741 3752 peculio
753 3693 824 3752 largi·
858 3697 1066 3752 senatusconsulto,
1079 3704 1112 3750 ut,
1124 3695 1186 3754 quod
1198 3701 1252 3740 ente
1266 3695 1305 3754 jus
1322 3693 1468 3753 acquisitum

215 3751 279 3807 endi,
299 3759 322 3798 et
340 3753 546 3802 diminuendsrum
565 3756 719 3803 iomunsrum.
752 3758 822 3807 Quod
854 3765 905 3804 eret
933 3759 1036 3818 Hispal·
1062 3771 1105 3818 per
1134 3767 1233 3804 mortem
1260 3758 1360 3817 petroni,
1389 3771 1468 3816 quum

215 3815 282 3862 addit
295 3815 374 3862 Livius
390 3818 470 3864 datam
485 3819 507 3864 ei
522 3820 599 3878 gentis
614 3821 773 3881 enuptionem,
784 3822 821 3868 in·
854 3831 961 3869 maneret
972 3823 1073 3870 libertini
1085 3822 1182 3877 ordinis,
1193 3821 1217 3868 id
1225 3823 1274 3882 iem
1285 3829 1310 3868 et
1321 3829 1469 3881 competeret

215 3887 358 3940 terpretetur
376 3881 499 3928 Turnebus
521 3885 561 3942 J'ua
580 3884 601 3929 ei
621 3885 711 3940 datum,
730 3893 757 3931 ut
772 3886 824 3931 eliis
853 3887 907 3944 jure
924 3886 1049 3946 privilegii,
1060 3900 1106 3944 quo
1123 3886 1232 3944 ingenuis
1250 3887 1393 3944 equabatur,
1410 3893 1467 3931 ten·

215 3957 287 4004 quem
307 3943 396 3990 libertis
414 3945 450 3989 sui
470 3947 570 4004 patroni,
588 3955 630 3992 sut
645 3948 824 4008 gentisesqua
856 3963 926 4008 quem
948 3950 1040 3995 mulieri
1069 3965 1121 4008 qua
1143 3957 1235 3994 mortuo
1258 3949 1307 3994 viro
1328 3949 1352 3994 in
1376 3950 1469 3994 nullius

215 4016 328 4068 petrones
354 4015 414 4066 erat,
435 4016 513 4066 posset
540 4013 635 4056 nubere.
669 4012 732 4058 Gens
760 4013 824 4058 enim
856 4021 970 4072 potestate
979 4021 1047 4060 esset.
1066 4013 1122 4060 llaec
1133 4013 1180 4059 iere
1191 4021 1244 4073 post
1256 4013 1392 4058 Turnebum
1404 4013 1470 4058 Gro-

215 4071 362 4122 libsrtorom,
374 4071 452 4131 inquit
463 4073 595 4118 Gmnovius
611 4075 642 4120 sd
659 4075 722 4120 bunc
739 4075 823 4131 locum,
857 4077 939 4122 novius
958 4079 988 4123 eat
1010 4079 1081 4137 buJus
1103 4077 1147 4124 loci
1169 4077 1358 4136 explanationem
1381 4077 1468 4121 sti'ert:

215 4135 823 4196 ncnerataliaqusrnpetroni,aquonomeuacci·
856 4153 916 4199 que,
940 4141 1111 4200 qualiscunque
1132 4149 1194 4196 sunt,
1217 4141 1285 4198 longe
1305 4149 1384 4186 tamen
1410 4148 1471 4186 aunt

215 4198 319 4258 piebsut,
337 4207 362 4244 et
380 4201 485 4260 ejusdem
505 4200 583 4258 gentis
605 4215 689 4248 novem
710 4202 823 4248 remittam
856 4203 885 4251 iis
903 4205 1073 4256 verisimiliora.
1091 4219 1144 4264 quse
1167 4205 1291 4250 Marcellus
1312 4205 1422 4249 Donatus
1445 4212 1471 4250 et

214 4259 365 4309 humiliorem
375 4263 533 4310 ordiebantur.
552 4265 660 4326 Denique
669 4279 741 4324 quum
754 4267 823 4312 datur
856 4268 985 4314 Gutberius
1012 4269 1042 4314 ed
1072 4269 1289 4328 interpretationem
1313 4267 1470 4314 britianorum

214 4325 236 4370 ei
256 4327 340 4374 tutoris
356 4327 428 4387 optio,
446 4328 586 4384 decernitur,
604 4337 631 4374 ut
649 4336 750 4374 tutorem
769 4331 822 4386 sibi,
855 4333 978 4378 verborum
990 4333 1117 4378 commenti
1128 4341 1189 4380 sunt.

214 4389 406 4450 quandoquidem
424 4390 474 4438 sine
494 4401 587 4439 auctore
605 4393 664 4438 nibil
675 4405 744 4450 egere
759 4395 822 4454 sputi
