3086 4952
229 295 272 362 66
820 289 912 354 'l'I'l'l
936 287 1051 353 LIVll

231 459 261 504 ιι.
274 455 364 504 uota
393 440 462 505 nari
569 460 699 523 ‚regem
720 437 761 502 ad
787 437 963 501 Limnoeam
984 436 1029 500 ire
1048 435 1185 521 placuitr
1217 437 1348 504 Baebius
1371 441 1468 506 restiti

231 523 299 568 Μ·
313 520 363 608 ¹.⁹.¹'
395 526 468 588 ‘'ad
509 525 669 588 ellinoeum
679 522 931 608 obpugnandum
939 531 962 584 Ρ.

232 596 273 642 Μ’·
287 597 375 642 ⁵⁰¹¹¹¹¹
438 609 530 673 XIV.
554 609 614 671 Per
628 629 682 670 eos
695 607 776 670 forte
798 605 864 669 dies
880 606 940 668 Μ’.
953 603 1075 668 ΑοὶΙίιιι
1093 605 1216 685 consul,
1231 607 1337 672 ”oum
1352 611 1462 673 decem

231 661 382 770 ‘emila
394 693 535 790 millibus
559 691 713 790 peditum,
736 691 862 754 duobus
884 689 1025 786 millibus
1045 689 1200 788 equitum,
1222 692 1402 774 quindecim
1425 695 1468 758 ele

231 787 364 898 ιιι·
396 774 1468 945 ubepuqffludm

395 946 520 1031 lippum
534 945 631 1009 venit.
675 945 825 1007 Adventu
839 941 978 1006 consulis
992 942 1110 1006 deditio
1125 943 1193 1006 sine
1214 947 1415 1010 cunctatione
1437 969 1468 1010 es

395 1031 496 1094 facua
518 1030 733 1112 tradimmque
747 1027 932 1112 praesidium
944 1027 1079 1111 regiona
1094 1035 1126 1090 et
1139 1049 1213 1090 curn
1226 1028 1265 1091 iis
1279 1031 1468 1096 Athamanes

233 1116 292 1178 ssiffl
303 1133 340 1164 τι·
396 1115 449 1178 Ab
463 1114 607 1178 Limnaea
622 1113 807 1178 Pellinaeum
822 1110 934 1175 consul
949 1111 1169 1195 proficiscitur.
1214 1113 1264 1176 Ibi
1279 1114 1374 1198 primi
1385 1117 1468 1178 Atha

231 1191 310 1241 “⁸¹‘'
396 1221 506 1262 manea
519 1199 718 1262 tradiderunt
731 1218 809 1274 sese,
824 1195 938 1260 deinde
953 1203 985 1258 et
1000 1195 1167 1280 Philippus
1177 1197 1465 1344 Mssalopolitanus

397 1284 459 1363 cui,
474 1283 638 1347 decedenti
652 1282 691 1345 de
711 1281 870 1366 pracsidio,
885 1302 985 1364 quum
1006 1279 1118 1344 obvia·
1133 1281 1213 1345 sorte
1249 1282 1348 1346 uisset
1366 1283 1468 1368 Philip

396 1389 459 1454 pus
480 1389 546 1447 rex,
560 1368 601 1431 ad
618 1366 791 1430 ludibrium
813 1365 834 1397 ⁸¹
843 1387 951 1450 regem
973 1387 1047 1428 eum
1070 1366 1260 1428 consalutari
1279 1367 1395 1451 jussit;
1417 1369 1468 1452 ips

397 1474 585 1538 congressus
611 1453 750 1530 hamam,
771 1451 859 1514 haud
886 1470 961 1512 sane
984 1449 1097 1512 decoro
1124 1451 1282 1536 majestati
1309 1473 1375 1516 suae
1400 1452 1468 1536 jocc

397 1537 575 1622 adpellavit.
618 1536 786 1600 Deductus
803 1533 877 1597 inde
900 1534 940 1597 ad
960 1533 1123 1597 consulem
1145 1535 1298 1600 custodiri
1317 1536 1468 1621 jussus,e

396 1622 484 1684 haud
497 1621 542 1684 ita
555 1619 657 1684 multo
670 1627 746 1704 post
760 1619 793 1681 in
807 1617 942 1681 vinculis
956 1619 1091 1682 Romam
1107 1619 1234 1683 missus.
1261 1629 1364 1684 cetera
1377 1622 1468 1684 multi

396 1705 475 1770 tudo
500 1706 718 1768 Athamanum
741 1711 797 1766 aut
814 1702 952 1766 militum
967 1703 1118 1766 Antiochi
1141 1705 1235 1789 regis,
1254 1726 1326 1788 quae
1351 1705 1384 1768 in
1403 1727 1468 1803 prae

397 1789 484 1852 sidiis
510 1789 689 1852 deditorum
706 1809 764 1872 per
791 1809 846 1851 eos
880 1787 948 1851 dies
978 1787 1169 1872 oppidorum
1194 1789 1307 1868 suerat,
1337 1789 1468 1874 Philipp

395 1873 653 1958 traditaregiest.
681 1871 1321 1938 suereautemadtria¹milliahominum
1364 1874 1468 1938 Consu

396 1958 557 2022 Larissam
570 1966 619 2020 est
631 1957 802 2056 profectus,
815 1956 860 2020 ibi
875 1957 915 2020 de
937 1978 1062 2020 summa
1079 1957 1154 2022 belli
1177 1958 1423 2024 consultatoria.
1451 1960 1468 2022 ir

395 2042 506 2106 itinere
521 2043 543 2074 ⁵²
555 2041 595 2105 ab
611 2042 731 2106 Pieria·
749 2049 782 2104 et
803 2041 976 2126 Metropoli
999 2041 1095 2126 legati
1116 2043 1276 2108 uadentes
1294 2042 1389 2108 urbes
1412 2065 1468 2106 sna

395 2126 614 2190 obcurrerunt.
659 2125 836 2211 Philippus,
863 2127 1080 2189 Athamanum
1102 2127 1261 2212 praecipue
1286 2129 1417 2213 captivis
1437 2129 1468 2192 in

396 2211 563 2297 dulgenter
576 2211 703 2290 habitis,
717 2221 756 2274 ut
770 2233 827 2296 per
841 2231 895 2274 eos
909 2210 1089 2274 conciliaret
1109 2220 1247 2309 gentem,
1262 2221 1376 2276 nactus
1395 2235 1468 2298 spen

395 2297 596 2361 Athamaniae
610 2296 785 2382 potiundae,
799 2295 972 2360 exercitum
987 2317 1024 2358 eo
1048 2296 1148 2374 duxit,
1163 2297 1335 2382 praemissis
1356 2297 1388 2360 in
1411 2297 1468 2360 civi

395 2389 476 2445 tates
490 2383 633 2467 captivis.
677 2382 721 2444 Et
734 2381 780 2443 illi
803 2402 952 2464 magnam
973 2380 1191 2444 auctoritatem
1211 2382 1298 2466 apud
1316 2381 1468 2466 populare

396 2467 586 2543 habuerrmt,
600 2465 831 2528 clementiame
913 2486 946 2527 se
967 2465 1050 2550 regis
1068 2465 1379 2550 munificentiamque
1399 2489 1468 2530 com

395 2559 627 2612 memorantes:
651 2557 683 2610 et
695 2549 845 2632 Amynan
868 2569 912 2627 er,
926 2549 1017 2633 cujus
1028 2551 1194 2634 praesentis
1205 2551 1352 2636 majestas
1363 2551 1468 2634 aliquo

397 2635 431 2696 in
446 2634 509 2697 fide
524 2632 743 2710 continuisset,
755 2632 875 2696 veritus
889 2655 929 2696 ne
938 2634 1115 2698 traderetur
1124 2635 1272 2720 Philippo
1281 2635 1468 2721 jampriden

396 2718 491 2796 hosti,
506 2725 538 2780 et
549 2715 828 2815 'Romanismerito
847 2721 946 2781 tunc‘
963 2729 1095 2817 propter
1116 2720 1322 2819 defectionem
1344 2721 1468 2784 infensis

396 2801 1392 2976 tlt.“tl”trtmht‘tffittthtttlttthtt
1412 2827 1468 2956 {233

396 2971 500 3036 cessit.
545 2971 677 3052 Consul,
698 2971 740 3036 ad
760 2973 929 3036 reficienda
945 2973 1080 3036 maxime
1094 2973 1252 3058 jumenta,
1267 2989 1339 3059 quai
1354 2985 1386 3040 et
1398 2977 1468 3040 navi

396 3058 533 3142 gatione,
558 3066 590 3120 et
613 3066 726 3142 postea
752 3057 919 3121 itineribus
943 3057 1073 3142 fatigata
1093 3068 1193 3138 erant,
1214 3081 1332 3145 paucos
1350 3062 1468 3126 Larissa

395 3151 537 3206 moratus
553 3142 630 3219 dies,
640 3141 728 3205 velut
741 3151 890 3206 renovato
904 3141 1028 3206 modica
1039 3143 1144 3226 quiete
1155 3145 1295 3208 exercitu
1306 3145 1468 3210 Cranoner

395 3236 445 3290 est
465 3247 652 3311 progressus
661 3237 686 3289 ¹³.
739 3226 887 3290 Venienti
911 3227 1089 3306 Pharsalus,
1115 3228 1275 3308 Scotussa,
1300 3239 1333 3293 et
1364 3231 1468 3294 Phera

396 3333 532 3408 qnaeque
546 3311 579 3373 in
593 3310 638 3373 eis
653 3309 800 3396 praesidia
814 3311 965 3375 Antiochi
976 3321 1075 3392 erant,
1091 3313 1261 3377 deduntur.
1284 3335 1322 3378 ex
1337 3314 1375 3378 iis
1391 3315 1468 3378 inter

395 3403 524 3479 rogatis,
549 3395 604 3479 qui
625 3416 752 3458 manere
775 3417 883 3459 secum
913 3396 1040 3474 vellent,
1064 3397 1149 3460 mille
1173 3399 1315 3462 volentes
1337 3399 1468 3483 Philipp

395 3479 509 3543 tradit:
544 3487 665 3543 ceteros
691 3479 827 3544 inermes
856 3481 1091 3545 Demetriadem
1118 3481 1260 3546 remittit.
1316 3483 1468 3548 Proernar

396 3563 470 3627 inde
484 3564 613 3649 recepit,
626 3563 647 3596 ⁸⁸
658 3573 691 3628 et
705 3586 777 3650 quoe
791 3565 873 3630 circa
892 3586 961 3629 eam
979 3567 1226 3632 castellaerant.
1270 3567 1396 3632 Ducere
1416 3576 1468 3633 tur

424 3729 621 3787 Poppagaondero
633 3728 647 3774 l.
660 3729 767 3789 oppida:
779 3729 851 3776 Gron.
1067 3730 1175 3791 triginti
1186 3730 1254 3776 Crev.
1268 3729 1363 3788 Kreyos.
1378 3729 1456 3776 Belli.

499 3795 510 3824 ¹
520 3797 617 3852 quatuor
629 3791 706 3838 Bell.
823 3791 1039 3916 sssffiullofilid.
1133 3791 1199 3839 ‘taor
1208 3793 1281 3839 Gron-
1290 3792 1357 3838 Creu

265 4003 297 4050 49
308 4003 347 4048 Ad
357 4002 486 4049 Pellimur
493 3999 677 4065 oppugnandas]
692 4005 842 4052 Recentioreo
874 4008 987 4061 membro,
1005 4007 1090 4055 declar
1108 4009 1208 4054 millibus
1224 4010 1330 4069 equitnm,
1342 4005 1372 4054 rh
1390 4011 1468 4056 millib

233 4066 290 4111 editi
301 4065 388 4112 habent
399 4067 431 4112 od
442 4065 572 4113 Pellinaeum
583 4069 694 4128 oppidum,
711 4077 792 4114 contra
803 4083 841 4116 ve·
875 4083 1072 4130 supervacaneum
1084 4079 1127 4126 ert,
1139 4079 1162 4118 et
1174 4071 1331 4117 recidendum.

232 4130 356 4176 tuotiorum
369 4139 391 4176 et
404 4131 470 4176 Mss.
482 4131 560 4176 tidem.
907 4133 936 4180 tl
957 4132 1051 4195 Regem]
1070 4135 1178 4194 Sigonluo
1195 4136 1228 4180 ric
1245 4135 1289 4194 legi
1303 4135 1380 4194 iussit,
1392 4143 1415 4181 et
1427 4136 1468 4181 lav«

264 4195 296 4240 50
315 4195 369 4240 Cum
385 4196 468 4255 viginti
484 4195 583 4242 mittitur
596 4191 710 4256 peditam]
729 4195 844 4256 Deposui·
876 4195 935 4242 vles
970 4199 1073 4247 Quidam
1084 4199 1136 4244 libri
1148 4199 1209 4244 male
1221 4199 1428 4259 habuereregium.

233 4261 378 4320 murvtgtatt
393 4273 435 4318 pro
450 4260 524 4306 dem
541 4271 570 4304 ex
583 4259 642 4305 Vict,
660 4259 746 4312 codice.
757 4267 782 4304 et
792 4259 841 4304 ovi·
906 4260 939 4306 52
963 4262 1001 4307 Aa
1023 4263 1102 4309 Pierio
1128 4272 1151 4308 ct
1175 4259 1308 4321 Metropoli]
1344 4263 1405 4320 hege
1434 4277 1468 4308 cur

233 4322 298 4366 denti
322 4323 419 4368 ratione.
455 4323 519 4370 Dum
538 4323 601 4368 enim
622 4323 725 4380 legiones
744 4323 845 4369 babebat
875 4321 981 4383 Sigania.
1000 4325 1084 4371 Piollo.
1119 4326 1172 4371 Vid.
1185 4333 1234 4371 not.
1247 4325 1319 4374 wod
1332 4326 1435 4371 xxxii.
1453 4327 1468 4372 li

232 4385 356 4438 consulet
367 4401 446 4446 parem
464 4401 587 4434 numerum
600 4387 704 4446 peditum
722 4386 843 4432 sociorum.
908 4387 940 4434 bb
957 4389 989 4435 Et
1000 4403 1049 4449 qu
1060 4391 1122 4434 ciros
1138 4405 1188 4436 eon
1203 4386 1309 4449 cartello]
1328 4389 1413 4436 Merito
1425 4392 1468 4436 del

235 4445 404 4496 firmatorium
416 4451 545 4510 Appianas.
580 4449 608 4496 ln
626 4451 728 4510 eoquod
740 4450 844 4510 requitur
876 4452 1009 4499 Gronovius
1020 4467 1099 4498 rocem
1110 4467 1166 4499 eon.
