3086 4952
452 326 540 390 LlB.
563 325 705 392 XXXV.
734 327 830 394 cAP.
853 327 966 395 XXX.
1335 337 1377 400 25

117 477 339 557 eratemittit.
384 475 447 556 lui,
468 475 525 540 ubi
551 476 661 540 hostes
685 475 805 558 adesse,
831 485 864 542 et
886 499 906 542 a
929 478 995 543 suis
1019 480 1358 552 udeserrosuonoo

114 564 275 640 videnmt
296 560 406 660 primo
427 561 461 624 iu
485 567 588 624 casua
610 561 673 624 reci
713 582 747 624 re
771 583 805 626 se
826 563 932 627 eonati
958 571 1055 628 eunte
1086 566 1211 646 deinde,
1224 568 1251 614 Α·
1264 569 1290 615 0·
1304 567 1356 617 1⁰²

114 653 452 746 postquammstmeta
461 645 544 710 aeies
554 647 677 710 totaAc
748 647 1064 727 rumadmovebatru,
1072 658 1161 714 metu
1170 673 1211 715 ne

115 753 188 796 cum
201 731 283 817 ipsis
292 730 406 794 matris
421 737 618 814 saperentru,
633 729 723 815 sequi
738 751 869 796 suorum
882 753 996 817 agmen
1011 733 1210 818 aliquantum

114 837 330 902 pmgressum
356 815 521 878 insistunt.
578 814 749 900 Extemplo
777 815 898 880 oaetrati
932 817 1125 883 theeomm
1152 820 1209 884 'in

114 911 216 964 naama
229 901 381 986 inpetum
393 898 514 964 faciunt
529 905 568 962 et'
576 899 768 984 diripiuut¹²3
790 900 885 964 oeteri
908 901 949 964 ad
972 904 1208 986 persequendos

115 986 222 1049 hostes
237 985 284 1048 ire
297 992 448 1069 pergunt.
491 983 572 1047 Erat
585 983 645 1047 iter
663 983 735 1061 tale,
748 1005 806 1068 per
848 985 913 1049 uod
926 985 980 1050 vix
1000 987 1207 1070 tranquillum

114 1069 155 1134 ab
168 1069 279 1133 hostili
293 1076 384 1132 metu
398 1089 512 1153 agmen
520 1067 660 1152 expediri
673 1076 791 1153 posset.
826 1005 882 1134 lit
890 1091 965 1134 vero
977 1070 1019 1134 ad
1028 1080 1205 1155 postremos
1219 1087 1334 1134 funditus
1353 1150 1357 1159 Ι

113 1154 263 1238 prmlium
279 1161 388 1217 ortum
402 1161 461 1231 est,
475 1152 654 1236 clamorque
668 1151 815 1216 terribilis
829 1173 848 1216 a
861 1160 951 1239 tergo
962 1156 1148 1254 paventium
1164 1158 1206 1220 ad
1217 1153 1267 1210 ‘5¹¹⁸
1281 1165 1369 1199 ‘'mc'‘

113 1238 218 1322 prima
241 1239 335 1322 signa
358 1245 407 1300 est
429 1236 580 1322 perlatus,
626 1257 662 1300 ro
686 1257 720 1300 se
745 1236 890 1322 quisque,
904 1259 998 1302 armas
1012 1239 1153 1325 abjectis,
1171 1241 1205 1305 in
1218 1222 1263 1262 ¹¹¹²

114 1323 334 1408 circumjectas
354 1321 460 1384 itineri
481 1319 575 1384 silvas
596 1259 779 1405 longinus
805 1331 1029 1406 momentoque
1053 1325 1206 1410 temporis

115 1417 219 1554 ξιιμ
233 1427 397 1554 mgdmm
411 1405 638 1554 septqlviaqult,
651 1403 932 1552 mpsimebastin
974 1429 1036 1504 use,
1047 1409 1143 1492 pleroe
1165 1431 1206 1507 ue

114 1513 285 1661 101,ΞΞΞΞ
299 1491 1207 1724 ΞΞΞΞΞΞΞΞΞΞΞΞΞΞἭΞΞΞΞΞ

109 1660 221 1744 jussis,
238 1663 261 1742 (‘
269 1659 381 1744 utique
396 1658 664 1757 emmnequitibqs
684 1659 771 1722 baud
791 1659 915 1724 facilem
965 1667 1069 1724 tiuam
1083 1662 1203 1746 fugam)

114 1765 183 1892 ipse
197 1745 324 1842 graisim
338 1764 455 1829 agmen
464 1763 516 1808 vra
523 1750 698 1841 patentiore
712 1744 754 1806 ad
763 1743 918 1808 Eurotam
926 1765 1051 1808 amnem
1063 1745 1205 1810 deduxit

114 1851 126 1891 1

173 1837 286 1892 oastm
295 1828 357 1892 sub
372 1848 520 1892 oooasum
539 1827 614 1891 sobs
635 1827 758 1912 positis,
772 1827 873 1892 levem
895 1837 1096 1909 armaturam,
1109 1851 1205 1914 quam

114 1913 155 1976 ad
180 1913 436 2012 persequendum
459 1911 628 1996 reliquerat
652 1913 788 1990 bostem,
810 1913 1042 1998 opperiebatur.
1070 1915 1125 1998 qui
1150 1913 1206 1978 ubi

113 1996 1012 2167 fflle‘lfflblffiblffiffi
1032 1999 1206 2167 elau

115 2188 183 2230 sam
207 2166 318 2250 vagari
343 2165 436 2244 saltu,
459 2185 592 2263 corpora
612 2186 721 2228 curare
744 2187 798 2230 eos
816 2165 920 2250 jubet.
946 2167 1015 2250 ipse
1040 2187 1080 2231 ex
1102 2176 1207 2230 cetera

112 2251 212 2336 eopia
231 2250 371 2314 militum
387 2249 463 2334 (qui,
476 2271 551 2348 quia
565 2249 685 2334 priores
704 2249 738 2312 in
759 2259 862 2314 eastra
875 2259 1038 2327 venerant,
1051 2251 1160 2314 refecti
1174 2258 1207 2312 et

113 2335 188 2400 oibo
213 2341 333 2412 sumto,
359 2343 391 2397 et
411 2335 533 2398 modios
559 2334 666 2418 quiete
693 2335 795 2412 erant)
821 2333 969 2410 delectos,
990 2333 1071 2394 nihil
1091 2341 1208 2416 praeter

113 2420 238 2518 gladios
253 2439 361 2482 seeum
376 2418 519 2498 serentes,
530 2416 692 2502 extemplo
701 2415 818 2494 educit,
829 2423 862 2480 et
877 2415 1029 2480 'duarum
1044 2424 1207 2502 portamur

112 2503 294 2582 itineribus,
309 2525 381 2587 quae
396 2503 524 2583 Pheras,
539 2523 674 2586 quaeque
688 2501 940 2565 Barbosthenem
954 2501 1071 2580 serunt,
1086 2522 1140 2566 eos
1158 2501 1207 2564 in-

114 2589 251 2668 struxit3
273 2609 337 2687 qua
359 2609 399 2652 ex
420 2589 497 2672 suga
517 2595 700 2672 recepturos
720 2607 790 2650 sese
808 2587 916 2652 hostes
937 2586 1093 2652 credebat.
1137 2587 1207 2650 Nec

113 2695 186 2738 eum
203 2673 312 2758 opimo
325 2671 444 2736 fefellit.
473 2693 548 2736 nam
562 2671 805 2750 Leoedaemonii,
820 2671 926 2755 quoad
947 2671 1028 2735 lucis
1050 2671 1208 2756 superfuit

113 2758 301 2842 quidquam,
312 2757 410 2822 deviis
425 2755 559 2820 callibus
573 2755 678 2820 medio
692 2755 776 2819 saltu
784 2777 818 2820 se
832 2754 1026 2840 recipiebant
1033 2765 1056 2820 ⁰.
1101 2755 1207 2820 Primo

111 2864 244 2928 vespere
258 2851 296 2905 ut
310 2841 432 2906 lumina
456 2841 490 2904 in
513 2841 624 2905 eastris
649 2839 791 2904 hostium
814 2861 1016 2924 oonspexere,
1038 2861 1057 2903 e
1079 2840 1207 2924 regione

112 2949 224 2990 eonun
238 2927 373 2990 occultis
388 2925 509 2990 semitis
524 2947 558 2990 se
572 2933 762 2989 tenuerunt:
784 2923 842 2987 ubi
856 2945 894 2987 ea
913 2933 989 2987 sunt
1008 2923 1175 3008 praegressi
1183 2934 1207 3002 Ρ,

108 3013 175 3096 jam
191 3020 301 3076 tutum
314 3011 385 3090 rati,
399 3011 433 3074 in
447 3017 593 3096 patentes
607 3009 675 3074 vias
689 3008 931 3074 descenderunt.
960 3007 1004 3070 ibi
1025 3008 1149 3091 excepti
1167 3008 1207 3071 ab

113 3097 273 3160 insidente
294 3097 387 3160 hoste
411 3095 532 3180 passim
552 3095 598 3158 ita
620 3093 714 3158 multi
737 3091 812 3158 cresi
836 3113 873 3156 oa
895 3091 983 3176 tique
1005 3099 1091 3169 sunt,
1106 3091 1208 3154 utvix

113 3189 229 3265 quarta
249 3201 324 3265 pare
339 3180 379 3244 de
399 3188 468 3243 toto
492 3179 632 3244 exuoitu
653 3179 796 3242 evaserit.
840 3113 1071 3276 PXilopoemem
1086 3175 1208 3238 incluso

112 3275 253 3350 tyrsum
267 3265 302 3328 in
325 3264 448 3342 urbem,
461 3263 665 3362 insequentes
687 3263 755 3327 dies
774 3283 875 3348 prope
964 3261 971 3275 '
997 3269 1030 3324 ta
1043 3259 1205 3324 vastandis

113 3351 199 3436 agris
220 3349 388 3414 hennum
408 3348 574 3427 absumsit,
588 3347 822 3431 debilitatisque
844 3367 880 3410 ae
903 3367 1003 3431 prope
1028 3345 1136 3408 fractis
1155 3353 1205 3430 ty-

112 3434 207 3500 ranni
227 3433 361 3513 viribus,
383 3433 515 3498 domum
535 3432 639 3513 rediit,
663 3430 863 3517 aequantibus
885 3452 959 3494 eum
982 3429 1082 3515 gloria
1101 3451 1207 3493 rerum

301 3608 316 3638 ὓ
326 3609 350 3651 et
359 3605 471 3665 diripient
482 3604 528 3650 del.
540 3604 608 3651 Crev.
735 3606 749 3637 ⁰
759 3602 932 3662 recipiebantur
944 3600 1020 3647 Bell.

218 3667 447 3729 Putipraetergressl
458 3683 485 3714 ea
496 3674 548 3714 auat
560 3668 633 3714 Gron.
645 3663 714 3713 Creu.
747 3667 787 3713 abi
794 3667 917 3727 pragnesi
927 3671 979 3712 runt
990 3679 1017 3711 sa
1030 3663 1106 3710 reik.

145 3817 162 3865 Ι
179 3817 209 3864 1·
226 3823 306 3863 entra
320 3817 426 3876 byrsae
438 3812 548 3876 foetent:
565 3812 647 3876 reteri]
666 3815 730 3862 uerti
763 3815 839 3863 ditum
850 3815 1043 3863 ministraretur
1056 3815 1142 3864 Livius·

114 3889 165 3940 put
177 3877 309 3940 rtsaea'at
320 3879 426 3926 inserunt
438 3879 730 3940 duuvoeeuedu'n'pint
795 3879 811 3926 4
829 3877 939 3941 'Utique
954 3881 1012 3927 entra
1031 3875 1154 3942 equitibus]
1172 3879 1244 3926 lubet
1255 3877 1373 3938 ruiiopoe·

115 3945 160 3992 sea
169 3945 219 3990 iu·
230 3951 255 3990 et
267 3943 328 3989 mle
335 3957 402 3990 ner·
413 3949 468 3989 aunt
476 3957 530 3989 eum
539 3943 731 4003 procedentibus,
762 3957 818 3990 men
829 3944 954 3990 auxiliares
970 3957 1024 3990 ruo·
1041 3943 1128 3990 inaure
1144 3943 1286 4003 metentibus
1298 3940 1371 3986 boati-

116 4023 157 4054 aet
167 4021 210 4054 eas
221 4008 284 4053 allas
292 4021 306 4052 e
315 4006 472 4053 Gronovlrnis
485 4007 551 4054 MSS.
563 4007 675 4066 agnoscit,
684 4021 731 4053 non
763 4009 815 4064 bas,
834 4013 858 4053 et
877 4007 974 4054 conflue
992 4021 1032 4054 eos
1050 4007 1151 4054 saetmor
1168 4021 1245 4068 operte
1262 4004 1372 4064 pretium,

116 4071 175 4119 ree.
196 4085 244 4118 non
264 4069 362 4116 Hamil
381 4071 449 4117 codd.
468 4085 516 4118 nou
535 4071 636 4118 Anum
651 4069 731 4118 editio.
763 4085 836 4130 quum
858 4069 913 4131 t'ugs
934 4085 976 4132 per
997 4072 1074 4132 sylves
1095 4071 1195 4118 dinen·
1216 4069 1295 4115 neura
1311 4073 1372 4112 erret

117 4135 202 4195 ltaque
211 4135 327 4182 delendos
339 4133 458 4180 darlmua
763 4134 871 4181 omnibus
890 4135 984 4195 quldem
1001 4135 1115 4190 bortlbar,
1127 4135 1168 4180 aed
1186 4131 1287 4179 maxim
1304 4129 1371 4188 equi·

146 4199 164 4246 8
179 4201 292 4246 Adsum
302 4195 419 4259 adnue]
438 4197 543 4244 Adversa
554 4199 621 4244 hasta
632 4197 732 4257 intelllgi
764 4199 835 4244 tibur.

116 4263 186 4308 aeter
204 4277 234 4308 ea
253 4277 308 4321 qu·
325 4262 360 4308 lta
373 4261 419 4308 rita
436 4270 479 4317 sar,
493 4269 518 4306 ut
532 4260 621 4307 terram
631 4259 732 4322 oledat
795 4263 812 4308 b
829 4263 844 4294 ⁰
853 4261 956 4308 Dm
964 4257 1093 4322 prtem]
1112 4259 1182 4307 Urbis
1192 4255 1371 4304 bacedemoulr.

117 4325 200 4386 linque
222 4326 325 4372 aenan
344 4327 449 4372 mur
467 4327 538 4372 boeto
554 4333 610 4371 aunt
627 4339 661 4371 ea
679 4339 732 4384 qu·
764 4325 905 4372 Pmritlerat
919 4325 1079 4385 l’hilopoemsn
1090 4329 1221 4382 repetentes
1232 4320 1313 4365 urbem
1327 4319 1371 4366 la-

117 4389 205 4436 umero
221 4391 247 4435 in
267 4397 354 4434 terram
371 4388 434 4435 ferro
448 4389 548 4434 eadunt:
566 4398 637 4446 atque
656 4401 685 4434 er
704 4387 732 4433 ila
764 4402 834 4435 eones
845 4389 945 4448 pardus
956 4389 1057 4434 maxime
1068 4386 1272 4432 itineraveuturor
1289 4397 1347 4438 ease,
1358 4397 1373 4428 a

117 4453 149 4498 rie
159 4461 250 4500 temere
261 4453 286 4499 in
300 4459 386 4499 temen
398 4451 494 4498 fortuito
504 4466 559 4498 earu
571 4451 650 4498 lubria
660 4451 732 4497 efflei·
764 4453 855 4498 duabus
868 4451 1040 4499 ame-monn
1049 4447 1121 4510 portia
1132 4447 1219 4495 Pheres
1232 4447 1371 4495 Barbosthe-

117 4525 154 4564 m
170 4517 211 4563 ills
222 4517 304 4576 imago
314 4517 436 4576 eujusdam
448 4516 512 4563 rehu
522 4515 585 4572 valli,
596 4529 644 4576 quo
658 4515 734 4575 lupe·
765 4529 866 4576 nemque
877 4514 982 4563 terenda
