3094 4954
204 285 267 350 160

766 281 857 345 'rm
887 282 1001 348 LIVII

204 452 235 499 u.
246 451 273 497 c.
285 449 339 496 aaa
369 427 509 494 arietis¹
537 437 647 492 terror.
669 435 701 490 et
719 427 822 512 primo
844 429 957 514 inpetu
973 429 1037 492 fusi
1059 428 1145 492 Galli
1166 435 1253 508 sunt,
1270 433 1357 491 etex
1371 427 1458 512 agris

204 515 273 563 Μ·
286 513 337 564 ¹⁸9·
368 513 599 578 concurrebant
623 512 834 597 pabulatores,
857 523 890 576 et
915 514 1056 598 undique
1079 512 1191 577 obvius
1221 511 1323 576 bostis
1353 512 1458 577 Gallis

369 607 452 662 erat:
475 606 513 661 ut
526 619 565 661 ne
580 597 688 682 fugam
703 597 832 680 quidem
851 597 974 662 facilem
994 607 1049 662 aut
1070 606 1174 661 tutam
1196 597 1360 675 haberent,
1381 597 1460 681 quia

367 683 548 747 recentibus
575 681 665 765 equis
695 681 832 746 Romani
860 682 960 746 sessos
988 682 1211 766 sequebantur.
1255 682 1352 746 Pauci
1380 703 1456 766 ergo

369 769 557 852 effugerunt.
594 774 706 864 captus
720 773 768 828 est
782 787 894 830 nemo:
917 766 1017 851 major
1031 767 1133 831 multo
1151 787 1226 851 pars
1247 766 1337 851 ”per
1359 767 1457 828 fidem

368 852 476 917 violati
495 851 654 934 conloquii
671 871 782 935 poenas
804 859 906 914 morte
929 851 1067 916 luerunt.
1111 850 1257 928 Romani,
1271 851 1457 914 ardentibus

370 936 416 1000 ira
430 936 553 1014 animis,
611 943 695 998 atero
709 935 760 998 die
773 935 922 998 omnibus
936 935 1036 1034 copiis
1049 937 1090 1000 ad
1103 936 1227 999 hostem
1240 935 1440 1020 perveniunt.

413 1021 541 1084 XXVI.
593 1020 705 1084 iduum
726 1029 840 1084 natum
860 1027 978 1083 monus
1000 1019 1140 1106 persei
1164 1041 1235 1084 sum
1253 1019 1456 1104 exploranda,

370 1127 411 1170 ne
421 1105 499 1189 quid
507 1104 607 1251 ἰέιιοῐί
618 1111 711 1181 esset,
722 1104 878 1168 absumsit
888 1105 1008 1168 consul.
1028 1105 1121 1168 tertio
1156 1105 1193 1183 'e,
1201 1125 1302 1188 quum
1314 1103 1455 1188 auspicio

370 1211 498 1275 operam
535 1188 661 1267 edisset,
676 1189 789 1252 deinde
807 1189 999 1268 inmolasset,
1023 1189 1056 1254 in
1071 1197 1207 1273 quatuor
1219 1197 1324 1273 partes
1340 1187 1456 1250 divisas

370 1274 476 1358 copias
490 1273 613 1337 educit:
628 1273 707 1336 duas
720 1281 758 1336 ut
769 1273 873 1337 medio
888 1281 996 1338 monte
1009 1273 1147 1352 duceret,
1161 1273 1240 1336 duas
1253 1272 1293 1336 ab
1305 1272 1456 1335 lateribus

371 1367 408 1421 ut
418 1359 567 1422 adversus
581 1379 699 1421 cornua
710 1357 903 1422 Gallorume
922 1359 928 1372 '
969 1367 1028 1422 ret.
1072 1357 1224 1422 Hostium
1236 1358 1322 1441 quod
1334 1356 1455 1420 roboris

370 1451 447 1522 erat,
474 1441 641 1540 Tectosagi
669 1450 701 1506 et
727 1442 853 1506 Trocmi
879 1444 961 1506 me'
1043 1443 1194 1507 tenebant
1221 1441 1329 1520 aciem,
1358 1441 1457 1504 millia

369 1527 535 1590 bominum
564 1525 803 1610 quinquaginta.
846 1527 1023 1610 equitatum
1053 1527 1139 1612 (quia
1165 1547 1319 1610 equorum
1346 1525 1455 1590 nullus

369 1611 453 1674 inter
466 1611 637 1694 inaequales
650 1632 746 1695 rupes
763 1631 842 1674 usus
857 1616 965 1694 erate)
986 1611 1027 1676 ad
1036 1612 1133 1698 pedes
1147 1611 1330 1690 deductum,
1345 1611 1456 1674 decem

369 1695 467 1758 millia
495 1695 671 1772 hominum,
697 1695 738 1757 ab
766 1695 876 1758 dextro
903 1696 1086 1760 locaverunt
1121 1717 1229 1760 cornu.
1280 1696 1457 1759 Ariarathis

370 1779 575 1863 Cappadoces
590 1786 623 1842 et
637 1779 658 1810 ⁹⁴
670 1778 775 1842 Morzi
787 1779 952 1844 auxilius:
966 1781 999 1844 in
1014 1781 1094 1844 loevo
1112 1789 1248 1880 quatuor
1265 1780 1362 1844 ferme
1384 1780 1457 1842 mil-

369 1862 448 1925 lium
463 1883 631 1926 uumerum
646 1862 826 1948 explebant.
870 1863 1002 1945 Consul,
1025 1865 1108 1930 sicut
1126 1887 1159 1930 sn
1182 1865 1323 1963 Olympo
1337 1873 1457 1944 monte,

369 1947 472 2032 prima
485 1947 519 2010 in
534 1947 599 2011 acie
613 1947 716 2010 locata
728 1947 790 2011 levi
804 1957 973 2030 armatura,
991 1949 1127 2015 telorum
1148 1972 1251 2015 omnis
1274 1949 1398 2034 generis
1418 1959 1456 2012 ut

369 2051 459 2115 seque
484 2053 599 2116 magna
622 2032 670 2094 vis
693 2031 734 2095 ad
757 2053 889 2096 manum
909 2043 1003 2115 esset,
1023 2035 1155 2100 curavit.
1198 2035 1265 2099 Ubi
1285 2033 1457 2120 adpropin-

370 2125 518 2199 quarunt,
533 2115 640 2180 omnia
652 2116 762 2180 eadem
772 2117 942 2202 utrimque,
954 2141 1026 2204 quae
1036 2121 1161 2184 merant
1173 2119 1321 2205 inpriore
1334 2119 1477 2204 proelio‚·

369 2210 460 2264 erant
481 2208 597 2285 praeter
621 2201 753 2282 animos,
770 2211 803 2266 et
824 2202 997 2268 victoribus
1017 2205 1057 2269 ab
1078 2227 1112 2268 re
1131 2205 1270 2268 secunda
1283 2212 1402 2282 auctos,
1424 2213 1457 2266 et

369 2285 516 2350 hostibus
536 2285 672 2350 fractos:
696 2287 780 2370 quia,
802 2287 862 2351 etsi
882 2311 948 2353 non
972 2289 1034 2376 ipsi
1047 2289 1123 2354 victi
1144 2297 1242 2368 erant,
1267 2310 1333 2352 suae
1352 2289 1457 2386 gentis

369 2369 536 2434 hominum
558 2371 679 2434 cladem
693 2393 752 2456 pro
768 2393 826 2436 sua
840 2373 1007 2439 ducebant.
1043 2373 1149 2459 itaque
1171 2395 1190 2436 a
1211 2373 1340 2459 paribus
1359 2373 1457 2438 mitiis

370 2462 474 2538 coapta
486 2475 536 2517 res
551 2455 698 2518 eumdem
714 2456 836 2520 exitum
851 2458 972 2523 babuit.
1015 2459 1113 2523 Velut
1126 2459 1228 2524 nubes
1247 2458 1365 2522 levium
1379 2458 1458 2522 telo-

369 2559 441 2600 rum
470 2538 613 2621 conjecta
635 2538 742 2602 obruit
770 2540 869 2605 aciem
900 2543 1075 2608 Gallorum.
1111 2566 1170 2608 nec
1193 2551 1249 2607 aut
1274 2565 1457 2629 procurrere

369 2621 538 2703 quisquam
561 2621 601 2684 ab
625 2622 790 2687 ordinibus
811 2625 888 2706 suis,
910 2649 950 2692 ne
964 2629 1121 2692 nudarent
1133 2629 1274 2712 undique
1287 2649 1403 2714 corpus
1416 2627 1458 2692 ad

369 2703 462 2782 ictus,
485 2704 665 2769 audebant:
688 2715 720 2770 et
744 2715 874 2788 amntes,
896 2733 960 2796 quo
983 2714 1142 2778 densiores
1161 2723 1259 2791 erant,
1280 2715 1341 2778 hoc
1356 2713 1458 2797 plura,

369 2786 486 2886 {³velut
503 2788 696 2854 destinatum
715 2794 910 2876 petentibus,
923 2797 1054 2862 vulnera
1075 2799 1280 2884 accipiebant.
1325 2797 1458 2876 Consul,

364 2892 433 2957 Jam
456 2893 514 2958 per
537 2895 571 2938 se
595 2875 731 2940 turbatis
753 2877 781 2941 si
806 2878 967 2965 legionum
991 2883 1081 2968 signa
1100 2883 1298 2962 ostendisset,
1312 2903 1458 2948 versurus

370 2958 528 3055 ertemplo
552 2959 586 3024 in
608 2960 717 3110 fuq'am
737 2985 847 3028 omnes
868 2973 967 3046 ratus,
987 2968 1122 3052 receptis
1140 2969 1223 3032 inter
1242 2967 1369 3032 ordines
1382 2967 1460 3030 veli-

369 3042 457 3106 tibus
470 3052 502 3106 et
517 3045 577 3108 alia
592 3053 645 3108 tur
668 3069 687 3110 a
700 3049 899 3129 auxiliorum,
913 3051 1011 3114 aciem
1025 3053 1194 3136 promovit.

413 3128 560 3194 XXVII.
585 3129 680 3210 Galli,
703 3141 735 3195 et
762 3135 913 3198 memoria
934 3137 1199 3201 Tolistoboiorum
1224 3137 1323 3201 cladis
1347 3137 1459 3215 territi,

371 3219 403 3274 et
427 3211 615 3308 inhamntia
638 3217 823 3314 corporibus
843 3229 988 3317 gerentes
1011 3222 1083 3300 tela,
1101 3222 1238 3306 fessique
1252 3231 1285 3285 et
1300 3222 1414 3286 stando
1427 3231 1461 3286 et

369 3295 564 3375 vulneribus,
586 3319 626 3360 ne
649 3321 788 3384 primurn
807 3305 935 3386 qurdem
949 3305 1094 3390 inpetum
1108 3315 1140 3370 et
1153 3307 1322 3370 clamorem
1344 3307 1461 3370 Roma-

369 3401 485 3477 norum
499 3380 651 3447 tulerunt.
696 3385 786 3470 Fuga
800 3389 840 3450 ad
854 3397 956 3452 eastra
974 3390 1145 3455 inclinavit.
1182 3391 1239 3455 sed
1260 3392 1354 3476 pauci
1375 3391 1461 3454 intra

370 3473 567 3560 munimenta
582 3477 673 3531 sese¹¹
688 3491 848 3555 recepere:
863 3495 936 3558 pars
951 3475 1060 3560 major,
1071 3477 1181 3539 dextra
1189 3477 1331 3560 laevaque
1344 3475 1366 3510 ’⁶
1377 3497 1460 3560 prae-

369 3547 436 3626 lau,
458 3569 521 3632 qua
536 3571 694 3636 quemque
707 3554 834 3640 inpetus
848 3559 932 3637 tulit,
952 3559 1112 3644 fugerunt.
1142 3561 1286 3640 victores,
1301 3581 1403 3642 usque
1419 3561 1461 3624 ad

370 3639 472 3695 cestra
497 3636 607 3715 secuti,
628 3638 809 3704 ceciderunt
832 3649 937 3726 terga:
961 3645 1073 3708 deinde
1095 3644 1130 3708 in
1155 3645 1266 3709 castris
1285 3645 1460 3729 cupiditate

393 3717 487 3813 rsedae
515 3719 687 3801 haeserunt,
708 3745 767 3787 nec
797 3727 988 3810 sequebatur
1015 3730 1196 3814 quisquam.
1240 3731 1281 3794 In
1308 3728 1461 3792 cornibus

404 3799 456 3862 alh
482 3801 602 3868 diutius
631 3815 797 3904 stetenmt
819 3811 893 3894 quia
922 3812 1022 3876 serius
1045 3815 1086 3878 ad
1110 3835 1164 3878 eos
1184 3823 1374 3900 perventum
1400 3821 1462 3878 est.

369 3891 509 3948 ceterum
538 3909 578 3951 ne
607 3911 747 3974 primum
775 3895 904 3978 quidem
931 3897 1110 3982 conjectum
1137 3899 1273 3962 telorum
1304 3897 1459 3962 aderunt.

429 3999 436 4038 ¹
447 4022 462 4054 a
472 4010 537 4056 vieti:
548 4012 572 4058 ts
584 4014 680 4060 miore:
692 4014 768 4063 aaut.
897 4025 918 4054 Ν
927 4027 977 4068 erut
988 4023 1047 4069 teter
1058 4023 1180 4084 impote:
1191 4039 1258 4085 rupee
1268 4039 1322 4072 aaa:
1333 4025 1395 4072 aad.

799 4085 813 4114 ¹¹
823 4096 847 4129 ae
859 4083 931 4130 Gran.
944 4085 1012 4132 Cres.

238 4177 271 4224 98
288 4177 406 4254 {ersten
417 4183 496 4230 violati
507 4185 612 4246 colloquii
621 4184 713 4248 pusca]
731 4189 815 4237 Poenu
879 4194 911 4241 aa
932 4195 997 4242 Velut
1016 4195 1154 4262 destinates:
1173 4197 1316 4262 peteruibas]
1346 4201 1461 4248 Romania

207 4239 316 4298 colloquii
334 4242 472 4306 interposita
489 4247 536 4294 tide
552 4247 715 4298 fraudulenter
726 4253 814 4300 violati.
847 4262 960 4318 tanquam
971 4259 1001 4305 ad
1013 4273 1109 4320 scopum
1121 4263 1168 4309 tels
1181 4264 1346 4324 dirigentibus.
1380 4267 1461 4314 Desti-

208 4301 246 4347 δῖε
258 4303 273 4347 l.
287 4303 305 4350 1.
317 4319 337 4351 c.
349 4307 469 4369 &persar
479 4312 583 4370 aefldm
593 4315 687 4374 decepti·
847 4326 925 4368 actua:
936 4321 975 4368 hic
987 4323 1166 4384 intelligendum
1178 4335 1214 4372 ert
1225 4343 1311 4388 κομι.

206 4425 222 4469 ¹·
238 4365 530 4490 {illiamwflwbiiwd
557 4377 631 4423 Docet
647 4391 677 4424 ex
695 4377 814 4454 Strabonis
881 4383 1038 4460 oo'pmhn]
1067 4388 1160 4450 mm,
1186 4389 1249 4450 fug·
1276 4399 1363 4452 pum
1385 4401 1463 4438 mm

290 4461 295 4473 ·
405 4468 411 4490 2
454 4439 539 4499 mutus
556 4439 662 4488 Horren:
681 4441 752 4490 forne
773 4445 815 4492 Ρ..
848 4448 928 4494 251,st

264 4503 351 4539 sonum
362 4509 451 4556 regem,
723 4529 727 4536 .
