3108 4982
790 263 890 386 riri
907 315 1022 386 mvn

197 487 226 542 υ.
236 487 264 536 c.
276 485 331 541 ert.
357 465 514 535 exercitus
528 466 666 546 temnit,
680 466 772 535 obliti
785 465 944 546 obsidum,
959 463 1070 531 relicta
1086 464 1176 544 urbe,
1190 465 1224 530 in
1239 465 1309 532 loce
1320 467 1449 536 munite

197 550 263 608 Μ·
278 550 331 602 1⁸¹·
358 559 392 616 et
415 559 540 616 montes
563 552 756 650 refugerunt
800 550 979 636 Philippus,
992 549 1081 616 omni
1139 570 1213 616 nere
1236 550 1353 616 laboris
1380 553 1449 618 sine

360 635 427 703 ullo
449 636 564 701 effectu
593 635 731 720 fatigetis
764 633 930 712 militibus,
962 642 996 700 et
1029 633 1099 698 trun
1192 635 1315 700 rectoris
1351 637 1448 702 Didae

359 719 461 794 euciis
474 719 508 784 in
523 719 625 784 filium
638 719 883 804 suspicionibus,
897 717 1118 784 Macedonium
1190 718 1235 786 ''t-

405 804 540 878 XXIII.
573 803 695 868 Missus
715 803 769 871 hio
793 823 909 882 comes,
936 804 985 884 (ut
1012 810 1086 868 onte
1113 802 1234 868 dictum
1259 804 1320 885 est)
1343 825 1448 888 quum

362 888 596 973 simplicitatem
606 887 733 972 juvenis
754 886 884 964 meane,
904 894 937 950 et
956 886 1022 950 suis
1042 887 1130 952 haud
1147 885 1292 954 inmerito
1311 907 1448 954 succen-

363 973 472 1052 sentis,
487 971 681 1042 sdsentsndo
695 971 953 1055 indignandoque
963 979 997 1036 et
1008 970 1076 1054 ipse
1087 970 1187 1036 vicem
1200 969 1276 1054 ejus,
1290 980 1448 1055 captaret,

362 1055 397 1120 in
411 1057 518 1122 omnia
531 1057 615 1122 ultro
630 1075 721 1126 suam
739 1056 923 1122 obferenso
963 1076 1042 1133 rem,
1056 1055 1119 1120 fide
1137 1055 1219 1132 dsta,
1239 1075 1353 1120 means
1374 1055 1448 1140 ejus

362 1141 479 1206 elicuit.
522 1141 646 1226 Fugam
668 1140 709 1202 ed
739 1141 899 1206 Romanos
1013 1137 1111 1204 etrins
1138 1138 1354 1202 meditabatur.
1391 1142 1449 1204 cui

361 1225 492 1290 consilio
521 1225 647 1310 odjutor
673 1223 780 1290 Detim
797 1223 951 1290 beneficio
967 1223 1092 1288 oblatus
1117 1223 1280 1288 videbstur
1304 1222 1449 1290 Pseonioe

384 1317 488 1387 metor,
502 1331 560 1394 per
573 1309 665 1394 cujus
688 1307 883 1394 provinciam
906 1329 995 1392 spem
1018 1315 1143 1392 ceperst
1157 1306 1237 1372 elsbi
1254 1313 1326 1372 tuto
1338 1329 1449 1392 posse.

360 1331 436 1460 iicc
459 1393 627 1460 consilium
650 1392 809 1477 extemplo
832 1399 866 1458 et
889 1391 978 1456 fratri
998 1391 1153 1540 proditur,
1174 1397 1216 1468 et,
1239 1399 1368 1458 suctcre
1396 1415 1448 1474 eo,

360 1478 519 1544 indicetur
532 1478 625 1562 petri.
658 1477 774 1546 Literoe
787 1476 926 1560 primum
937 1477 1006 1540 ado
1029 1475 1182 1541 sidentem
1194 1475 1319 1540 Petrum
1331 1476 1448 1542 sdlstoe

361 1571 447 1628 sunt.
470 1563 543 1626 inde
560 1562 762 1629 Ηιιοάοιιιιι
778 1560 898 1645 (prince
921 1560 1183 1626 shicamicorum
1194 1559 1350 1624 Demetrii
1364 1565 1446 1644 erat)

235 1663 273 1696 me
284 1649 333 1695 τίω
361 1646 394 1712 in
409 1645 585 1710 custodiam
600 1653 649 1708 est
661 1644 834 1728 confictus,
846 1653 880 1708 et
927 1645 1076 1710 emetrius
1091 1643 1325 1712 dissimulanter
1339 1645 1448 1710 adser-

210 1729 223 1758 ''
275 1727 317 1822 ⁰2·
361 1730 428 1794 vari
443 1729 565 1813 jussus.
609 1729 691 1798 Hoee
708 1726 807 1813 ¹super
826 1735 929 1794 cetera
944 1729 1068 1796 tristem
1087 1729 1258 1794 adventmu
1276 1728 1311 1792 in
1335 1729 1449 1794 Mece-

198 1854 221 1886 m
297 1854 332 1887 ur.
361 1813 488 1876 doniam
563 1813 758 1886 'fecerunt¹
772 1813 944 1882 movebant
964 1835 1038 1878 eum
1060 1821 1092 1878 et
1110 1813 1279 1898 presentis
1296 1813 1448 1880 criminer

361 1917 456 1982 exspe
553 1918 589 1962 cs
600 1905 717 1974 tamen,
732 1918 813 1981 quos
827 1897 868 1964 od
877 1898 1070 1983 exploranda
1083 1897 1190 1964 omnia
1203 1899 1337 1964 Rumam
1352 1899 1448 1962 mise-

360 1981 598 2150 ttrrrtt
626 1981 1085 2152 terrereris-”st
1107 1989 1304 2145 stem
1311 1982 1449 2151 tte

363 2151 466 2216 Rom
478 2089 710 2230 renuncisirent,
723 2159 889 2216 venerunt.
910 2151 976 2236 qui,
991 2172 1087 2250 super
1096 2159 1198 2216 ceters
1211 2151 1338 2229 scelere,
1351 2151 1449 2216 inisse

363 2235 458 2303 etiam
480 2235 597 2314 literas,
612 2235 703 2321 signo
725 2235 902 2300 adulterino
919 2237 958 2305 T.
973 2235 1116 2304 Quinctii
1138 2235 1287 2320 signetcs,
1301 2236 1450 2302 reddide-

362 2329 439 2386 runt
452 2320 528 2406 regi.
580 2319 799 2406 ”Deprecatio
823 2329 890 2388 erat
911 2320 947 2388 in
969 2319 1078 2398 literis,
1102 2319 1130 2387 si
1153 2319 1232 2404 quid
1254 2320 1449 2400 adolescens,

363 2405 535 2490 cupiditate
548 2405 637 2490 regni
655 2405 832 2490 prolapsus,
850 2427 958 2474 secum
976 2405 1101 2490 egisset.
1127 2406 1205 2470 sitii
1218 2425 1283 2470 eum
1302 2405 1451 2470 cdcerm

362 2510 484 2554 mrum
506 2509 682 2571 qumquem
700 2489 881 2569 secturus:
905 2509 999 2571 oeque
1023 2510 1090 2554 euos
1109 2509 1174 2554 sere
1192 2509 1266 2567 esse,
1283 2491 1335 2572 qui
1355 2492 1451 2555 ultius

362 2575 439 2654 inpii
463 2575 582 2639 consilii
604 2578 711 2636 auctor
727 2572 858 2653 fistunu
875 2575 975 2640 uideri
987 2575 1097 2656 pessit.
1142 2573 1205 2638 Hae
1228 2574 1326 2640 literae
1350 2573 1449 2640 fidem

364 2655 469 2720 Persei
496 2655 681 2720 criminibus
712 2656 864 2722 fecerunt
924 2658 1036 2742 Itaque
1065 2657 1260 2737 Herodorus,
1288 2659 1449 2744 externplo

362 2739 418 2806 din
432 2739 639 2818 excruciatus,
654 2738 722 2802 sine
735 2740 851 2807 indicio
864 2741 910 2806 rei
924 2743 1021 2808 ullius
1034 2743 1069 2806 in
1081 2743 1248 2810 tormentis
1261 2743 1407 2810 moritur.

221 2825 350 2900 ennete·
405 2824 533 2892 xxlv.
555 2823 755 2896 Demetrium
773 2825 888 2892 iternm
910 2827 951 2890 sd
998 2835 1097 2893 utrem
1120 2827 1278 2892 mousseit
1303 2827 1449 2894 Perseus.

200 2904 242 3000 ηιξ,
261 2901 331 3000 232¹
362 2909 438 2995 fuga
451 2931 508 2996 per
518 2909 679 3008 Pecuniam
693 2918 870 2995 proeparatc
884 2849 1085 2995 negociatur,
1099 2918 1131 2978 et
1142 2931 1244 3010 ecnru
1267 2912 1293 2974 ti
1307 2911 1449 2996 quidem,

223 3017 228 3028 ·
272 3047 279 3064 .
363 3002 401 3062 nt
425 2994 555 3060 comites
577 3003 698 3060 struens
719 3003 843 3074 essent3
864 2995 999 3060 maxime
1022 2995 1108 3060 scisse
1128 2995 1227 3063 irteree
1280 2997 1449 3063 .Quinctii

364 3081 553 3164 urguebunt.
580 3079 660 3146 nihil
674 3087 780 3146 temen
799 3079 904 3164 palem
931 3079 1058 3164 grsvius
1081 3080 1327 3164 pronunciatum
1348 3082 1389 3144 de
1410 3103 1449 3146 ec

364 3173 423 3242 est,
443 3173 480 3228 ut
501 3165 574 3228 dolo
595 3164 703 3250 potius
722 3164 965 3230 interficeretur:
987 3185 1047 3228 nec
1068 3163 1101 3230 id
1116 3185 1192 3232 curs
1204 3164 1315 3250 ipsius,
1330 3166 1388 3230 sed
1408 3187 1450 3232 ne

440 3247 541 3331 aejus
564 3248 695 3312 consilia
717 3249 867 3314 adversus
881 3250 1041 3314 Romanos
1059 3249 1202 3315 nudaret
1245 3249 1299 3314 Ab
1313 3251 1450 3314 Thessa-

363 3268 489 3396 met
504 3331 738 3396 Demetriadem
752 3333 814 3417 ipsi
829 3355 929 3418 quum
948 3333 1008 3398 iter
1028 3340 1121 3411 esset,
1141 3333 1357 3399 *numum*
1379 3335 1451 3398 Pes·

363 3415 445 3482 onim
460 3414 659 3480 Demetrium
682 3415 781 3482 mittit
803 3439 876 3482 oum
898 3418 1008 3482 eodem
1022 3417 1136 3482 comite
1160 3418 1255 3496 Dide,
1266 3418 1285 3448 ⁸¹
1298 3419 1450 3486 Ροιιιιιιιι

363 3497 425 3565 Am
449 3499 593 3584 hipolim,
607 3499 648 3565 ed
662 3499 787 3566 obsides
801 3503 961 3566 Threcum
975 3503 1042 3566 ecci
1065 3502 1184 3566 iendos.
1205 3502 1394 3586 digredienti
1408 3503 1450 3568 ab

363 3603 396 3646 se
445 3583 505 3651 idae
519 3585 668 3650 mandata
689 3585 813 3649 dedisse
836 3586 952 3650 dieitur
975 3587 1015 3650 de
1054 3587 1095 3650 iio
1119 3586 1300 3655 occidendo.
1344 3587 1452 3654 Sacri·-

363 3666 470 3737 ficium
485 3668 526 3734 ab
542 3669 627 3734 Dida
645 3690 701 3736 seu
725 3669 919 3749 institutum,
934 3691 991 3736 sen
1012 3671 1195 3737 simulatum
1219 3679 1277 3736 est.
1304 3671 1346 3736 ad
1359 3672 1453 3756 quod

515 3801 662 3854 ‘Hermen
673 3806 746 3852 Grcn.
873 3811 889 3840 ¹
904 3806 1061 3853 machelm
1072 3807 1144 3853 Groo.
1156 3807 1224 3856 cres.

642 3873 657 3902 Ι
667 3872 780 3922 Asterium
792 3869 864 3916 Grco.
882 3871 1005 3917 AEstraesss
1017 3871 1084 3917 cres.

230 3977 262 4031 79
279 3977 413 4036 Deprecatio
424 3981 508 4026 meis
521 3977 617 4041 titteris]
636 3981 664 4028 io
676 3981 705 4028 iis
720 3981 804 4028 titteris
836 3982 933 4029 flmnsnt
959 3984 1098 4043 scriptorum
1126 3983 1277 4042 antiquorum
1306 3983 1449 4032 testimonis.

197 4042 334 4104 preesbstur
351 4041 378 4088 Τ.
394 4041 506 4092 Quintius
523 4057 610 4102 regem.
631 4052 656 4092 ut
673 4045 804 4106 ignosceret
837 4045 893 4092 Vid.
913 4047 975 4094 ctsr.
996 4047 1111 4092 iisrduin.
1131 4047 1161 4092 sd
1183 4047 1245 4092 Piin.
1266 4047 1280 4093 i.
1302 4047 1343 4094 tv.
1365 4061 1385 4094 e.
1410 4047 1448 4096 10.

199 4104 326 4162 Demetrio,
338 4105 357 4151 si
369 4105 426 4166 qnid
444 4105 578 4152 adolescens
598 4109 725 4168 eupiditate
737 4109 803 4168 regni
837 4109 896 4156 viee
909 4111 992 4166 rodes,
1005 4119 1030 4155 nt
1042 4118 1067 4156 et
1082 4111 1161 4170 scripti
1174 4111 1303 4170 Sigonisni,
1315 4111 1449 4158 Assem.-

197 4169 318 4230 prolapsus
331 4183 409 4216 secum
421 4170 506 4230 egisset
524 4171 553 4216 de
570 4185 642 4230 regno
659 4171 714 4217 clim
727 4173 802 4231 sdipt·
837 4174 901 4220 unde
921 4173 1031 4233 Sigonius
1053 4175 1099 4234 legi
1119 4176 1221 4234 iusserat
1242 4177 1366 4220 Asterien.
1400 4175 1450 4224 Sed

196 4235 290 4278 scendo.
308 4233 466 4293 Apposuimus
478 4233 650 4284 distinctionem
662 4249 714 4294 qne
726 4235 805 4282 finiret
837 4237 956 4284 Asterium
970 4238 1097 4284 Thessalia
1108 4249 1151 4292 est,
1163 4251 1210 4284 non
1225 4237 1330 4283 Peonioe.

196 4309 291 4344 sensrmn
308 4307 360 4358 post
377 4298 428 4344 hue
446 4299 516 4343 serta
533 4313 606 4346 seesss
623 4301 725 4358 egisset.-
748 4299 804 4358 quis
868 4301 897 4348 ct
916 4297 1448 4362 Persesssduptipotin]01imsdi³tiiipps-

196 4359 324 4409 nobishoc
343 4363 413 4408 modo
427 4362 563 4410 concinnior
580 4361 629 4408 sore
648 4363 722 4408 cestio
733 4363 800 4410 side·
831 4365 907 4424 potios.
933 4363 1033 4410 Mutavit
1052 4365 1161 4423 Sigonius
1180 4379 1209 4410 ss
1231 4365 1341 4410 Prisciani
1362 4366 1377 4412 l.
1391 4366 1448 4414 vlt.

196 4424 270 4468 betur.
834 4427 874 4473 ubi
887 4427 936 4474 hnc
950 4428 1209 4475 Liriirerbseitsotur.
1245 4427 1339 4474 Medius
1352 4445 1449 4492 quoque

227 4485 259 4533 ω
275 4487 399 4535 AEstraessr
416 4487 528 4552 Paeosiae]
555 4491 591 4538 Sis
608 4497 663 4538 vett.
681 4489 753 4538 editi:
777 4497 802 4538 st
834 4499 933 4538 testetur
945 4491 969 4538 io
981 4491 1122 4538 membrsnis
1133 4491 1415 4552 suislegiAsrptr'pstiss.
