3098 4958
461 337 552 411 Lm.
574 342 704 412 xL111.
740 347 836 415 CAP.
864 349 942 416 Vll.
1303 345 1366 422 tsi

106 493 231 572 liceret,
260 492 423 579 petebant.
467 495 490 528 ¹⁸
503 489 594 558 Hoc¹
623 495 842 581 Lampsaceni,
871 494 1065 582 ”octoginta
1093 501 1200 586 pondo
1214 505 1281 554 uc.
1294 507 1347 554 ⁶⁸²

102 600 261 642 coronam
276 577 463 656 adferentes,
484 577 645 664 petebant,
660 589 951 660 commemorantes,
972 585 1155 648 Ducoedeae
1168 607 1200 650 ae
1215 571 1242 617 Α·
1254 571 1281 618 ⁰·
1294 571 1346 626 ¹⁷⁰·

108 685 131 726 a
146 665 269 738 Peraea,
279 669 443 744 poeiqssam
455 663 610 726 Romame
624 667 775 728 enacim
789 667 822 728 in
836 667 1050 730 Macedoniam
1061 672 1199 750 amiraei,

108 767 203 829 praem
217 748 272 810 nai
285 747 399 810 ditione
412 748 529 824 Persei,
550 753 580 810 et
599 755 670 811 ante
684 751 820 830 Philippi
832 750 976 830 fieieseut.
1019 754 1084 816 Pro
1104 775 1148 833 ec,
1169 761 1200 818 et

108 831 194 912 quod
205 831 437 912 imperatoribus
450 831 597 894 Romanis
615 835 716 895 omnia
729 836 955 914 pertineant,
977 837 1013 898 id
1028 855 1061 899 ae
1082 844 1199 902 tantum

110 935 213 993 orare,
236 921 271 978 ai
292 917 325 978 ia
345 917 513 978 amicitiam
527 917 633 996 papali
647 915 777 980 marani
792 921 1018 999 reciperentur:
1041 927 1081 998 et,
1094 925 1122 984 ei
1129 943 1199 1003 poa

111 1019 181 1062 aum
197 1000 306 1062 Peraea
313 998 416 1079 fieret,
432 1001 651 1080 exciperentur,
673 999 695 1032 ¹²
703 1021 741 1064 aa
754 1003 788 1065 ia
801 1005 917 1084 rapiam
925 1009 1107 1084 patestatem
1120 1008 1198 1069 reai-

103 1089 257 1164 pacietur
264 1091 296 1146 Ν.
340 1083 462 1146 Ceteris
476 1083 588 1168 legatis
604 1083 735 1148 comiter
745 1107 794 1148 res
839 1107 950 1166 nsum;
965 1089 1197 1174 Lampsacenos

110 1167 146 1230 iu
173 1167 331 1230 sociorum
360 1167 528 1231 formulam
556 1168 670 1232 referre
701 1169 742 1234 Q.
807 1171 908 1234 cenius
937 1181 1054 1255 praetor
1075 1173 1197 1258 jussus.

109 1272 243 1314 munera
257 1251 406 1314 omnibus
421 1251 453 1315 in
468 1251 609 1336 singulos
624 1251 735 1316 binim
750 1254 884 1318 millium
903 1256 974 1318 aeris
998 1257 1080 1320 data
1123 1258 1197 1321 Ala-

109 1329 287 1398 bandenses
302 1344 392 1398 scuta
405 1346 563 1420 reportare
579 1337 619 1399 ad
633 1337 672 1400 A.
684 1337 858 1401 Hostilium
869 1339 1030 1402 consulem
1040 1341 1074 1403 in
1089 1341 1197 1405 Mace-

109 1419 237 1482 doniam
248 1419 341 1503 jussi.
384 1420 429 1482 Et
442 1435 482 1483 ex
495 1421 602 1484 Africa
616 1422 711 1506 legati
726 1423 748 1455 ²⁸
757 1422 852 1485 simul
869 1423 1195 1508 Karthaginiensium,

109 1503 239 1566 ”tritici
253 1503 355 1566 decies
369 1513 496 1568 centum
509 1505 608 1568 millia
620 1515 653 1569 et
665 1505 805 1570 ”hordei
830 1507 1003 1592 quingenta
1022 1508 1195 1573 indicantes

103 1607 145 1652 se
161 1587 201 1649 ad
221 1609 307 1650 mare
321 1589 447 1652 devecta
461 1589 586 1667 habere,
601 1599 648 1669 ut,
663 1611 727 1674 quo
742 1599 870 1654 senatus
885 1593 1068 1671 censuisset,
1083 1594 1195 1678 depor-

106 1679 225 1734 tarent.
267 1673 316 1734 Id·
324 1693 429 1736 maus
448 1675 632 1758 afficiamque
645 1695 732 1737 auam
746 1678 825 1739 scire
838 1678 937 1739 mirra
949 1697 1022 1754 esee,
1037 1697 1126 1758 qaam
1133 1699 1196 1758 pra

106 1757 227 1818 meritis
234 1758 342 1837 papuli
355 1759 485 1820 Romam
499 1765 529 1822 et
542 1761 694 1822 autumate
707 1781 782 1823 aea:
804 1760 824 1790 ⁸¹
835 1761 891 1822 sed
902 1779 980 1841 sape
1001 1762 1089 1840 alias,
1111 1762 1196 1825 bonis

109 1843 144 1903 ia
157 1841 246 1904 rebus
258 1843 414 1923 utriusque
422 1844 538 1924 populi,
553 1863 586 1906 ae
596 1849 756 1924 pratorum
762 1843 958 1926 fideliumque
966 1847 1080 1908 sociiim
1092 1867 1195 1909 maae-

5 1941 6 1952 ’
107 1925 192 1988 ribus
206 1924 432 2004 sanctarenae.
485 1927 567 1990 Item
595 1927 773 1990 Masinissae
797 1927 902 2012 legati,
929 1929 1024 1992 tritici
1052 1930 1194 1993 eamdem

108 2031 267 2072 summam
293 2009 435 2094 polliciti,
461 2019 495 2074 et
522 2011 607 2074 mille
637 2019 669 2074 et
696 2013 849 2075 ducentos
871 2012 1002 2096 equites,
1027 2013 1194 2077 duodecim

107 2093 310 2177 elephantos:
333 2103 375 2172 et,
391 2095 417 2158 si
432 2095 509 2178 quid
523 2096 609 2158 aliud
622 2117 704 2180 opus
719 2105 810 2174 esset,
825 2096 873 2158 uti
882 2107 897 2136 ¹¹
918 2096 1086 2181 imperaret
1104 2119 1194 2162 sena-

108 2186 182 2240 tus:
205 2199 294 2261 aeque
309 2201 466 2263 propenso
481 2181 597 2258 animo,
611 2191 669 2242 ac⁰
690 2201 762 2263 quae
785 2181 854 2264 ipse
872 2181 955 2242 ultro
968 2181 1128 2265 pollicitus
1142 2183 1193 2260 sit,

107 2270 334 2347 praestaturum
347 2285 425 2327 esse.
459 2263 578 2327 Gratiae
594 2273 626 2326 et
642 2264 746 2326 Karth
788 2263 960 2327 ‘niensibus
972 2272 1004 2327 et
1016 2264 1081 2348 regi
1097 2273 1193 2344 actm3

107 2347 282 2495 ffigatiplue,
297 2355 334 2411 ut
342 2369 394 2496 (alea,
407 2349 740 2517 qripprpotllicgeepatpr,
796 2348 970 2496 ῌοίῐιὶἰὶιιιέι
986 2348 1147 2496 cfisrnrpsulppln
1160 2349 1194 2412 in

149 2451 380 2496 aceomame
507 2456 528 2496 ιι
690 2453 829 2495 rssnsrn
886 2453 922 2496 os
958 2453 991 2494 ru
1060 2453 1104 2495 ms
1139 2455 1195 2496 um

108 2515 180 2578 aeris
195 2537 326 2579 munera
339 2455 445 2580 miliia.
829 2453 852 2516 g

151 2600 229 2662 Vll.
252 2599 453 2664 Cretensium
475 2601 597 2686 legatis,
622 2602 951 2682 commemorantibus,
975 2623 1018 2681 se,
1039 2609 1195 2686 quantum

108 2683 171 2747 sibi
193 2683 380 2769 imperatum
404 2707 422 2748 a
444 2687 478 2749 P.
491 2686 613 2750 Licinio
636 2687 765 2750 consule
789 2695 871 2750 esset
896 2687 1138 2772 sagittariorum,
1160 2687 1194 2750 in

109 2767 330 2832 Macedoniam
344 2771 477 2849 misisse,
491 2793 590 2854 quum
605 2771 787 2856 interrogati
802 2793 866 2835 non
880 2772 1103 2851 inficiarentur,
1114 2769 1198 2854 apud

108 2854 223 2916 Peraea
244 2855 388 2934 majorem
410 2875 565 2918 nummum
578 2857 818 2937 capitiarius-um,
835 2877 924 2937 qaam
937 2857 1021 2936 apud
1032 2858 1194 2932 Rauracos,

107 2939 252 3016 militare,
264 2959 453 3023 responsum
468 2947 533 3006 ests
557 2941 593 3002 Si
618 2941 773 3002 C'reiersm
796 2941 867 3002 irene
889 2961 927 3002 ac
945 2942 1087 3020 paaaiier
1103 2941 1196 3002 desti-

107 3029 219 3084 nareni
233 3024 385 3102 potiorem
401 3025 509 3104 papali
529 3024 670 3100 Romani,
692 3044 782 3104 paam
799 3025 880 3104 repis
893 3025 1009 3100 Persei,
1029 3023 1196 3086 amicitiam

107 3106 229 3183 iaiere,
250 3113 387 3170 amdam
408 3127 522 3188 qaoque
544 3109 713 3170 &monam
737 3109 787 3184 iia,
811 3113 964 3187 tamquam
983 3109 1074 3168 certis
1094 3107 1195 3184 socii,

106 3209 283 3270 responsam
308 3192 450 3254 daiarm
476 3211 548 3254 ease.
599 3193 721 3254 Interea
755 3192 934 3253 mactarent
968 3192 1041 3266 aaa,
1070 3191 1196 3271 placere

107 3275 237 3352 ammai,
260 3275 335 3338 dare
357 3295 480 3356 operam
499 3277 665 3353 Cretenses,
687 3281 732 3353 at,
750 3294 824 3356 qaae
836 3275 947 3338 milites
961 3274 984 3306 ’¹
996 3276 1195 3356 turaspra·

139 3415 147 3456 ¹
158 3420 213 3471 eii.
225 3431 248 3472 ei
260 3425 355 3486 lireyss.
369 3425 446 3472 Bekis.
584 3430 606 3460 ὓ
617 3427 741 3474 reciderent
750 3425 815 3474 aaa
955 3429 970 3458 ¹²
981 3430 1006 3472 si
1018 3423 1089 3472 Gran.
1100 3424 1167 3471 cres.

363 3493 377 3522 ⁰
385 3496 408 3538 ei
421 3489 515 3550 Kreyss.
528 3487 604 3535 sess.
769 3495 783 3534 i
794 3491 855 3537 inter
862 3488 934 3536 Gran.

141 3639 174 3686 ii
190 3639 241 3686 liae
249 3637 410 3701 Lampsaceni]
429 3639 502 3687 Beate
509 3639 654 3686 Gronovius:
673 3639 723 3687 ilas
754 3639 827 3686 Vetus
839 3637 1050 3698 exemplsrhsbult
1061 3639 1233 3700 qunquaginta.

107 3711 131 3751 et
142 3703 298 3764 Lampsaceni.
785 3702 815 3749 ³1
835 3703 880 3748 Sed
889 3716 947 3760 sapa
958 3698 1029 3762 alias]
1049 3701 1105 3748 lissa
1115 3715 1171 3748 esne
1189 3715 1272 3762 pamm
1287 3701 1364 3749 colre-

140 3767 172 3813 aa
191 3767 311 3828 Octoginta
320 3763 404 3830 panda]
418 3767 550 3814 lisrcssum
559 3765 723 3813 l'ssisiensium
755 3773 807 3811 rent
818 3764 908 3811 rumis
919 3779 972 3824 ques
983 3765 1123 3824 precedunt.
1141 3765 1229 3812 'l'smen
1241 3779 1363 3826 possumus

108 3831 164 3878 irs.
754 3829 787 3875 iss
804 3829 917 3888 scripere,
936 3835 962 3874 ut
982 3828 1187 3888 carthaginienses
1209 3827 1362 3876 rnediocritstl

140 3894 171 3948 n
188 3894 226 3941 Ne
247 3896 271 3940 in
292 3895 378 3955 regiain
400 3900 534 3954 patrimon
555 3889 721 3954 reciperentur]
753 3905 877 3938 munerum
886 3905 981 3938 suorum
992 3891 1045 3937 ideo
1057 3907 1119 3940 nuuc
1130 3893 1297 3951 ignoscendum
1308 3906 1361 3938 aen·

108 3959 173 4016 laegs
183 3971 237 4004 eum
249 3957 367 4004 Gronovio
379 3959 513 4005 reciderent.
753 3964 827 4009 mot,
838 3956 901 4014 quoi
912 3969 973 4015 sepe
990 3955 1054 4010 siiss,
1072 3971 1145 4016 quum
1156 3958 1223 4002 boue
1234 3963 1310 4002 essem
1327 3968 1364 4000 res

140 4021 172 4067 28
189 4019 273 4082 Sinni]
292 4021 414 4080 Superius
425 4021 515 4076 sacaln,
527 4021 564 4066 rel
580 4035 632 4080 qus
644 4019 722 4079 potius
754 4019 875 4078 utriusque
897 4019 985 4079 popuii,
1002 4017 1107 4066 idalium
1129 4019 1243 4066 sociorsm
1261 4015 1363 4064 olliclsun

107 4085 197 4130 iudicet
217 4085 324 4144 pluscula
342 4085 464 4131 excidisse.
499 4084 626 4131 Fortsssiss
652 4085 723 4145 iegati
754 4083 852 4138 slscrios
863 4083 1025 4142 impleverintr
1043 4097 1106 4128 nunc
1117 4095 1190 4142 quum
1204 4081 1296 4126 solliciti
1308 4093 1363 4138 age·

108 4149 175 4194 siessi
187 4149 407 4208 Carthaginiensises
421 4155 444 4195 et
456 4149 586 4195 Masinissa
596 4152 722 4194 ament:
755 4153 807 4192 rent
817 4148 846 4193 ab
858 4145 985 4192 herentem
997 4146 1064 4192 lateri
1075 4144 1231 4198 Masinissam,
1244 4143 1303 4189 nihil
1313 4157 1363 4189 sm·

108 4212 338 4272 Carthaginiensisss,
351 4213 424 4257 tritici
434 4217 476 4259 stc.
754 4210 816 4269 plius
827 4223 878 4256 sese
889 4223 956 4268 posse
967 4217 1082 4269 prestere.

140 4275 173 4322 29
191 4275 273 4320 Tritici
283 4276 356 4322 decise
367 4281 455 4322 senisse
466 4271 550 4334 niiiia]
569 4273 660 4334 Nempe
672 4287 723 4318 mo·
786 4273 818 4319 ii
836 4273 902 4319 intra
917 4273 1025 4332 presidis
1043 4268 1115 4334 regie]
1134 4270 1171 4316 Sic
1190 4267 1266 4328 prims
1285 4267 1365 4325 edisio,

107 4338 181 4384 iiim.
218 4337 309 4384 licitos
326 4345 442 4385 nostrates
461 4335 720 4398 psaloplusiiodii.
754 4343 813 4383 teste
833 4336 945 4390 liesrnio,
964 4335 1047 4381 melius
1070 4347 1148 4394 quam,
1169 4339 1195 4376 at
1217 4331 1365 4388 mensiones,

107 4401 197 4450 Hordei
226 4404 350 4463 quingenta
379 4401 453 4448 millis
478 4401 590 4448 madiam.
630 4399 722 4446 iiadios
755 4401 814 4446 inter
828 4401 945 4460 presidis.
978 4399 1031 4445 vii.
1044 4405 1091 4444 nat.
1105 4397 1136 4444 ia
1148 4395 1178 4442 sd
1197 4393 1213 4440 l.
1225 4393 1365 4444 lllllllilll.

107 4473 222 4512 carentes
234 4465 287 4525 plus
297 4463 407 4520 isonia
755 4475 774 4509 c.
788 4461 824 4510 ll.

138 4527 172 4576 ³⁰
188 4530 277 4576 Hordei
298 4525 433 4590 psingenta]
463 4529 602 4590 Casuentus
625 4525 722 4586 Sicanii.
