3118 5002
170 371 234 436 306
762 365 856 430 ΤΙΤΙ
887 365 1002 432 LIVII

172 529 238 578 ttc.
250 528 306 583 ott
377 515 440 581 IX.
462 514 637 580 Provinciae
661 513 786 594 deinde,
808 535 881 598 quae
897 514 937 578 in'
953 513 1038 578 bello
1052 521 1152 594 erant,
1167 513 1313 578 Sardinia
1326 521 1422 598 atque

172 593 306 647 “⁰³⁷2
335 599 430 666 latria
457 601 601 664 decretae.
645 599 685 662 ln
713 599 890 663 Sardiniam
920 599 992 663 duae
1020 599 1160 683 legiones
1189 599 1284 663 scribi
1301 598 1421 684 jussae3

174 705 304 753 ttxerettue
334 685 433 834 quina
446 685 544 749 millia
557 685 590 748 in
605 683 747 769 singulas
762 691 795 748 et
809 683 924 747 duceni
938 683 1070 768 pedites,
1089 683 1213 782 treceni.
1227 683 1368 766 equites3
1390 693 1422 746 et

357 770 503 834 uodecim
515 769 613 832 millia
625 769 770 854 pedituin
785 767 942 832 sociorum
956 788 993 830 ec
1007 767 1114 831 Latini
1128 768 1275 846 nummis,
1294 775 1327 830 et
1352 789 1422 830 sex-

335 855 420 920 centi
443 876 460 918 e
483 853 575 932 uites,
596 861 629 917 et
650 853 758 916 decem
788 852 1031 936 quinqueremes
1056 871 1163 930 naves,
1184 853 1206 884 ⁴⁸
1215 852 1242 916 si
1267 852 1422 915 deducere

335 960 375 1004 ex
400 960 462 1002 nav
494 938 564 1002 'bus
591 937 695 1001 vellet
738 937 952 1000 'l'antumdem
1045 936 1126 999 'tum
1154 936 1361 1020 equitumque
1389 937 1421 998 in

337 1023 475 1101 Istriam,
504 1030 660 1106 quantum
689 1021 723 1084 in
752 1019 939 1100 Sardiniam,
990 1029 1140 1084 ecretum.
1194 1021 1239 1084 Et
1265 1021 1422 1105 legionem

335 1129 433 1172 uuam
448 1129 522 1170 cum
536 1106 696 1192 equitibus
711 1105 870 1184 trecentis,
884 1115 916 1168 et
930 1105 1070 1188 quinque
1090 1104 1187 1168 millia
1204 1105 1348 1190 peditum
1372 1125 1422 1168 so-

337 1192 468 1272 ciorum,
483 1200 515 1256 et
530 1192 683 1255 ducentos
719 1189 928 1274 uinquaginta
946 1189 1102 1252 “mittere
1120 1189 1242 1273 equites
1256 1190 1290 1252 in
1305 1189 1349 1252 Hi
1408 1227 1423 1240 -

337 1277 422 1340 niam
446 1277 591 1340 consules
615 1277 656 1340 ed
719 1275 901 1340 ‚Titinium
922 1274 1016 1359 jussi.
1061 1273 1248 1358 Priusquam
1276 1295 1354 1336 cons
1389 1294 1422 1336 es

337 1361 514 1448 provincias
536 1361 732 1438 sortirentur,
754 1359 898 1444 prodigia
920 1358 1070 1422 nunciata
1092 1368 1177 1421 sunt.
1221 1358 1375 1443 Lapidem
1389 1357 1422 1420 in

338 1468 413 1531 agro
427 1445 634 1510 Crustumino
647 1445 681 1508 in
695 1445 799 1508 lacum
815 1443 930 1506 Martis
951 1444 990 1506 de
1009 1443 1088 1507 coelo
1106 1443 1264 1506 cecidisse.
1308 1443 1330 1474 ‘⁸
1342 1443 1423 1506 Pue-

337 1553 410 1595 rum
422 1532 528 1629 trunci
542 1529 681 1614 corporis
696 1529 730 1591 in
745 1549 820 1613 agro
835 1529 980 1626 Romanq
995 1537 1116 1607 nutum,
1133 1527 1423 1626 etnquadrupedem

337 1611 1017 1762 intercurrerunt
1029 1614 1101 1760 itt
1116 1612 1329 1760 diditi„
1343 1611 1423 1760 {tii

339 1783 428 1848 Inter
451 1783 530 1861 hoec,
554 1804 626 1866 qute
650 1781 892 1861 nunciabantur,
915 1782 1013 1866 lupus
1033 1782 1128 1846 etism
1154 1781 1264 1845 Romae
1285 1781 1424 1844 interdiu

337 1867 485 1952 agitatus,
500 1887 600 1950 quum
615 1865 740 1930 Collina
752 1875 844 1951 porta
858 1866 1016 1946 iumasset,
1027 1887 1085 1952 per
1094 1867 1294 1965 Esquilinam
1307 1887 1424 1951 magno

338 1951 588 2016 consectantium
611 1951 753 2016 tumultu
776 1951 885 2017 evasit.
929 1949 1051 2016 Ecmm
1074 1951 1290 2037 prodigiorum
1314 1971 1425 2014 caussa

337 2035 483 2102 consules
511 2037 646 2122 majores
674 2033 794 2100 hostias
821 2035 1026 2115 inmolarunt,
1053 2045 1086 2100 et
1109 2035 1193 2100 diem
1219 2056 1320 2100 unum
1343 2035 1425 2098 circa

338 2121 445 2187 omnia
468 2121 645 2222 pulvinaria
672 2121 860 2208 supplicatio
884 2121 955 2185 fuit.
998 2121 1165 2186 Sacrificiis
1189 2120 1249 2184 rite
1266 2119 1424 2206 perfectis,

338 2206 515 2292 provincias
539 2207 642 2271 sortiti
667 2216 761 2270 sunt:
785 2205 919 2271 Claudio
946 2205 1049 2286 Istria,
1075 2206 1262 2290 Sempronio
1280 2205 1426 2270 Sardinia

339 2292 477 2358 obvenit
520 2291 543 2326 ‘⁸
553 2293 672 2379 Legem
687 2291 759 2356 dein
775 2291 835 2355 deb
848 2290 940 2356 sociis
952 2289 990 2354 Ο.
1001 2291 1155 2355 Claudius
1170 2291 1266 2354 tulit⁶
1282 2297 1425 2354 senatus·

339 2377 494 2456 consulto,
508 2385 541 2441 et
554 2378 669 2442 edixitt
691 2379 744 2460 qai
757 2379 833 2440 sccii
847 2397 884 2440 oc
897 2377 1026 2440 mnne
1042 2377 1159 2454 Latini,
1178 2377 1238 2460 ἐμοὶ
1260 2376 1426 2457 mqp'oreeve

338 2482 452 2540 conten,
475 2463 524 2526 M.
547 2463 684 2540 Giorsdio,
710 2463 744 2525 T.
768 2463 906 2534 Quinctio
929 2461 1109 2540 oenems'but,
1128 2468 1256 2544 postque
1279 2481 1326 2539 ea,
1344 2461 1428 2542 epod

338 2548 435 2609 socios
457 2547 586 2609 nmnins'e
609 2547 716 2609 Latini
739 2547 820 2608 cerui
841 2553 948 2624 essent,
970 2551 1005 2610 nt
1028 2567 1129 2610 omnes
1146 2549 1180 2610 ie
1197 2567 1283 2610 ntum
1302 2548 1426 2628 ptusque

339 2631 491 2692 muitaim
508 2635 579 2692 onte
595 2630 753 2692 Kalendas
775 2629 983 2694 Novembrett‘1
1003 2631 1148 2695 redirent.
1192 2631 1346 2709 Quaestio,
1369 2630 1425 2714 qui

338 2711 383 2776 ita
397 2733 461 2776 non
475 2711 640 2792 redissent,
662 2711 700 2776 L.
712 2713 871 2777 Mummio
885 2715 1014 2799 praetori
1028 2715 1153 2780 decreta
1167 2723 1225 2780 est.
1261 2716 1303 2780 sd
1322 2715 1425 2800 legem

339 2803 372 2860 et
397 2797 538 2860 edictum
566 2797 706 2861 consulis
730 2799 1043 2864 senatusconsultum
1065 2799 1226 2886 adjectum
1254 2809 1321 2865 est:
1358 2803 1427 2864 “ut

479 2952 585 3007 bdeiude
596 2957 738 3020 coniunctim
750 2958 823 3006 Gron.
951 2962 1028 3009 cedd.
1040 2977 1067 3010 es
1079 2961 1173 3022 Kreyss.
1187 2961 1264 3009 seit.

742 3018 900 3072 “Novembris
911 3024 977 3073 Cres.

177 3160 249 3222 quod.
260 3175 334 3221 quum
344 3160 384 3208 ille
395 3160 464 3210 scribi
476 3159 583 3218 soluerit,
599 3163 654 3210 einis
664 3177 708 3210 ses
718 3168 784 3218 esset,
821 3163 853 3210 tn
870 3163 969 3210 dictator
980 3193 986 3206 .
998 3193 1005 3208 .
1017 3193 1024 3206 .
1036 3193 1042 3208 .
1052 3169 1138 3222 prater
1154 3163 1195 3223 qai
1213 3176 1272 3209 asae
1286 3167 1346 3208 esset
1360 3162 1426 3222 φά

178 3225 304 3272 maluimus
313 3225 380 3284 sequi
390 3225 519 3284 Dujstlnm.
529 3225 569 3284 qui
578 3225 685 3272 observat
695 3225 784 3272 memu-
810 3222 896 3285 seru.
913 3240 977 3288 ques
993 3228 1198 3272 mutuantur.
1230 3227 1279 3272 Nos
1294 3239 1424 3286 repreasen-

177 3288 269 3335 iamin
286 3288 443 3364 pactionibus
458 3287 592 3346 huiusmodi
603 3297 720 3347 receptam
732 3289 783 3336 exi·
816 3297 892 3336 tamus
912 3297 1015 3336 veterem
1033 3290 1104 3350 huius
1120 3289 1165 3336 ioci
1182 3290 1313 3345 lectionem,
1329 3291 1424 3348 qualem

178 3359 592 3462 tinnimentum
610 3409 688 3473 ..nn
712 3414 784 3464 ate
816 3351 1423 3476 mtttttttttirt‘tlibttt:

179 3490 234 3524 nam
253 3477 293 3524 illa
310 3477 425 3524 dubitatio
442 3475 494 3523 esti
511 3483 553 3523 aut
568 3489 608 3522 our
619 3475 692 3522 nollet
703 3477 784 3524 consul
815 3487 947 3539 promptam
958 3494 988 3526 ea
999 3481 1068 3527 nnieo
1078 3481 1165 3536 codice,
1173 3481 1214 3540 qui
1223 3480 1293 3526 bodie
1301 3481 1326 3526 in
1336 3480 1423 3526 Bittio·

178 3539 408 3588 nameusraiibus
419 3540 554 3586 deduceret
577 3539 709 3588 Gronovius
719 3541 784 3600 legit,
817 3541 885 3588 tbeca
901 3544 1008 3590 Casama
1024 3551 1163 3591 asservatur.
1203 3545 1232 3590 ld
1250 3545 1326 3590 solum
1345 3551 1424 3590 muta·

179 3617 235 3665 qaas
246 3604 365 3650 dedeceret
376 3619 404 3650 ee
414 3605 496 3666 quibus
505 3604 624 3652 molitas
634 3604 708 3652 uitet.
817 3605 900 3662 simus,
911 3607 975 3666 quod
992 3621 1034 3666 pro
1052 3611 1092 3669 qsi
1109 3623 1168 3656 ease
1183 3613 1241 3656 saut
1257 3608 1374 3654 edidimus
1385 3609 1425 3668 μ’

212 3665 241 3714 41
259 3667 354 3714 rtrum
371 3699 417 3715 ...
433 3671 458 3716 t's
475 3668 612 3728 trum-tan
702 3669 734 3715 sd
750 3669 784 3714 tt.
817 3676 870 3716 tane
888 3678 947 3718 esset
966 3685 996 3716 ea
1015 3679 1094 3717 mente
1106 3671 1228 3730 (imnodi,
1239 3679 1264 3718 et
1282 3671 1424 3716 inseruimus

182 3727 303 3791 Titinian]
322 3731 358 3776 lis
369 3731 414 3780 boe
428 3731 479 3779 loco
495 3732 589 3790 collegit
601 3731 697 3790 Pighius
713 3731 785 3778 tuisse
817 3733 923 3779 voculam
935 3737 974 3794 qui
984 3742 1039 3780 ante
1047 3736 1250 3783 nnsadtteretsr.
1267 3733 1328 3780 Nem
1340 3741 1424 3780 cetera

180 3794 299 3854 superiore
310 3807 380 3850 anno,
391 3803 475 3854 preter
492 3795 525 3841 Μ.
537 3795 650 3842 Titinium
663 3803 785 3855 pretorem
818 3798 959 3844 mutationes
969 3805 994 3844 et
1011 3798 1144 3844 leviusculas
1161 3807 1224 3854 sant,
1233 3805 1258 3845 et
1272 3798 1377 3844 addenti
1394 3797 1423 3842 de

180 3857 252 3910 urbis.
264 3857 335 3904 etism
353 3857 454 3906 alterum
472 3859 506 3905 bl.
525 3857 639 3906 Titinium
654 3867 785 3919 pretorem,
818 3871 888 3906 cansa
902 3861 953 3920 jam
971 3861 1027 3907 otim
1044 3860 1111 3908 iactu
1126 3875 1141 3908 a
1159 3863 1255 3908 simone
1266 3862 1377 3920 (hyn-n
1393 3862 1423 3906 ab

180 3923 217 3970 sui
231 3921 369 3982 Hispaniam
380 3921 511 3969 citeriorem
522 3923 632 3981 obtigisse
649 3931 746 3983 apparet
756 3937 786 3968 ex
818 3924 972 3983 omnibusque
994 3925 1103 3984 deinceps
1123 3926 1251 3973 editoribus
1273 3925 1423 3984 approbstar

180 3999 202 4034 e.
214 3985 253 4042 id,
265 3985 332 4032 inira.
818 3989 984 4035 meinent
1002 4001 1045 4048 pro
1063 3993 1228 4044 maistres,
1245 3989 1359 4036 minda
1380 4001 1423 4047 pre

212 4051 244 4098 dii
276 4049 376 4096 Pam
404 4049 479 4096 nasei
502 4044 613 4108 eerpnie]
649 4047 785 4095 Bmehiisne
817 4051 947 4106 sssbmdm
963 4050 1056 4113 jarem
1081 4066 1124 4111 pro
1144 4051 1237 4114 jurare,
1257 4060 1304 4098 eto.
1346 4051 1424 4110 liujus

181 4121 306 4170 carentem,
316 4127 348 4160 att
365 4112 458 4173 capite!
491 4111 542 4158 Vox
561 4111 624 4158 euim
643 4115 718 4159 tranei
736 4127 787 4158 am·
818 4113 890 4172 igitur
900 4117 1095 4162 senatusconsulti
1106 4115 1169 4162 banc
1179 4129 1229 4163 esse
1241 4129 1336 4162 sensura
1347 4115 1424 4162 mdi-

181 4177 252 4236 bigua
263 4185 304 4224 est·
818 4191 878 4233 mus,
890 4178 968 4236 utqui
983 4179 1194 4234 manumitteretur,
1206 4181 1242 4226 rei
1254 4181 1278 4226 iu
1290 4179 1424 4225 libertatem

212 4241 245 4288 ts
261 4241 341 4304 begeat
358 4241 411 4286 daia
428 4240 455 4286 de
473 4239 539 4286 omlis
558 4237 584 4284 (i.
603 4237 713 4284 chudion
731 4240 784 4286 tutte
815 4239 974 4288 vindicaretur
988 4243 1051 4302 apud
1066 4243 1169 4302 aliquem
1182 4244 1353 4303 magistratum,
1365 4251 1425 4302 puta

180 4299 381 4364 murmurastis]
398 4301 600 4350 Deindediriaim
613 4301 650 4348 edi
663 4301 784 4361 jussimus,
816 4304 960 4362 dictatorem,
978 4307 1016 4352 vel
1033 4307 1159 4362 cumulem,
1177 4308 1214 4353 sei
1239 4319 1367 4362 mmmm,
1386 4307 1425 4352 vei

181 4367 297 4426 quomodo
315 4369 386 4416 babet
404 4367 483 4428 prima
497 4365 577 4421 editio,
595 4373 654 4412 teste
674 4365 783 4412 iiesrnio.
815 4367 964 4426 interregem.
977 4370 1013 4416 vei
1033 4377 1163 4430 putorem,
1181 4371 1221 4429 qui
1241 4379 1298 4416 tune
1315 4377 1385 4425 emet.
1399 4371 1425 4418 td

181 4429 268 4476 Sedet
287 4432 339 4491 lege
356 4445 410 4477 cum
421 4430 539 4478 Gronovio
549 4444 577 4476 ee
587 4429 783 4480 mamito.
815 4439 857 4486 est,
876 4433 917 4491 qui
932 4447 1030 4480 munere
1045 4434 1176 4488 dictatorio,
1189 4435 1225 4480 rei
1241 4434 1366 4490 consulari,
1377 4442 1424 4480 etc.

182 4493 219 4539 Sic
230 4495 293 4540 enim
304 4495 364 4541 solet
376 4495 465 4542 Livius.
815 4493 952 4553 iungeretur
966 4511 993 4543 eo
1012 4505 1117 4556 ternpore
1134 4511 1181 4557 qno
1199 4505 1353 4556 pangemur
1371 4511 1424 4542 sna-

212 4555 244 4604 44
265 4559 296 4604 iit
313 4559 420 4614 diem,
436 4553 525 4619 mul]
543 4557 619 4618 Vulgo
634 4556 672 4604 irie
689 4556 783 4617 legitur,
816 4559 936 4616 nuntiato,
947 4567 974 4606 ut
985 4559 1012 4619 is,
1025 4561 1130 4620 inquam,
1149 4561 1190 4621 qui
1207 4563 1424 4618 manumitteretur,
