3094 4954
218 277 281 340 158
803 269 896 336 'l'I'l'l
920 267 1035 333 LIVlI

216 441 247 489 υ.
259 441 285 488 c.
297 439 352 488 eeu
380 421 463 486 tium
476 420 588 519 magis,
601 439 698 503 quem
712 417 746 482 in
760 417 881 482 bellum
902 416 1059 494 euntium,
1073 414 1179 478 modo.
1225 413 1359 495 Connil,
1373 415 1472 480 armis

216 505 247 552 b
259 505 285 552 ⁰·
298 503 351 553 ¹⁸⁸
380 505 521 570 hostium
534 527 568 568 in
580 526 646 568 uno
660 503 866 567 concrematis
880 501 1019 579 cumulo,
1029 508 1164 564 ceterum
1174 499 1317 586 predam
1327 501 1471 564 conferre

380 611 490 654 omues
509 589 624 674 jussit:
647 597 680 652 et
704 595 761 650 eut
778 587 931 665 vendidit,
950 585 1037 668 quod
1058 584 1127 668 ejus
1151 584 1185 649 in
1207 584 1374 670 publicum
1388 585 1472 647 redi-

379 675 521 758 gendum
546 681 629 736 emt:
651 679 707 736 eut
731 691 805 734 curn
827 693 912 748 curn,
928 679 1080 753 utquam
1102 670 1284 752 aequissime
1304 675 1398 748 esset,
1412 691 1471 752 per

380 759 496 822 milites
510 757 627 822 divisit.
670 756 808 820 Loudnti
830 776 957 840 quoque
980 775 1039 839 pro
1064 755 1216 818 concione
1243 775 1353 817 omnes
1380 761 1470 832 sunt,

380 842 551 927 donatique
574 862 633 926 pro
654 841 767 906 merito
790 841 944 923 quisque:
968 847 1041 902 ante
1062 859 1173 902 omnes
1188 838 1328 916 Attalus,
1342 859 1470 902 summo

380 934 555 990 ceterorum
570 927 717 990 adsensu.
752 945 827 988 num
848 923 1017 1022 singularis
1031 922 1099 1007 ejus
1110 923 1239 1006 juvenis
1253 943 1352 1006 quum
1366 923 1469 986 virtus

380 1011 584 1158 etnindqstrio
596 1011 631 1074 in
645 1007 794 1075 omnibus
813 1009 975 1072 laboribus
995 1007 1217 1093 periculisque,
1230 1016 1301 1071 tum
1314 1007 1470 1070 modestia

218 1175 247 1221 ¹¹¹
260 1103 746 1262 Teewqunetrqnqqurogupmt
766 1176 886 1241 bellum
908 1177 1068 1275 integrum
1092 1197 1166 1240 eum
1179 1174 1372 1260 Tectosagis.
1415 1177 1469 1240 Ad

217 1239 368 1350 {ffifflff
382 1283 436 1328 eos
453 1265 615 1348 profectus
637 1262 759 1342 consul,
772 1261 874 1326 tertiis
895 1270 1007 1324 castus
1021 1263 1074 1324 An
1181 1307 1192 1338 ,
1206 1259 1346 1324 nobilem
1359 1260 1393 1324 in
1406 1261 1468 1324 illis

381 1348 459 1412 locis
473 1349 595 1426 urbem,
650 1347 762 1424 rvenit,
776 1347 863 1410 unde
884 1346 992 1410 hostes
1015 1346 1123 1430 paulo
1145 1345 1219 1430 plus
1243 1345 1352 1408 decem
1370 1345 1468 1410 millio

382 1433 522 1496 oberunt.
578 1431 644 1496 Ui
671 1451 772 1514 quum
798 1430 912 1528 stativo
934 1439 1050 1528 essent,
1075 1430 1198 1528 focinus
1223 1429 1424 1528 memorabile
1440 1453 1469 1528 ,ιι

218 1543 316 1666 ἓξὲξ·
382 1517 719 1665 diddodieiddiiirninetdtr
728 1514 1124 1697 plaureosrdl'ncgdpiltibbsrtfucdi
1141 1515 1469 1663 ldddiodibmdebildiid

218 1669 315 1716 ‘'⁶¹⁰³'‘
381 1693 526 1769 preerat,
557 1692 590 1748 et
617 1683 757 1746 libidinis
783 1690 816 1746 et
843 1683 981 1746 ovantiae
1008 1683 1164 1747 militaris.
1209 1683 1242 1746 Is
1270 1683 1373 1768 primo
1399 1684 1468 1768 ejus

382 1769 523 1832 animum
550 1766 695 1830 tentsvit.
731 1787 826 1850 quem
855 1789 956 1851 quum
994 1768 1218 1831 abhorrentem
1244 1789 1263 1830 o
1290 1767 1468 1832 voluntario

381 1851 502 1916 videret
517 1859 569 1914 stu
628 1897 638 1929 ,
653 1851 787 1936 corpori,
802 1851 823 1882 ⁸⁸
833 1851 920 1936 quod
935 1871 1062 1916 servum
1074 1853 1202 1916 fortune
1216 1860 1293 1930 erat,
1305 1851 1371 1915 vim
1384 1853 1467 1916 fecit.

382 1935 517 2014 Deinde,
603 1935 782 2000 leniendum
806 1935 1030 2020 indignitatem
1051 1937 1188 2021 injurie,
1202 1936 1223 1969 '⁰
1233 1957 1324 2022 spem
1346 1937 1468 2000 reditus

381 2021 423 2084 ed
437 2041 514 2085 suos
526 2019 651 2084 mulieri
673 2019 769 2098 fecit3
790 2029 823 2083 et
845 2041 885 2084 ne
910 2041 979 2084 eom
1003 2021 1142 2105 quidem,
1157 2030 1196 2086 ut
1217 2042 1336 2100 emme,
1351 2021 1469 2106 gratui-

381 2113 458 2169 tam.
490 2113 575 2170 certo
590 2103 658 2168 ouri
672 2106 813 2189 pondere
826 2113 950 2189 pectus,
964 2127 1005 2170 ne
1027 2125 1123 2189 quem
1145 2105 1308 2170 conscium
1323 2105 1469 2169 suorum¹

382 2189 522 2270 heberet,
546 2190 609 2275 ipsi
631 2189 798 2274 permittit,
820 2197 868 2270 ut,
892 2209 989 2274 quem
1013 2191 1119 2270 vellet,
1142 2211 1245 2254 unum
1269 2211 1309 2253 ex
1334 2191 1467 2290 captivis

382 2275 537 2340 nuncium
551 2275 593 2338 ed
607 2295 681 2338 suos
695 2275 843 2338 mitteret.
886 2275 1010 2339 Locum
1024 2297 1125 2361 prope
1139 2276 1259 2340 flumen
1283 2275 1468 2354 constituit5

383 2359 478 2443 ”quo
503 2360 578 2440 duo,
601 2381 642 2423 ne
663 2359 778 2444 pluam,
793 2359 959 2423 necessarii
983 2361 1116 2446 coptivae
1140 2381 1214 2424 cum
1229 2379 1305 2424 suro
1325 2359 1469 2424 venirent

383 2453 476 2508 nocte
489 2443 668 2527 insequenti
682 2443 724 2505 od
737 2465 807 2506 eom
827 2443 1051 2529 accipiendum.
1095 2445 1190 2508 Forte
1212 2444 1313 2530 ipsius
1327 2444 1468 2508 mulieris

384 2549 493 2592 servus
513 2527 596 2591 inter
610 2527 751 2611 captivos
766 2527 908 2611 ejusdem
931 2529 1084 2593 custodire
1105 2538 1182 2593 erat.
1214 2531 1301 2593 hunc
1315 2529 1468 2592 nuncium

383 2611 495 2696 primis
508 2611 647 2674 tenebris
660 2618 749 2674 extro
768 2613 921 2676 stationes
940 2614 1083 2678 centurio
1107 2613 1224 2678 educit.
1267 2613 1372 2677 Nocte
1386 2613 1470 2676 inse·

384 2695 495 2778 quenti
514 2701 548 2758 et
568 2695 632 2758 duo
657 2696 824 2758 necessarii
846 2697 986 2761 mulieris
1009 2699 1051 2762 od
1073 2699 1284 2762 constitutum
1305 2697 1423 2776 locum,
1436 2705 1469 2760 et

383 2779 526 2842 centurio
550 2799 623 2842 cum
647 2779 886 2865 captivaverit.
918 2782 975 2845 ubi
994 2805 1094 2867 quum
1117 2803 1231 2846 curum
1256 2781 1469 2861 ostenderent,

384 2863 471 2947 quod
491 2885 648 2928 summum
661 2865 774 2928 talenti
787 2866 888 2929 Attici
906 2867 997 2948 (tenti
1012 2868 1098 2930 enim
1116 2867 1293 2952 pepigerat)
1310 2867 1468 2952 expleret,

383 2947 498 3012 mulier
520 2949 629 3035 lingua
647 2971 713 3024 nie,
727 2953 912 3034 stringerent
927 2951 1059 3032 femine,
1072 2959 1102 3016 et
1116 2953 1318 3016 centurionem
1335 2971 1469 3032 pmcn

384 3039 444 3098 tem
466 3055 574 3098 conns
598 3035 777 3114 occiderem,
791 3035 967 3120 impernvit.
1009 3036 1157 3120 Juguloti
1178 3035 1349 3121 praecisum
1372 3043 1471 3119 ceput

383 3117 454 3264 {pso
476 3119 656 3183 involutum
677 3127 764 3182 veste
786 3119 900 3200 serens,
922 3121 963 3184 nd
976 3121 1079 3184 virum
1095 3119 1327 3204 Ortiogontem,
1350 3119 1408 3202 qui
1428 3119 1470 3184 eb

417 3202 525 3286 lympo
548 3202 679 3265 domurn
702 3203 869 3288 redigeret,
882 3205 1034 3290 pervenit.
1067 3225 1163 3288 quem
1180 3204 1369 3289 priusquam
1383 3225 1470 3267 com·

382 3285 582 3368 plecteretur,
591 3294 688 3370 caput
698 3287 891 3352 centurionis
902 3298 975 3353 ante
989 3290 1086 3374 pedes
1096 3289 1165 3374 ejus
1179 3289 1310 3372 abjecite
1326 3288 1470 3352 miranti·

383 3389 446 3451 que
469 3369 635 3453 cujusnam
659 3370 693 3432 id
715 3381 812 3455 caput
834 3373 981 3449 hominis,
998 3383 1054 3438 aut
1074 3375 1161 3457 quod
1178 3373 1212 3436 id
1231 3373 1353 3436 facinus
1368 3373 1470 3436 haud-

384 3473 543 3537 quaquam
567 3453 719 3518 muliebre
743 3463 836 3536 esset,
858 3465 891 3521 et
913 3458 1060 3543 injurium
1083 3457 1234 3542 corporis,
1258 3465 1291 3520 et
1315 3457 1470 3520 ultionem

383 3537 507 3602 violntae
520 3559 578 3623 per
591 3538 657 3602 vim
666 3538 829 3624 pudicitiae
840 3541 984 3606 confessa
996 3543 1064 3606 viro
1078 3549 1145 3605 est:
1169 3541 1291 3625 elinque
1309 3543 1358 3622 (ut
1371 3541 1470 3604 tredi-

383 3623 448 3703 tur)
472 3623 637 3687 unctitote
661 3631 695 3688 et
718 3624 870 3709 gravitate
891 3626 966 3691 vitre
989 3625 1085 3710 hujus
1110 3625 1293 3690 matronali
1320 3625 1470 3690 fndnoris

383 3703 480 3770 decus
494 3707 536 3770 cd
549 3707 697 3772 ultimum
711 3710 916 3774 conservavit.

447 3833 571 3902 kcoptirnn
583 3841 650 3889 Crev.
758 3858 865 3891 *eumn
876 3845 985 3891 οωεοίκιιι
997 3843 1073 3891 Beki.
1185 3849 1207 3879 ¹¹¹
1218 3859 1258 3893 nec
1266 3845 1319 3907 ptus
1330 3845 1405 3892 (iren.

254 3953 285 4002 tt
303 3953 443 4016 octogonus
461 3955 536 4016 reguli
550 3951 617 4016 uror]
635 3955 736 4002 Nomine
754 3955 826 4002 Chio·
860 3957 897 4003 Sic
915 3956 1073 4011 distinximus.
1093 3965 1120 4003 nt
1136 3971 1181 4004 vox
1198 3961 1326 4018 gratuitam
1344 3965 1440 4017 regetur
1457 3973 1471 4004 ι

221 4032 292 4072 more.
304 4025 362 4064 teste
376 4017 435 4063 l'lnt.
448 4017 472 4064 ln
484 4019 543 4064 libro
554 4019 583 4064 de
596 4019 654 4064 Virt.
667 4019 802 4066 Mulierum.
859 4021 929 4066 verbo
933 4017 1003 4079 jecit.
1042 4021 1073 4067 Ut
1084 4037 1169 4076 mour,
1181 4021 1206 4067 id
1218 4029 1261 4078 eet,
1270 4023 1334 4082 quod
1345 4029 1470 4070 consents·

255 4081 286 4135 87
305 4077 424 4142 ceptione]
442 4081 518 4140 Vulgo
536 4081 594 4127 editi
614 4083 720 4142 captiuos.
754 4081 827 4128 Nobis
859 4097 930 4129 neum
942 4081 1216 4130 eretiecereemsntem.

221 4145 281 4192 vict.
293 4145 348 4192 libri
363 4145 478 4204 scripture
493 4145 569 4206 potior
580 4145 629 4192 rire
645 4151 689 4192 eet.
722 4145 828 4192 Etieret
890 4147 922 4195 9⁰
941 4145 1164 4208 occinente]
1183 4149 1235 4194 lloc
1249 4148 1380 4210 elegendus
1392 4148 1471 4194 visum

222 4208 283 4256 elur.
295 4209 321 4256 ln
332 4209 391 4256 libro
402 4209 432 4256 de
444 4209 501 4256 Virt.
515 4209 650 4256 Mulierum.
858 4218 901 4265 eet,
915 4207 989 4270 (quod
1001 4219 1025 4256 et
1036 4225 1065 4256 ex
1082 4212 1173 4258 duobus
1186 4211 1253 4258 MSS.
1265 4211 1334 4258 effert
1345 4211 1394 4258 irc.
1408 4211 1471 4258 Gro-

253 4271 285 4318 88
304 4273 465 4324 Moenum
474 4269 571 4334 sorim
587 4267 649 4332 emt]
668 4271 786 4326 Nobis‚ut
803 4279 829 4318 et
859 4274 949 4328 novior,
971 4282 995 4320 et
1011 4275 1155 4334 antiquiores
1171 4275 1229 4322 editi
1253 4273 1376 4336 retinent.)
1398 4291 1470 4336 quern

222 4335 348 4392 omno,
359 4337 434 4396 mugio
445 4335 554 4396 placeret,
562 4331 762 4398 sortmsecerat.
859 4337 975 4396 quomodo
992 4353 1055 4384 nunc
1072 4339 1096 4384 in
1117 4339 1218 4398 vulgetis
1237 4337 1332 4398 legitur,
1350 4354 1392 4387 nee
1410 4341 1472 4400 plus·

254 4399 285 4446 eo
302 4401 367 4460 δρσπι
378 4403 465 4447 reditur
475 4402 506 4448 cd
515 4415 566 4447 rece
577 4395 748 4458 scenifactor
765 4403 788 4446 et
800 4415 827 4446 ne
861 4401 966 4448 Firment
980 4401 1076 4448 lleernii
1089 4403 1187 4450 codicem

222 4465 650 4526 eamquidenmtaneeefflmtuitan.
685 4461 751 4509 Gon
762 4459 827 4524 curi]
