3094 4954
216 359 279 421 140
799 349 892 417 'l'l‘l'l
916 349 1030 416 LlVll

216 519 246 565 υ.
259 519 285 564 c.
297 515 350 563 coa
380 501 454 565 dam
468 521 543 564 cum
556 497 674 563 AEtolis
692 497 875 582 quingentis
890 495 1092 560 Ambraciam
1112 494 1305 560 intromittit
1343 505 1467 561 noctem

216 581 246 630 A.
259 582 285 630 ⁰·
299 579 351 628 ¹⁸⁹·
380 593 499 649 certam
510 592 701 668 tempusque
719 583 814 646 etiam
832 582 935 645 noctis
955 580 1131 658 constituit,
1153 602 1217 664 quo
1230 589 1263 644 et
1277 581 1322 644 illi
1335 582 1376 645 ab
1391 583 1467 646 urbe

380 691 477 755 opera
490 669 642 746 hostium,
656 689 729 752 quae
743 667 893 730 adversus
909 667 1086 750 Pyrrheum
1098 673 1198 743 erant,
1214 665 1467 750 adgrederentur,

380 754 494 838 etipse
508 753 549 816 ad
563 761 666 815 castra
679 753 823 814 Romana
836 759 987 814 tenorem
1001 749 1138 828 faceret3
1158 771 1253 834 posse
1267 759 1366 830 ratus,
1385 751 1469 814 anci·

379 838 440 924 piti
461 837 604 901 tumultu
625 836 673 900 et¹
693 843 786 899 nocte
809 843 944 919 augente
968 855 1127 920 pavorem,
1148 833 1382 898 memorabilem
1402 857 1468 898 rem

421 922 457 984 ri.
501 922 545 984 Et
560 921 755 984 Nicodamus
771 919 962 1004 intempesta
981 926 1084 996 nocte,
1105 939 1207 1002 quum
1220 917 1295 982 alias
1310 920 1468 983 custodias

379 944 550 1084 ldiellisset,
574 1026 632 1091 per
656 1004 731 1067 alias
755 1004 867 1088 inpetu
889 1002 1048 1067 constanti
1069 1002 1089 1036 ¹⁴
1100 1002 1266 1087 erupisset,
1291 1004 1468 1088 ¹'superato

380 1090 511 1154 bruchio
528 1089 561 1153 in
582 1089 694 1153 urbem
756 1095 880 1167 netrat3
902 1087 1061 1170 animique
1085 1085 1282 1170 aliquantum
1305 1088 1469 1152 adomnia

381 1174 528 1238 audenda
550 1182 583 1238 et
605 1174 673 1259 spei
696 1109 834 1237 obiessis
859 1172 994 1258 adjecit3
1016 1180 1058 1249 et,
1085 1170 1181 1234 simul
1209 1172 1384 1236 constituta
1406 1195 1469 1236 nox

380 1259 478 1337 venit,
500 1279 540 1322 ex
553 1257 730 1343 composito
749 1265 878 1342 repente
898 1264 1060 1342 operaest
1079 1255 1257 1354 adgressus.
1302 1257 1342 1320 ld
1364 1256 1469 1342 inoep-

382 1351 452 1406 tum
467 1351 594 1421 conatu,
609 1363 705 1427 quam
720 1341 845 1421 effectu,
860 1341 987 1426 gravitm
1002 1341 1074 1419 suit,
1085 1361 1160 1425 qma
1169 1341 1258 1404 nulla
1267 1341 1307 1404 ab
1319 1342 1468 1405 exteriore

382 1433 472 1512 purte
486 1428 534 1492 vis
549 1427 676 1491 admma
689 1435 756 1506 est3
779 1447 836 1490 seu
849 1435 939 1489 metu
953 1426 1102 1490 deterrito
1124 1433 1260 1510 praetore
1279 1425 1468 1504 AEtolorum,

384 1533 441 1575 seu
462 1512 537 1596 quia
560 1511 668 1598 potius
690 1511 795 1574 visum
816 1517 875 1589 est,
900 1509 1122 1596 Amphilochis
1144 1531 1238 1594 opem
1264 1511 1343 1574 ferre
1368 1532 1469 1596 nuper

383 1596 674 1764 ffipffiobdoibldd
688 1595 1088 1778 rlieclpldrldopslulldrilbiiahli
1088 1595 1175 1765 ’0111111Ι
1176 1595 1469 1744 Μιξιυοιορω

884 1725 895 1759 '
1159 1701 1267 1912 “b

220 1761 293 1808 AEwli
460 1763 485 1826 1.
507 1763 623 1827 Tribus
637 1763 724 1842 locis,
739 1771 822 1828 srcut
834 1771 909 1828 ante
923 1764 1045 1828 dictum
1060 1773 1118 1844 est,
1132 1764 1173 1827 ad
1266 1765 1361 1828 heum
1376 1786 1470 1850 opera

217 1831 366 1886 erumpente·

219 1889 370 1949 repelluntur.
386 1847 528 1911 Romana
550 1855 659 1911 erant=
682 1869 754 1932 quae
776 1847 883 1912 omnia
904 1848 1009 1928 simul,
1033 1849 1098 1912 sed.
1111 1869 1170 1912 nec
1189 1870 1207 1912 a
1229 1857 1351 1934 paratu,
1366 1871 1424 1912 nec
1438 1850 1469 1912 vi

384 1931 488 2011 simili,
504 1931 605 1996 AEtoli
620 1933 759 2016 adgressi
774 1941 860 1996 sunt.
896 1933 949 1996 alii
968 1954 1043 1997 cum
1061 1933 1244 1997 ardentibus
1262 1933 1395 2012 facibus,
1417 1934 1469 1996 ulii

383 2024 534 2102 stuppam
556 2017 658 2102 picem
682 2039 721 2080 ue
747 2025 780 2081 et
805 2019 826 2052 ¹⁸
836 2017 997 2082 malleolos
1020 2019 1166 2096 ferentes,
1189 2025 1257 2082 tota
1284 2018 1468 2082 conlucente

382 2101 517 2164 flammis
540 2101 616 2182 acie,
640 2039 803 2167 advenere.
838 2103 957 2166 multos
982 2101 1085 2188 primo
1108 2102 1220 2187 inpetu
1243 2103 1391 2166 custodes
1412 2103 1468 2166 ob-

381 2195 575 2271 presserunt.
611 2187 734 2266 deinde,
754 2194 925 2273 postquam
939 2187 1057 2251 clamor
1070 2187 1291 2271 tumultusque
1314 2187 1348 2250 in
1367 2197 1469 2250 castre

381 2279 431 2334 est
454 2271 604 2370 perlatus,
628 2273 801 2357 datumque
823 2293 842 2335 a
867 2271 996 2336 consule
1017 2271 1154 2356 signum,
1175 2293 1262 2335 arma
1275 2271 1415 2357 capiunt,
1436 2281 1469 2335 et

382 2356 647 2456 ommbustportis
660 2357 701 2421 ad
715 2379 809 2442 opem
823 2357 984 2420 ferendam
998 2357 1216 2420 effunduntur.
1261 2357 1336 2420 Uno
1351 2357 1384 2420 in
1399 2357 1468 2420 loco

381 2440 462 2504 ferro
478 2442 607 2525 ignique
628 2449 787 2539 gestares
811 2449 878 2540 est..
906 2463 927 2504 a
948 2440 1074 2505 duobus
1099 2441 1187 2505 irrito
1207 2441 1345 2588 incepto,
1368 2463 1468 2525 quum

380 2531 558 2588 tentassent
583 2546 694 2608 magis,
716 2547 812 2609 quam
834 2526 979 2604 inissent,
1002 2533 1171 2604 certamen,
1195 2527 1273 2590 AEto
1310 2526 1469 2590 abscesse-

380 2615 466 2669 runt.
511 2609 613 2670 Atrox
619 2629 737 2754 pugna
751 2609 784 2672 in
799 2631 901 2672 unum
915 2609 1118 2674 inclinaverat
1130 2609 1246 2675 locum.
1278 2611 1323 2674 ibi
1338 2611 1468 2674 diversis

380 2690 524 2774 pertibus
540 2691 603 2754 duo
640 2713 715 2756 uces
731 2693 928 2778 Eupolemus
943 2703 975 2758 et
988 2695 1184 2758 Nicodamus
1225 2703 1381 2780 ugnantes
1395 2697 1468 2760 hor-

380 2774 540 2855 tabantur,
561 2783 594 2838 et
610 2774 630 2808 ¹²
640 2799 740 2862 prope
763 2787 849 2842 certa
865 2779 1015 2843 fovebant
1036 2801 1103 2864 spe,
1119 2779 1187 2864 jam
1245 2779 1409 2844 icandrum
1429 2802 1468 2843 ex

379 2859 555 2944 composito
581 2861 697 2941 adfore,
727 2871 760 2926 et
785 2871 874 2948 terga
899 2864 1041 2928 hostium
1069 2865 1280 2928 invasurum..
1308 2865 1389 2928 llaec
1417 2887 1468 2928 res

380 2943 574 3092 aquuamdiu
589 2946 711 3011 animos
726 2949 939 3034 pugnantium
951 2948 1112 3013 sustinuit.
1134 2957 1284 3028 ceterum,
1297 2957 1468 3035 postquam

379 3051 401 3092 n

378 3135 548 3178 numerum
563 3117 704 3181 hostium
723 3119 903 3196 cernebant,
923 3117 1067 3181 destituti
1087 3119 1215 3266 segnius
1236 3119 1371 3183 instare:
1438 3141 1469 3182 s-

378 3205 490 3276 tremo,
515 3221 549 3261 re
572 3201 698 3280 omissa,
716 3202 784 3287 jam
798 3203 852 3266 vix
872 3209 943 3266 tuto
962 3210 1102 3288 receptu,
1137 3203 1280 3288 ugientes
1301 3203 1333 3266 in
1355 3225 1394 3268 ur
1435 3225 1468 3267 m

377 3281 623 3366 compelluntur,
634 3295 738 3432 parte
762 3309 895 3372 operum
915 3286 1053 3366 incensa,
1078 3295 1110 3351 et
1129 3287 1276 3373 pluribus
1294 3288 1469 3372 eliquanto,

377 3385 476 3448 quam
491 3365 553 3450 ipsi
569 3369 634 3430 ceci
656 3377 755 3448 erant,
770 3371 952 3436 interiectis.
988 3372 1075 3456 quod
1094 3371 1121 3435 si
1141 3393 1181 3436 ex
1198 3373 1372 3457 composito
1398 3381 1469 3435 ecta

377 3469 429 3511 res
450 3447 572 3530 fuisset,
592 3453 679 3517 haud
703 3454 837 3519 dubium
862 3463 939 3534 erat,
960 3456 1134 3542 expugnari
1158 3478 1223 3522 uns
1243 3457 1353 3542 utique
1376 3465 1469 3541 parte

378 3553 476 3630 opera
500 3555 574 3598 cum
597 3559 712 3622 magns
740 3539 826 3604 ccede
854 3540 995 3604 hostium
1017 3539 1172 3640 potuisse.
1215 3541 1469 3620 Ambracienses,

378 3637 497 3702 qmque
511 3619 599 3684 intus
613 3631 704 3686 erent
716 3623 828 3703 AEtoli,
846 3646 912 3688 non
934 3625 974 3689 ab
998 3647 1066 3710 ejus
1088 3625 1192 3690 solum
1213 3626 1316 3690 noctis
1338 3625 1469 3710 incepto

449 3051 504 3093 um
519 3052 558 3094 ex
573 3033 749 3117 composito
772 3033 899 3119 signum
923 3055 942 3096 ιι
964 3032 1030 3096 suis
1049 3033 1253 3119 accipiebant,
1275 3044 1307 3098 et
1330 3056 1468 3098 crescere

471 3770 479 3809 ¹
495 3782 517 3822 et
531 3777 576 3824 del.
588 3779 660 3828 Gron.
673 3781 740 3828 cres.
925 3789 947 3817 ¹²²
958 3801 1029 3846 nuper
1041 3787 1136 3846 receptis
1146 3781 1278 3846 openscrrc
1291 3783 1369 3830 seat.

246 3905 275 3952 14
293 3907 422 3970 Braps'sset]
442 3910 564 3960 Mallemua
572 3919 717 3977 perrupisset.
854 3923 942 3980 operis.-
966 3923 1052 3984 sagitta
1073 3927 1107 3968 cst
1125 3935 1218 3977 maneo,
1240 3923 1300 3967 taen
1317 3921 1428 3980 uptam
1447 3927 1470 3968 tl

247 3968 275 4014 tt
292 3971 401 4046 deperata
416 3973 519 4036 bractio]
537 3979 650 4038 Superato
668 3981 823 4043 munimento,
854 3985 986 4034 arundineas
1001 3986 1110 4044 multitado
1119 3982 1187 4045 ferro
1200 3990 1362 4046 totamm,
1373 3987 1435 4044 Μ
1446 3987 1471 4030 ¹³⁸

211 4033 274 4092 quod
286 4035 341 4081 busa
352 4045 426 4082 castra
437 4045 460 4084 et
469 4041 587 4087 castellum
597 4043 657 4089 inter
668 4047 822 4105 ”jungebat
853 4049 969 4096 scalisiris
977 4046 1130 4108 calisamen.
1139 4065 1182 4110 qao
1193 4055 1273 4096 nutv
1281 4049 1352 4094 ΕΜ
1361 4051 1470 4104 'mimz

222 4159 228 4172 .
246 4095 419 4175 lGOHnlleqlcs]
433 4101 537 4162 Duplicia
545 4106 637 4164 gennis
645 4109 763 4155 malleolos
774 4111 822 4157 dis·
853 4119 994 4168 moecatur,
1010 4119 1087 4160 oestro
1102 4114 1217 4160 sabtiliter
1233 4118 1256 4160 st
1269 4108 1416 4172 plarifflff·
1426 4127 1472 4171 1³⁰·

211 4167 298 4217 uuguu
311 4161 402 4222 Lipsius
415 4165 510 4213 Poliorc
522 4167 537 4212 1.
551 4169 577 4214 V.
591 4169 651 4216 Dial.
662 4171 685 4226 1,
696 4172 754 4218 ι11οι
764 4173 821 4219 sim·
854 4183 920 4223 tm:
937 4183 1005 4237 atquc
1016 4178 1040 4222 is
1051 4178 1113 4223 cloec
1126 4179 1175 4236 ipso
1185 4178 1258 4238 ἰμιιι
1269 4190 1319 4222 m
1329 4176 1408 4236 611110
1418 4191 1470 4222 ⁸¹⁴·

211 4223 282 4282 plicas
300 4227 374 4287 magia
390 4243 417 4275 ac
435 4230 512 4285 rudes,
530 4232 559 4276 de
579 4231 663 4292 quibus
681 4235 714 4280 tta
731 4235 822 4282 Nonius
853 4242 910 4300 cipit
928 4241 1041 4286 atinate.
1075 4240 1107 4286 Et
1124 4242 1158 4287 sic
1172 4242 1254 4287 missa
1269 4241 1352 4286 laetias
1367 4240 1472 4286 lambda

212 4285 350 4337 ttussttns:
369 4293 471 4340 Malleoli
481 4300 534 4340 sant
550 4297 660 4355 ssaas'pssls'
670 4301 762 4356 aporici¹
771 4301 822 4358 pice
852 4317 916 4354 orca,
921 4301 989 4364 jacta
997 4305 1055 4350 anias
1066 4304 1365 4365 raptatmerttsgasssr,rt
1377 4305 1472 4350 baescrt't

210 4355 311 4424 contecti.
322 4357 362 4416 qai
372 4357 456 4404 ianm
466 4365 506 4404 ost
514 4360 538 4404 ia
548 4373 629 4414 maror,
640 4367 680 4406 ast
691 4362 714 4406 ιἰι
726 4364 822 4409 testudi-
853 4380 953 4426 aequans,
965 4369 1075 4414 tmetm
1085 4374 1177 4414 cranct.

210 4419 378 4488 napaeisatsr.
413 4421 519 4468 Alterum
530 4437 604 4481 genus
616 4423 689 4484 magia
706 4425 822 4474 elileaxet
888 4429 916 4484 17
934 4427 1029 4490 'Prepa
1050 4437 1113 4478 certo
1133 4428 1245 4491 fmbaat
1265 4427 1317 4490 apa]
1347 4431 1472 4476 assensus

223 4477 309 4558 uptus
330 4481 467 4532 Ammianus
488 4486 639 4534 Marcellinus
666 4489 782 4546 describit,
804 4491 819 4536 1.
852 4499 991 4554 pugnantes,
1014 4494 1169 4552 pugnantium
1191 4495 1281 4540 animos
1309 4495 1473 4541 incendebant

247 4541 301 4588 ι111.
336 4543 444 4604 Malleoli,
472 4549 513 4596 teli
531 4565 610 4610 genas,
625 4551 757 4613 mter
778 4555 820 4602 hac
852 4569 923 4616 prope
935 4565 999 4602 certa
1009 4571 1049 4617 spe
1060 4558 1141 4603 auxilii
1154 4571 1168 4604 s
1180 4558 1299 4604 Nicandro
1309 4559 1464 4604 advertentis.

1196 4625 1212 4652 1
