3108 4982
358 339 448 405 LIB.
470 339 671 404 XXXVIII.
709 339 805 406 csP.
828 341 955 406 Lvm.
1297 347 1359 412 189

138 483 251 552 LVII.
283 485 436 565 Haec,ch
457 486 491 550 in
513 487 694 564 laudatione
716 487 854 574 posito,'
942 497 1007 554 tem
1030 491 1190 576 magnitu-
1205 509 1336 560 nonos

93 573 206 636 dinem
230 571 329 635 animi
357 571 560 636 moderandis
591 575 612 608 ¹¹
623 573 665 637 sd
689 573 811 638 civilem
840 575 882 638 hs
904 575 986 640 itum
1013 576 1189 641 honoribus
1204 575 1232 622 Α·
1245 577 1271 623 ⁰·
1284 577 1336 632 ¹¹³7·

93 657 325 742 significarent,
338 677 440 741 quoes
485 657 801 722 robrsndoinimicus
813 658 941 724 fatetur.
986 659 1073 724 Huic
1089 663 1308 727 Grae-limcho

93 743 158 805 cho
171 741 328 805 minorem
341 763 380 804 ex
398 741 462 805 dus
484 762 523 804 us
537 741 611 805 filiis
627 743 713 824 (nam
732 741 833 828 major
847 744 883 808 P.
900 743 1047 808 Cornelio
1062 746 1188 812 Nasicae
1201 737 1318 842 affin&

92 826 185 890 haud
205 825 300 890 dubie
325 847 344 890 a
369 834 459 910 putre
478 827 642 890 conlocate
661 829 739 909 erat)
755 835 889 913 nuptam
910 828 1008 892 fuisse
1029 833 1186 898 convenit.

95 911 185 974 Illud
195 931 307 995 parum
316 919 451 989 constat,
462 917 571 974 utrum
584 917 659 996 post
669 919 803 976 moriem
812 911 911 998 patris
921 921 953 978 et
963 915 1120 1000 desponsa
1135 917 1186 997 sit,

94 1003 130 1058 et
152 995 316 1094 nupserit3
337 1015 378 1059 an
400 1015 483 1060 verae
506 995 569 1059 illae
595 995 760 1080 opiniones
775 995 849 1075 sint,
871 997 1063 1078 Gracchum,
1085 1021 1187 1086 quum

95 1080 136 1144 1.
162 1079 269 1166 Scipio
297 1079 332 1144 in
359 1079 485 1144 vincula
513 1081 690 1159 duceretur,
716 1101 774 1144 nec
802 1081 970 1166 quisquam
993 1084 1185 1171 collegarum

95 1163 214 1228 auxilio
238 1171 333 1242 esset,
353 1163 490 1248 jurasse,
512 1165 580 1229 Sibi
602 1166 780 1229 inimicitias
803 1185 871 1230 oum
897 1169 1096 1249 Scipionibus,
1120 1191 1186 1253 quc

86 1249 233 1330 sussen,
255 1269 397 1322 monere,-
427 1269 484 1313 nec
509 1269 542 1312 se
565 1251 679 1332 prolis
700 1251 866 1332 querende
888 1271 997 1316 caroso
1021 1256 1185 1337 quidquam

86 1332 206 1414 facere.
243 1334 355 1398 sedin
376 1353 463 1415 quern
486 1353 639 1398 carcerem
659 1354 747 1417 repes
777 1341 808 1398 ei
830 1337 1028 1416 inperitiores
1055 1341 1184 1404 bostirm

94 1419 251 1482 ducalem
270 1417 656 1501 nidisselP.qfr·iconsnn‚
675 1421 709 1482 in
730 1439 797 1484 enm
819 1419 1006 1501 sesrotrem
1027 1421 1091 1501 pso
1113 1425 1184 1488 daci

93 1523 156 1566 non
164 1521 338 1583 possim
374 1501 538 1582 Senatum,
549 1523 587 1568 eo
600 1503 651 1567 die
664 1503 746 1568 sorte
760 1512 937 1568 conantem
952 1505 986 1568 in
999 1505 1156 1592 Capitolio
1164 1512 1183 1588 ⁸,

94 1585 338 1666 consurrexisse,
352 1593 386 1650 et
397 1586 525 1672 petisse,
540 1595 578 1651 ut
598 1587 682 1652 inter
701 1587 810 1674 epulas
825 1587 971 1654 Graccho
985 1589 1083 1655 liliam
1098 1593 1182 1656 Afri-

94 1691 197 1734 cnnus
211 1671 431 1756 desponderet.
457 1671 574 1755 quibus
587 1671 632 1737 ita
645 1673 729 1736 inter
741 1672 907 1757 publicum
922 1674 1073 1740 sollemne
1085 1697 1182 1763 spon-

93 1755 215 1820 salibus
243 1755 301 1820 rite
328 1755 431 1834 iactis,
461 1777 562 1841 quum
586 1777 620 1820 se
640 1757 771 1822 domum
795 1758 975 1844 recepisset,
1000 1759 1181 1848 Scipionem

93 1839 233 1904 AEmiliae
248 1841 340 1905 uxori
353 1840 481 1919 dixisse,
493 1841 592 1904 filiam
607 1861 640 1905 se
657 1842 812 1906 minorem
836 1843 1052 1929 despondisse.
1080 1867 1181 1931 quum

91 1925 156 2004 ills,
169 1925 366 1989 muliebriter
385 1924 635 2010 indignabunda,
651 1925 731 1990 nihil
751 1925 790 1990 de
810 1929 973 1992 communi
986 1929 1051 1994 filis
1072 1952 1181 1996 secum

91 2009 321 2089 consultatum,
335 2009 510 2095 adjecisset,
525 2031 601 2090 non,
616 2011 644 2074 si
664 2011 714 2077 Ti.
731 2012 877 2076 Graccho
899 2013 997 2093 deret,
1019 2025 1180 2100 expertem

89 2094 217 2158 consilii
239 2094 386 2158 debsdsse
408 2101 541 2158 manem
567 2115 652 2174 essc3
678 2095 789 2159 laetum
814 2097 995 2182 Scipionem
1017 2106 1085 2163 tam
1104 2121 1179 2164 con·

88 2178 181 2243 cordi
192 2177 315 2263 judicio
323 2189 349 2257 ¹¹,
357 2178 419 2263 ipsi
427 2179 467 2243 de
507 2200 618 2244 onnam
626 2179 837 2265 respondisse.
862 2183 932 2245 haec
945 2183 984 2246 de
997 2190 1088 2246 tauto
1101 2185 1179 2264 viro,

88 2281 291 2348 quamquam
299 2271 332 2325 et
345 2263 483 2346 opinioni
505 2285 555 2344 us,
565 2271 598 2328 et
611 2264 829 2328 monumentis
838 2263 1002 2329 literarum
1012 2266 1180 2348 variarent,

87 2345 419 2497 prqppplepdqffi
433 2453 452 2495 s
465 2431 507 2498 G.
521 2433 670 2497 Terentio
688 2439 824 2531 praetore
847 2433 1005 2532 perfectis,
1020 2433 1180 2500 Hostilius

87 2523 123 2580 et
144 2516 262 2580 Furius
284 2515 434 2596 damnati,
458 2517 581 2602 praedes
605 2517 716 2582 eodem
743 2518 793 2582 dre
815 2518 1027 2602 quaestoubus
1049 2519 1178 2584 urbanis

88 2601 259 2665 dederunt.
301 2600 419 2686 Scipio,
442 2623 543 2686 quum
565 2602 780 2681 contenderet,
806 2623 943 2682 omnem,
966 2623 1062 2689 quam
1091 2625 1178 2670 acce·
1193 2611 1218 2658 1..
1230 2611 1307 2672 supro
1318 2612 1342 2659 in

114 2685 203 2764 isset,
227 2685 393 2784 pecuniam
419 2686 454 2750 in
477 2686 587 2751 serario
613 2707 692 2766 esse,
716 2707 776 2751 nec
802 2709 835 2751 se
860 2688 1035 2773 quidquam
1056 2690 1177 2790 publici
1190 2689 1307 2786 ffi'm

87 2707 216 2848 bebere,
229 2791 264 2834 ιιι
276 2769 404 2834 vincula
418 2769 492 2834 duci
506 2777 556 2834 cst
570 2779 704 2856 coeptus.
735 2772 770 2836 P.
784 2771 890 2858 Scipio
900 2773 1017 2838 Nasica
1030 2775 1177 2840 tribunos
1186 2805 1290 2864 pubem„

86 2854 277 2939 adpellavit3
304 2855 542 2939 orationemque
556 2855 669 2920 habuit
679 2855 808 2956 plenam
822 2857 905 2920 veris
919 2857 1097 2940 decoribus,
1111 2881 1177 2924 non

86 2939 301 3003 communiter
313 2939 409 3003 modo
426 2939 582 3004 Corneliae
600 2948 715 3026 genua
731 2941 787 3004 sed
808 2941 935 3026 pmprie
949 2942 1075 3006 fsmiliae
1100 2963 1177 3007 suae.

86 3025 241 3087 Parentes
259 3045 331 3088 suos
351 3031 381 3088 et
402 3025 442 3088 P.
456 3024 601 3106 Africani
616 3045 654 3088 oc
673 3026 712 3089 1..
727 3027 888 3107 Sospionis,
902 3027 954 3106 poi
978 3029 1012 3088 in
1026 3046 1179 3090 roronem
1191 3039 1332 3086 necessus:

85 3108 260 3187 ducerem,
273 3107 377 3189 finisse
401 3111 456 3172 On
471 3115 502 3172 et
524 3110 563 3174 P.
578 3111 745 3192 Scipiones,
760 3111 946 3173 cbrisrimos
968 3111 1060 3173 ciros.
1102 3111 1178 3192 Eos,
1190 3115 1205 3150 ⁸
1216 3103 1309 3150 ΝΜ·

85 3213 245 3275 Μιμα-
259 3195 376 3276 sepnor
391 3213 486 3256 muros
499 3195 533 3257 in
546 3200 632 3257 terro
645 3195 811 3276 Hisponis,
827 3195 972 3258 Moerus
984 3196 1094 3258 mador
1107 3197 1178 3260 Poe·

85 3297 196 3340 norum
218 3277 484 3360 Hispanorumque
506 3284 536 3342 et
559 3279 650 3342 doces
670 3285 701 3342 ei
724 3280 885 3358 eccrcdna
899 3281 1030 3343 somissis
1046 3281 1179 3344 Romani

80 3361 202 3444 [mnam
216 3363 382 3440 missust,
396 3383 456 3426 non
471 3363 546 3426 bello
565 3365 672 3441 solnm,
685 3363 742 3426 sed
757 3363 840 3445 quod
850 3363 995 3428 Rmnonc
1009 3371 1178 3446 lnnpnon·

86 3447 138 3509 ns
143 3445 283 3527 fideiqne
295 3448 445 3527 specimen
456 3447 520 3510 illis
529 3448 669 3530 pestibus
683 3448 844 3527 dedissent,
854 3449 898 3511 nd
909 3455 1077 3512 orirennm
1091 3451 1178 3513 ambo

80 3551 143 3612 pro
166 3530 349 3612 repudiics'
369 3537 466 3594 morte
489 3531 672 3595 obmisisse.
700 3551 790 3614 pum
809 3533 932 3595 illorum
946 3535 1026 3596 lueri
1045 3535 1178 3616 plor-iam

81 3617 218 3696 poster-ir
231 3615 310 3676 sotis
326 3621 413 3692 esset,
428 3615 467 3678 P.
482 3615 666 3697 Africanum
687 3622 805 3680 tonum
820 3623 971 3698 poternm
990 3619 1179 3698 asporacius

86 3699 203 3777 hodes,
217 3703 253 3760 nl
259 3697 357 3778 fidem
362 3698 487 3780 seond,
498 3720 558 3763 non
578 3701 725 3782 eorumne
737 3703 878 3778 damano,
890 3700 948 3762 sed
964 3703 1061 3782 stirpe
1074 3702 1180 3765 divino

84 3789 188 3846 saturn
200 3802 235 3845 sc
247 3801 323 3846 esse.
364 3783 402 3847 l..
418 3783 599 3864 Scipionern,
614 3785 652 3846 de
674 3805 732 3866 quo
751 3791 873 3867 apator,
890 3784 945 3865 (ut,
962 3803 1027 3866 quc
1049 3786 1082 3848 in
1102 3787 1178 3849 isn-

80 3869 191 3948 pnnio,
204 3887 271 3948 pasc
282 3869 316 3930 in
328 3865 451 3948 Africo,
466 3887 557 3950 quant
578 3869 695 3950 lepotns
700 3867 821 3950 fratris
834 3873 921 3946 esset,
933 3871 1086 3951 pessissei,
1095 3891 1178 3951 prc-

85 3952 255 4032 teremstwl
271 3953 420 4014 consulem
434 3959 465 4015 et
478 3953 517 4016 od
530 3959 638 4016 sends
650 3953 774 4034 dipnnrn
785 3953 891 4031 sisnrn,
905 3955 954 4016 cni
963 3959 1053 4016 ectra
1067 3961 1178 4018 sortem

84 4037 166 4098 Asia
181 4035 344 4116 provincio
357 4041 387 4099 et
402 4035 511 4100 bellun
524 4056 591 4100 cnm
604 4037 755 4100 Antiocho
769 4057 840 4118 repe
854 4037 1065 4102 decensereinr
1072 4065 1083 4112 ,-
1113 4045 1143 4102 et
1157 4060 1178 4102 o

78 4117 195 4200 fratrs,
224 4120 275 4182 sni
302 4126 374 4206 port
398 4120 474 4184 dnos
502 4121 674 4184 combine
697 4139 912 4204 cenarumque
936 4127 966 4184 el
994 4124 1178 4204 triumphum

84 4205 204 4286 lepotns
226 4204 260 4268 in
281 4206 393 4268 Asiam
415 4207 485 4269 iret.
529 4205 588 4284 Ibi,
612 4225 650 4268 ns
671 4205 847 4288 rnopnitudo
869 4211 899 4270 ei
923 4207 1065 4288 splendor
1086 4207 1180 4288 lspnti

214 4313 259 4361 tin
273 4315 507 4375 &unium
521 4315 597 4364 nois.
726 4317 802 4364 'add
814 4319 837 4364 el
850 4317 947 4378 Kreyss.
961 4317 1037 4366 llekh.

367 4383 381 4412 V
391 4381 508 4440 republica
519 4380 534 4428 l.
544 4381 626 4440 populo
637 4380 738 4427 &nono
749 4381 823 4428 Gron.
833 4381 901 4428 cres.

117 4478 145 4526 ll
165 4475 231 4524 ‘As
248 4479 335 4525 eninm
352 4475 467 4540 haiim]
486 4477 523 4526 Ad
542 4480 639 4525 modum
656 4479 697 4539 qui
730 4479 857 4540 equulus
869 4479 954 4526 cisium
967 4479 1028 4525 inter
1039 4491 1072 4525 se.

82 4543 159 4590 :irem
168 4540 250 4590 liber·
261 4541 396 4604 reipublice
407 4543 496 4600 siccat,
503 4543 544 4602 qui
556 4557 602 4590 non
611 4543 698 4589 officiat
