3108 4982
384 353 472 417 LIB.
495 351 660 418 XXXIX.
690 351 786 416 GAP.
810 351 1009 416 XXXVIII.
1315 361 1379 426 227

115 523 235 586 qm
257 501 435 583 eetsoedae:
457 523 492 567 re
511 503 595 585 opud
606 503 737 567 Aotaeoa
753 499 926 583 ”prm
940 503 1109 582 testor,
1130 506 1215 586 opud
1225 525 1359 574 u.o.asa.

116 589 381 652 summersam
393 589 552 670 inperium
567 593 622 651 eat.
665 589 780 664 Sentio,
794 588 887 668 Appi,
901 593 940 665 ei,
958 589 987 651 ei
1003 609 1064 652 non
1084 597 1211 672 oportet,
1226 591 1253 637 Α·
1265 591 1291 639 0
1305 590 1357 640 ¹⁸⁴·

117 693 179 738 noa
191 673 357 754 iadipsom·
379 673 443 750 aed,
457 693 511 736 oro
524 693 587 750 voa,
602 672 818 754 pumstomlibet
831 674 953 736 intersit
965 675 1047 736 inter
1059 675 1212 740 Roorcnoa

118 764 150 820 et
170 759 311 834 Actaeos,
332 757 420 820 orode
438 777 476 820 ne
499 759 532 820 ia
554 777 637 838 equo
660 758 760 820 testea
779 758 872 820 cestii
892 759 1046 840 nostrique
1063 761 1147 841 opud
1158 781 1211 824 oos

117 843 192 918 aiat,
213 861 251 904 oe
263 862 319 904 noa
332 843 427 914 roci·
449 845 540 904 inmo
554 862 592 904 ne
605 842 807 922 meliorejure
819 843 891 904 rint.
926 843 1019 921 Nom,
1034 849 1068 906 ut
1081 846 1113 906 ia
1127 865 1210 926 oeqreo

118 933 229 1004 meat,
249 927 451 1007 ooaseoimroe,
468 947 558 1008 qaam
579 928 658 1008 tepea
677 927 716 988 iis
734 933 856 988 nostrae
877 928 1031 1001 dedimam
1054 949 1153 1009 qoam,
1174 937 1210 994 ot

118 1012 226 1074 thaei
236 1021 251 1050 ¹²
265 1013 387 1074 concilii
398 1017 505 1089 meret,
520 1011 680 1092 effecimus.
717 1013 835 1074 Porum
849 1019 894 1074 eet
908 1013 1006 1090 oielie,
1021 1015 1102 1094 qood
1114 1017 1208 1078 vieto·

118 1095 203 1158 ritas
214 1097 357 1158 solberet.
388 1097 462 1177 plue
469 1097 628 1177 postulant
643 1097 751 1172 bootes,
766 1115 856 1176 quom
872 1099 948 1160 socii
970 1099 1089 1162 habea.
1135 1101 1208 1172 Qreae

110 1180 326 1260 jwejwondm
348 1199 414 1262 pun
437 1181 634 1244 moimmerotie
652 1181 811 1242 literarum
832 1183 866 1243 in
886 1181 987 1262 lapide
1003 1183 1161 1264 immelptie
1174 1187 1207 1248 in

117 1271 262 1327 etenum
275 1267 450 1328 memorium
464 1271 572 1328 annoto
585 1271 675 1346 atque
687 1271 812 1327 somata
828 1271 908 1343 aaut,
930 1285 967 1328 eo
989 1285 1056 1329 cam
1067 1269 1206 1348 perjurio

116 1355 221 1412 miro
245 1351 350 1412 tollere
366 1355 494 1430 parant.
543 1351 687 1412 Veremm
703 1350 822 1430 pridem
836 1369 898 1427 coe,
911 1351 1052 1428 Romam,
1066 1358 1106 1429 et,
1120 1353 1148 1416 ei
1160 1355 1207 1417 ito

115 1435 218 1511 muts,
240 1436 333 1496 etiam
355 1436 511 1496 timerem:
533 1435 589 1496 aad
603 1435 678 1514 plue
703 1440 733 1496 et
754 1453 891 1496 ommam
914 1441 944 1498 et
969 1436 1106 1498 timeraaa
1125 1437 1207 1501 Deos

115 1519 302 1582 imaortoles.
347 1517 431 1581 Cum
462 1518 599 1580 adsensu
627 1519 773 1581 maximae
802 1518 900 1602 partis
930 1526 979 1581 est
1006 1519 1143 1600 auditus,
1174 1531 1206 1586 et

115 1600 261 1665 locutum
274 1623 384 1666 ornnes
399 1623 458 1686 pro
469 1603 632 1687 majestate
644 1604 847 1686 magistratus
861 1603 1050 1667 censebanta
1066 1611 1104 1667 ut
1116 1605 1205 1670 facile

114 1686 290 1771 adpareret,
311 1687 449 1750 molliter
470 1687 592 1770 agendo
610 1687 795 1770 dignitatem
812 1709 902 1752 suam
915 1695 1021 1752 tenere
1044 1691 1204 1754 Romanos

113 1792 179 1834 non
194 1791 297 1856 posse.
339 1771 425 1834 Tum
437 1771 574 1856 Appius,
588 1773 717 1835 madere
730 1792 763 1834 ae
774 1793 954 1855 mopsopere
967 1775 1098 1852 Acteis,
1113 1775 1203 1856 dixit,
1224 1793 1228 1798 ·

110 1862 156 1934 at,
170 1857 242 1919 dum
256 1857 595 1920 benesonantem
609 1855 726 1936 facere,
748 1857 913 1938 ''pratiam
935 1859 1058 1937 inirent,
1078 1879 1116 1922 ae
1132 1881 1204 1924 moe

3 1969 4 1972 ¹
111 1942 200 2004 irriti
214 1947 244 2004 et
260 1943 359 2004 eoacti
365 1941 516 2022 facerent.
555 1941 636 2004 Hoec
646 1961 709 2004 vox
718 1942 826 2004 audita
836 1943 964 2026 quidem
975 1963 1048 2006 cum
1059 1945 1203 2009 omniurn

110 2025 234 2108 gemitu
258 2033 318 2103 est,
340 2025 397 2088 sed
417 2033 538 2088 metum
557 2025 666 2110 injecit
683 2025 836 2110 imperata
850 2028 1025 2091 recusandi.
1061 2029 1094 2090 id
1108 2031 1202 2094 modo

110 2110 286 2193 petierunt,
307 2116 342 2172 ut
355 2112 495 2187 Roaiam,
517 2129 582 2191 quc
595 2111 779 2188 viderentur,
801 2113 839 2174 de
855 2113 1091 2175 Lacedoemooiir
1103 2121 1203 2178 mato·

108 2199 193 2270 rent,
220 2213 275 2256 aee
300 2195 424 2256 Atheos
446 2197 591 2277 relipione
616 2195 836 2276 obstrinyereat
857 2197 951 2258 irrita
970 2215 1017 2272 eo,
1037 2217 1102 2276 quae
1113 2199 1202 2276 jure·

102 2277 244 2356 jraeoado
263 2279 437 2356 emesam,
451 2278 600 2358 faciendi.
637 2279 798 2341 damnatio
822 2286 949 2342 tantum
972 2279 1048 2341 Arei
1065 2287 1098 2342 et
1116 2281 1202 2344 Alci·

109 2361 224 2439 bindis,
238 2383 311 2446 quae
325 2383 427 2446 nuper
439 2364 521 2426 iacta
534 2371 611 2441 erat,
627 2362 752 2425 sublata
766 2370 825 2425 est.

157 2446 359 2510 XXXVIII.
383 2447 493 2511 fflmae
507 2446 664 2533 principio
679 2446 747 2531 ejus
762 2446 847 2524 anni,
885 2467 963 2510 uum
978 2446 1017 2510 de
1031 2446 1201 2532 provinciis
1215 2455 1348 2504 Proinde·

111 2530 283 2594 consulum
298 2539 329 2594 et
342 2541 515 2616 praetorum
528 2539 635 2596 actum
648 2541 741 2610 esset,
756 2532 880 2596 consuli
903 2553 942 2594 us
961 2531 1106 2616 Ligures,
1128 2533 1203 2616 quia

109 2613 234 2676 bellum
255 2635 410 2698 nusquam
431 2617 506 2680 alibi
530 2623 606 2694 erat,
628 2617 755 2680 decreti.
801 2617 965 2693 Praetores‚
988 2617 1026 2681 C.
1038 2617 1201 2682 Decimius

112 2697 231 2762 Flavus
252 2699 415 2780 urbanam,
438 2702 474 2764 P.
485 2701 653 2766 Cornelius
676 2702 839 2786 Cethegus
861 2702 944 2765 inter
964 2702 1048 2766 cives
1066 2712 1098 2766 et
1112 2725 1201 2787 pere-

108 2781 845 2948 ilitilhthiiisdfftlllzl
856 2787 1201 2954 {limittit

108 2951 177 3014 tius
204 2951 305 3017 Varro
335 2955 526 3054 Hispaniam
556 2955 740 3034 citeriorem,
770 2955 804 3019 P.
833 2953 1040 3039 Sempronius
1068 2956 1201 3038 Longus

111 3036 302 3121 Hispaniam
317 3039 508 3102 ulteriorem.
551 3039 653 3103 Deiis
667 3040 792 3103 duabus
806 3037 976 3124 provinciis
991 3037 1086 3136 legati
1123 3059 1158 3100 er
1168 3037 1202 3102 id

108 3121 176 3184 fere
199 3129 337 3208 tempus,
360 3124 400 3187 L.
422 3123 594 3188 Iuventius
615 3125 739 3187 Thalna
761 3132 794 3187 et
818 3123 856 3187 'lt
877 3121 1071 3188 Quinctilius
1116 3141 1201 3200 arus,

108 3215 276 3270 venenmt.
313 3207 379 3292 qui,
396 3217 552 3292 quantum
567 3208 686 3272 bellum
695 3208 763 3294 jam
777 3207 981 3294 profligatum
995 3206 1029 3270 in
1044 3206 1201 3292 Hispania

108 3299 205 3369 esset,
230 3299 343 3354 senatu
369 3293 491 3370 edocto,
514 3293 718 3378 postularunt
742 3292 847 3370 simul,
869 3300 907 3355 ut
931 3313 990 3376 pro
1012 3291 1108 3356 rebus
1133 3299 1200 3354 tarn

107 3393 260 3459 prospere
273 3375 372 3460 gestis
386 3377 458 3440 Diis
472 3377 692 3441 inmortalibus
706 3377 875 3441 haberetur
887 3377 1000 3454 honos,
1021 3385 1054 3440 et
1068 3383 1106 3440 ut
1118 3397 1201 3462 prae-

108 3459 234 3522 toribus
248 3461 421 3524 exercitum
445 3461 611 3546 deportare
630 3461 748 3524 liceret.
791 3461 989 3546 supplicatio
1008 3461 1042 3524 in
1064 3461 1200 3525 biduum

107 3543 237 3606 demeto
250 3553 308 3606 est.
351 3545 402 3608 De
416 3545 595 3643 legionibus
614 3545 829 3630 deportandis,
850 3567 951 3628 quum
973 3545 1013 3608 de
1031 3545 1200 3610 consulum

106 3635 346 3712 praetorumque
362 3629 550 3694 exercitibus
565 3639 719 3716 ageretis,
733 3651 800 3692 rem
810 3630 965 3713 integram
978 3629 1085 3694 referri
1094 3627 1200 3728 jusse-

106 3719 196 3774 runt.
228 3711 351 3776 Paucos
403 3722 434 3776 st
444 3714 512 3778 dies
527 3713 754 3777 ''consulibus‘’
767 3713 946 3798 inLigures
957 3711 1040 3776 binae
1049 3713 1199 3798 lamone,

106 3815 189 3878 quas
203 3797 267 3880 Ap.
276 3795 359 3860 Clau
382 3797 431 3860 'us
446 3806 478 3861 et
488 3799 538 3862 M.
551 3797 758 3882 Sempronius
768 3796 955 3875 habuerant,
965 3797 1098 3861 decretae
1112 3806 1198 3864 aunt.

6 3925 8 3938 .
107 3879 160 3942 De
184 3879 373 3944 exercitibus
404 3881 671 3967 Hispaniensibus
700 3902 817 3967 magna
844 3880 1005 3946 contentio
1032 3881 1094 3946 fuit
1116 3883 1200 3948 inter

203 4033 226 4062 ὓ
238 4044 329 4092 apaan
340 4028 460 4092 erisoedar
471 4033 534 4092 aperi
544 4032 648 4089 Aetna,
659 4045 684 4080 rr
693 4034 802 4092 precaria
811 4032 921 4142 me
938 4031 1010 4080 Gran.
1022 4033 1091 4080 (lm.

397 4099 412 4128 ¹²
423 4095 520 4142 Achaici
531 4095 608 4142 saka
787 4099 800 4130 ⁰
907 4095 981 4143 (iren.

139 4227 172 4282 ³7
188 4225 326 4276 'Procrin
345 4227 454 4291 uaria]
474 4230 590 4285 biberin.
607 4245 660 4291 qa·
672 4243 721 4278 noc
757 4243 848 4278 manos.

106 4293 203 4352 proprio
218 4295 284 4351 Jare,
312 4293 414 4352 propriis
434 4295 523 4342 viribus
546 4303 662 4350 tenatur.
681 4295 723 4342 aad
784 4295 821 4343 Μ
839 4291 984 4356 Omina]
998 4290 1364 4350 llicmeodoeelaglturlnliro·

106 4369 169 4414 qun,
180 4357 246 4402 velut
265 4369 295 4402 ea
314 4369 367 4414 qun
386 4359 494 4416 precibu·
513 4359 639 4418 impetrata
659 4365 723 4415 rant.
757 4359 864 4406 rodanis
875 4359 1018 4405 edldonibur
1029 4357 1122 4404 mnd-
1146 4355 1205 4401 alt·
1213 4355 1327 4402 editiones
1339 4363 1364 4402 et

106 4419 210 4478 penalem
221 4433 252 4466 ex
264 4419 344 4466 alieno
354 4421 462 4468 arbitrio.
754 4421 814 4468 Vici.
828 4423 879 4469 us.
891 4431 1007 4468 eruemur
1018 4421 1068 4480 lpse
1086 4425 1148 4466 etant
1168 4431 1211 4482 pro
1225 4431 1253 4466 aa
1263 4419 1363 4467 lectione

138 4481 171 4528 ³8
187 4481 321 4530 ‘orma-
342 4482 440 4546 atre-e]
469 4485 585 4541 Gratiam,
608 4492 720 4544 unquam
754 4485 1002 4546 qarmeapraarlmua

106 4546 239 4594 rolantuic
257 4545 392 4604 obsequia,
410 4547 456 4595 ribi
474 4557 585 4608 minant
596 4549 658 4608 apud
673 4549 721 4596 llo·

1135 4609 1192 4675 02
