3086 4952
230 307 273 371 22
816 297 910 364 'i'i'i'i
940 297 1056 366 lell

478 447 486 464 .
747 445 755 462 .
835 447 843 462 .
1129 445 1137 460 .
1238 443 1259 479 „
1335 445 1356 460 ..
1387 455 1404 486 ι

394 445 1454 599 communitio

398 625 515 696 essent,
529 625 562 680 et
575 637 669 701 pauor
683 615 887 680 tabernacula
900 615 1064 694 haberent,
1078 615 1253 680 mulhtudo
1266 614 1328 679 ulia
1341 635 1437 678 casas

399 701 575 766 arundine!
589 707 692 764 textas
704 700 825 779 fronde,
840 721 912 784 quse
927 700 1072 764 umbram
1093 699 1189 763 modo
1211 699 1382 784 preberet,
1398 707 1454 762 tex

401 794 492 866 sent3
514 784 699 884 priusquam
721 784 756 848 in
779 793 985 883 conspectum
1009 783 1174 848 hostium*
1187 783 1308 848 reniret
1330 783 1454 868 Philop

401 891 485 950 men,
500 891 558 934 nec
572 877 755 967 opinantem
769 869 872 932 ”eum
886 869 1045 954 mproviso
1059 887 1173 954 genera
1187 868 1263 932 beili
1282 868 1419 954 adgredi
1434 889 1454 929 s

291 959 299 1005 i
325 973 336 1004 ¹
401 955 474 1020 tuit.
517 953 653 1038 Navigia
664 974 762 1038 parva
776 952 811 1016 in
834 955 1002 1016 stationem
1025 953 1182 1016 occultam
1207 952 1274 1037 agri
1288 952 1405 1037 Argivi
1421 973 1454 1015 cc

248 1101 291 1134 noe
325 1085 331 1098 .
402 1039 521 1104 traxit:
543 1038 577 1102 in
590 1060 627 1101 ea
641 1037 803 1122 expeditos
816 1037 942 1116 milites,
951 1045 1096 1102 caehatos
1108 1037 1373 1122 plerosque,cum
1386 1037 1454 1098 fun«

403 1133 436 1189 et
444 1123 560 1209 jaculis
581 1122 695 1187 etalio
718 1121 779 1186 levi
803 1143 916 1207 genere
938 1131 1115 1200 arnusturse,
1131 1121 1283 1206 inposuit.
1311 1121 1389 1184 inde
1405 1121 1454 1183 liu

403 1209 523 1294 legens,
537 1229 637 1292 quum
652 1207 692 1270 ad
713 1227 771 1292 pro
795 1207 929 1290 inquum
943 1206 1054 1270 castris
1076 1205 1217 1269 hostium
1238 1205 1454 1290 promontorii

403 1293 553 1372 venisset,
648 1311 720 1354 ssus
806 1291 877 1355 'hus
900 1291 995 1370 notis,
1020 1297 1114 1354 nocte
1140 1289 1242 1353 Pleias
1255 1289 1423 1375 pervenitr

405 1377 517 1463 sopitis
553 1377 560 1392 ⁸
586 1377 592 1390 '
609 1376 690 1454 hus,
704 1383 742 1439 ut
756 1375 789 1438 iu
803 1375 891 1439 nullo
915 1375 1095 1473 propinquo
1116 1383 1215 1453 metu,
1228 1374 1336 1458 ignem
1352 1375 1436 1437 oasis

405 1461 596 1548 omniparis
610 1469 786 1524 castrorum
800 1459 917 1524 in'ecit.
961 1459 1060 1522 Mulu
1081 1459 1171 1544 prius
1194 1459 1340 1522 incendio
1356 1459 1454 1522 absus

406 1555 493 1624 sunt,
519 1567 614 1629 quam
638 1543 779 1607 hostium
840 1552 972 1608 ventum
995 1543 1164 1607 sentirent:
1187 1551 1229 1621 et,
1243 1543 1299 1627 qui
1321 1563 1454 1606 sensere]

406 1630 527 1694 nsrllam
541 1651 635 1714 opem
649 1629 729 1692 sene
752 1635 937 1712 potuerunt.
982 1627 1078 1692 Ferro
1100 1628 1289 1711 flammaque
1310 1627 1419 1691 omnia
1445 1649 1454 1688 s

407 1721 523 1778 sumta:
545 1711 696 1798 perpauci
709 1719 840 1776 tamen⁸
851 1733 892 1776 ex
905 1721 972 1776 tam
985 1711 1118 1798 ancipiti
1128 1719 1219 1797 peste
1230 1713 1271 1775 ad
1286 1711 1448 1798 Gythium

407 1797 527 1882 majora
538 1805 641 1860 castra
791 1805 878 1861 runt.
921 1797 973 1861 ita
993 1795 1148 1881 perculsis
1165 1795 1322 1875 hostibus,
1338 1796 1454 1880 Philop

407 1903 481 1946 men
505 1881 654 1966 protinus
676 1882 718 1944 ad
762 1901 779 1944 e
822 1879 995 1965 pulandam
1009 1877 1164 1966 'lhipolim
1178 1880 1328 1945 Laconici
1351 1881 1454 1965 agri(

406 1965 572 2052 proximus
592 1964 720 2028 “finem
783 1965 872 2051 egsio
914 1964 1043 2029 litas-run
1063 1973 1123 2044 est,
1143 1965 1254 2029 duxits
1276 1973 1319 2043 et,
1332 1985 1365 2027 m
1431 1985 1450 2026 a

408 2071 559 2136 pecorum
582 2049 811 2134 hominumque
838 2051 912 2114 ine
940 2049 1082 2135 abrepta,
1109 2050 1297 2166 priussppam
1332 1987 1454 2133 agisti

408 2143 564 2220 tyrannus
577 2133 761 2220 proesidium
775 2134 859 2218 agris
872 2133 1021 2213 mitteret,
1036 2134 1190 2198 discessit.
1245 2133 1348 2197 Indob
1361 2134 1454 2218 Tegei

409 2219 549 2283 exercitu
569 2227 741 2297 contracto,
756 2219 952 2303 concilioque
974 2219 1086 2282 eodem
1108 2227 1141 2282 et
1155 2218 1282 2282 Achaeis
1297 2225 1330 2282 et
1344 2219 1437 2280 sociis
1452 2223 1454 2280 i

409 2304 505 2384 dicto,
518 2304 552 2367 in
575 2325 639 2388 quo
662 2311 695 2367 et
712 2303 918 2388 Epirotarum
938 2311 972 2366 et
992 2301 1196 2367 Acarnanum
1219 2303 1306 2366 fuere
1330 2301 1454 2386 princip

410 2387 532 2466 statuit,
547 2388 697 2485 quoniam
712 2388 789 2450 satis
803 2395 835 2450 et
849 2407 980 2451 suorum
996 2408 1015 2450 a
1034 2387 1156 2472 pudore
1177 2387 1343 2450 maritimae
1365 2386 1454 2470 ignor

409 2472 472 2534 nim
492 2471 632 2534 restituti
646 2471 753 2548 animi,
768 2479 801 2534 et
819 2471 960 2536 hostium
982 2471 1144 2535 conterriti
1158 2479 1274 2550 essent,
1289 2471 1329 2534 ad
1351 2471 1453 2534 Laced

410 2575 538 2619 monem
553 2555 687 2618 duceres
708 2575 746 2618 eo
760 2554 855 2618 modo
869 2575 935 2618 uno
949 2563 1037 2619 ratus
1051 2557 1091 2619 ab
1112 2555 1276 2620 obsidione
1292 2555 1404 2654 Gythii
1425 2557 1453 2618 h«

410 2646 477 2702 tem
491 2637 606 2701 abduci
620 2659 724 2722 posse.
766 2637 819 2702 Ad
832 2639 853 2670 '¹
867 2639 1007 2724 Caryas⁶
1032 2641 1172 2725 primum
1196 2641 1229 2702 in
1253 2642 1392 2704 hostium
1417 2647 1453 2702 tei

314 2743 364 2788 ium
411 2721 519 2808 posuit
533 2729 644 2785 castra.
687 2721 822 2806 Enipeo
836 2723 886 2786 die
901 2724 1060 2809 Gythium
1081 2745 1119 2787 ex
1143 2733 1298 2809 ugnatum
1320 2732 1377 2788 est.
1408 2725 1453 2808 cup¹

246 2821 274 2852 ⁰⁸
302 2869 307 2882 ,
354 2819 370 2852 ⁸
412 2806 457 2870 rei
471 2807 599 2891 ignarus
623 2806 851 2891 Philopoemen,
867 2817 969 2872 castm
990 2809 1031 2872 ad
1054 2747 1305 2873 Barbosthenem
1328 2811 1453 2890 (mons1

271 2885 285 2917 ⁸
301 2883 309 2915 ¹
326 2885 347 2916 ⁶
412 2891 521 2954 decem
534 2891 633 2955 millia
644 2913 798 2991 passuum
812 2892 852 2956 ab
868 2893 1107 2976 Lacedaemone)
1119 2894 1287 2992 promovit.
1329 2893 1373 2956 Et
1388 2893 1453 2956 Nai

411 2985 538 3062 recepto
554 2975 686 3062 Gythro,
702 2999 776 3040 cum
791 2978 938 3062 expedito
961 2978 1101 3042 exercitu
1122 2979 1196 3042 rude
1215 2977 1453 3063 profectus,qu1

410 3069 526 3146 praeter
538 3061 799 3125 Lacedaemonem
812 3062 929 3147 raptim
944 3063 1098 3142 duxisset,
1112 3061 1259 3148 ”Pyrrhi
1276 3064 1358 3146 (quoe
1373 3083 1453 3124 vocsu

410 3153 513 3208 castra
527 3145 712 3228 occupavit:
735 3167 830 3228 quom
845 3147 912 3232 peti
925 3147 1031 3210 locum
1046 3147 1086 3210 ab
1103 3147 1238 3225 Achaeis,
1247 3169 1312 3210 non
1325 3146 1453 3210 dubitab

410 3227 485 3292 inde
513 3228 659 3292 hostibus
687 3229 837 3294 obcurrit.
891 3231 1092 3295 Obtinebant
1119 3241 1226 3295 autem
1252 3231 1347 3315 longo
1375 3231 1453 3315 agni

409 3319 541 3460 propter
555 3313 717 3397 angustias
730 3313 790 3378 vioe
827 3335 903 3400 rope
927 3316 1068 3400 quinque
1093 3313 1192 3379 millia
1215 3335 1377 3400 passuum.
1406 3336 1452 3400 cop

433 3405 505 3460 atur
519 3417 632 3495 agmen
647 3397 687 3462 ab
702 3335 873 3482 equitibus,
888 3399 909 3431 ⁰¹
919 3408 952 3463 et
963 3400 1099 3464 maxime
1120 3403 1161 3463 ad
1183 3407 1273 3485 parte
1294 3399 1452 3462 auxiliorur

410 3479 1121 3570 quodemstimabatPhilopoemen,tyrannum
1128 3483 1329 3548 mercenariis
1336 3483 1452 3546 militib1

410 3565 527 3650 quibus
540 3565 716 3651 plurimum
729 3567 852 3647 fideret,
866 3569 928 3632 ab‘
942 3577 1033 3654 tergo
1047 3590 1122 3633 suos
1139 3569 1371 3654 adgressurum.
1412 3569 1452 3630 Dr

405 3689 497 3736 *Acro
505 3691 580 3736 Grou.
593 3691 661 3740 Cres.
720 3723 727 3738 .
813 3695 988 3743 tersoriiss'iss
1000 3695 1152 3742 (immorer.
1224 3697 1305 3742 ¹hosii
1317 3693 1406 3754 Kreyss
1418 3693 1452 3738 Be*

405 3755 420 3785 ⁸
430 3758 505 3800 tossen
515 3754 560 3800 dei.
573 3755 650 3802 Behh.
740 3757 801 3804 iden
811 3757 885 3806 Gron.
991 3764 1004 3794 ⁰
1016 3759 1098 3807 Corios
1110 3759 1170 3806 ena
1257 3754 1305 3806 “st
1314 3761 1406 3805 norim
1417 3757 1452 3804 Bei

406 3819 445 3862 ’o
456 3816 529 3864 oron.
541 3817 609 3866 (ἔην.

278 3909 310 3967 87
326 3907 407 3972 Aesis]
427 3913 701 3975 hessendumestdoriis,
713 3930 743 3964 ex
755 3919 857 3966 naemei·
889 3919 1030 3968 reoentiores
1041 3919 1099 3968 editi
1110 3935 1152 3982 pro
1163 3921 1216 3968 isde
1231 3921 1333 3968 iecersru
1344 3922 1404 3968 idest.
1435 3921 1452 3966 C

245 3977 289 4023 hus
301 3979 523 4066 supramemoratis.
889 3983 1000 4040 reximus,
1012 3993 1123 4032 monente
1135 3985 1261 4033 Gronorio.

277 4039 311 4087 88
351 4035 424 4101 Esse]
442 4041 528 4089 Nebin.
921 4046 950 4096 ⁹1
971 4045 1071 4110 Caryas]
1089 4049 1224 4096 Sionomen
1236 4050 1281 4096 hoo
1289 4047 1451 4096 scribendume

277 4103 310 4152 ὅθ
325 4103 405 4152 Fines·
415 4102 638 4168 Mogaiopoiiiorsn]
655 4107 742 4154 hierico
756 4108 803 4168 legi
815 4109 857 4170 Ju·
889 4124 936 4158 non
950 4111 1039 4168 Corios,
1051 4114 1168 4172 quomodo
1179 4113 1249 4174 vulgo
1258 4113 1315 4160 editi
1325 4113 1412 4160 habent.

245 4167 285 4213 het
308 4167 440 4215 Gronovius
463 4169 533 4229 fissos
555 4169 777 4232 Megalopolitanum.
819 4173 857 4220 hie
921 4175 953 4222 ω
969 4173 1223 4238 Pyrrhi...0ostro]
1242 4175 1334 4224 Nomen
1345 4177 1392 4222 ioci.

245 4229 458 4294 enimsmstioqui
471 4233 558 4280 Livius.
593 4233 618 4280 L.
632 4233 673 4280 IX.
686 4249 705 4280 c.
717 4234 741 4290 6,
753 4237 858 4296 αᾰΜ
920 4237 1001 4286 9³13!
1031 4241 1126 4287 saueius
1143 4256 1160 4288 o
1176 4248 1245 4302 ports
1266 4237 1405 4302 aribone]
1432 4239 1451 4285 h

246 4293 391 4370 Gonoessa
425 4295 453 4344 1..
465 4297 494 4345 X.
506 4313 525 4344 o
541 4297 581 4355 bb,
598 4297 703 4357 adfinem
714 4297 857 4348 Iasoeriesss.
885 4301 954 4360 lubet
969 4302 1113 4360 Perizonius,
1126 4311 1149 4352 et
1165 4307 1263 4352 misso
1272 4311 1336 4367 porte
1346 4305 1451 4351 ossiis'm

246 4355 447 4418 Etsiihssepius.
888 4373 957 4412 recte.
993 4367 1148 4416 uuumenim
1160 4369 1278 4430 equitstus
1294 4377 1318 4416 et
1335 4369 1451 4430 maurit

276 4421 309 4467 90
326 4421 382 4468 Isds
395 4421 503 4484 Tegean]
521 4423 583 4472 Olim
603 4425 652 4470 rusi
669 4425 723 4473 iscis
743 4425 855 4488 Telegonus.
888 4441 940 4474 runt
952 4438 1020 4490 cogat
1030 4445 1123 4490 meo,
1135 4433 1175 4491 qui
1191 4441 1269 4494 potest
1279 4433 1371 4491 intelligi
1383 4431 1449 4492 msgis

246 4483 337 4530 Nomen
359 4485 440 4544 oppidi
466 4488 568 4534 restituis
590 4487 710 4537 Gelenius.
744 4489 777 4537 At
795 4491 856 4537 maie
888 4493 918 4538 sb
929 4491 1032 4554 auxiliis,
1042 4497 1282 4556 qusmshequitibus
1293 4495 1405 4557 prestari!
