3094 4954
203 311 265 376 128
786 301 878 366 '1’1'1'1
902 299 1017 365 mvn

439 455 446 470 .
972 448 994 481 „
1368 449 1376 464 .

204 475 272 586 n:
283 473 338 586 n
364 445 1455 619 mmmmwrmm

369 641 434 706 qus
441 639 559 703 parcre
571 625 601 681 et
614 637 747 700 querere
760 617 890 679 arduum
897 615 973 696 ficit,
988 617 1087 678 nescia
1099 617 1229 678 cntueri
1240 615 1392 700 difficilius
1404 620 1453 680 sit.

372 708 479 770 Gsrstis
502 703 710 766 uetustissima
733 701 990 781 mitissimaque,
1012 700 1060 762 uel
1071 697 1163 779 sama
1176 719 1279 762 rerum
1289 707 1454 782 pertarum,

369 793 418 854 aet
434 790 515 872 amni
537 787 790 850 commendatione
810 785 1009 848 humanitatis
1027 783 1300 865 doctrinarumque,
1315 787 1456 849 tuendam

371 875 410 938 ab
424 875 547 937 seruitia
568 873 653 954 repio
672 870 841 933 libertatem
860 869 1044 948 suscepistis.
1080 865 1101 898 ⁸¹
1113 869 1169 930 tuac
1182 872 1389 949 patrocinium
1407 892 1455 934 re-

370 965 462 1042 cepte
474 959 507 1020 in
515 956 608 1038 fidem
621 961 651 1018 et
664 955 718 1018 in¹
733 954 902 1017 clientelam
923 957 1055 1016 uestrum
1079 953 1226 1014 universe
1243 955 1365 1034 pentir·
1382 976 1455 1035 per-

364 1049 492 1126 petuum
505 1061 558 1104 uos
572 1045 725 1122 prastme
747 1039 842 1101 decet.
886 1035 998 1114 ‘'Nan,
1013 1055 1078 1118 quc
1099 1037 1133 1098 in
1146 1037 1209 1099 sata
1231 1038 1318 1100 moda
1333 1041 1456 1120 antiqua

370 1133 451 1205 sunt,
468 1127 581 1188 &cen
595 1125 693 1205 ruapis
707 1123 796 1184 urbes
808 1127 888 1199 ssent,
904 1141 993 1202 quam
1007 1121 1128 1183 catania
1142 1141 1256 1199 samam,
1270 1123 1355 1186 ittinc
1365 1143 1456 1204 pison

371 1213 442 1275 dam
449 1209 595 1292 prosecta
609 1210 642 1270 in
656 1209 775 1270 Asiam.
817 1207 884 1268 Nee
904 1211 989 1268 terra
1004 1211 1123 1268 mutata
1144 1207 1272 1269 mutauit
1290 1227 1386 1288 penus
1403 1214 1456 1270 aut

371 1315 478 1358 meres.
515 1299 634 1357 certare
649 1293 705 1372 pia
728 1291 891 1354 certamine
913 1289 1070 1370 mrimtibct
1089 1289 1171 1352 banc
1190 1292 1270 1355 artis
1284 1311 1321 1354 ac
1334 1293 1457 1354 uirtutis

372 1381 440 1442 ausi
453 1399 556 1441 sumus
574 1397 641 1440 cum
656 1376 836 1458 parentibus
850 1393 971 1456 qttaeqm
984 1375 1093 1436 ciuitas
1111 1379 1141 1436 st
1159 1375 1364 1438 cantuaritis
1383 1379 1455 1439 suis.

371 1464 493 1526 Adistis
510 1461 866 1539 &animaduersurum
878 1459 967 1520 urbes
974 1459 1123 1540 plerique.
1159 1459 1219 1522 nisi
1242 1460 1323 1540 quod
1342 1461 1457 1544 lampius

373 1569 394 1611 a
406 1547 489 1611 uatis
503 1547 652 1624 absumus,
667 1545 750 1606 nuda
762 1543 912 1606 vincimur
925 1543 988 1604 alia
1002 1562 1046 1605 re.
1089 1543 1307 1622 Mmsitiemes,
1327 1565 1410 1626 quas,
1429 1547 1457 1607 si

372 1639 485 1695 natura
498 1631 591 1693 insita
605 1627 627 1660 ⁸⁶
637 1629 718 1690 uetut
732 1628 850 1709 inperiis
866 1633 955 1689 terra
968 1628 1048 1689 uinci
1056 1633 1171 1708 posset,
1177 1627 1247 1708 jam
1258 1629 1378 1708 pridem
1388 1629 1457 1711 effe-

372 1721 493 1778 rassent
514 1719 558 1776 tot
580 1712 732 1776 indomite
755 1709 943 1792 circumfusa
966 1717 1082 1792 pentes,
1105 1713 1139 1774 in
1162 1732 1196 1774 ea
1220 1714 1341 1790 tonare,
1365 1716 1399 1777 in
1422 1735 1458 1777 ea

373 1801 480 1864 merita
494 1799 642 1879 dipnitate
657 1797 796 1858 audimus
809 1795 892 1876 apud
904 1815 957 1857 uos
969 1815 1043 1874 esse,
1058 1815 1096 1858 ac
1108 1797 1136 1859 si
1150 1797 1280 1860 nsedium
1288 1799 1458 1862 umbilicum

376 1884 501 1948 Grecis
521 1882 694 1944 incalerent.
729 1901 790 1943 nan
813 1881 892 1943 enim
910 1899 1016 1942 sonum
1035 1879 1123 1944 nsoda
1144 1881 1252 1964 tinpuoe
1265 1885 1459 1964 vestitumque

373 1973 404 2032 st
416 1967 561 2044 habitum,
575 1965 631 2029 sed
643 1970 714 2028 unte
728 1966 828 2028 omnia
842 1983 950 2042 mores,
965 1970 995 2026 et
1010 1965 1097 2046 tepes,
1111 1971 1140 2028 et
1151 1967 1301 2049 inpcnium
1311 1969 1459 2031 sinerum

373 2055 579 2134 inteprumque
593 2071 614 2114 a
628 2051 804 2132 ccntapians
818 2049 1004 2127 adcolarum,
1025 2057 1195 2114 sennanim.
1242 2052 1397 2116 Termima
1414 2059 1458 2116 est

374 2157 453 2200 nunc
467 2137 586 2217 imperii
598 2136 692 2198 vestri
706 2155 791 2197 mans
808 2135 936 2196 Tamus.
968 2133 1115 2215 quidquid
1127 2135 1211 2198 intra
1225 2155 1292 2198 eum
1306 2137 1459 2200 cardinem

374 2228 430 2300 est,
444 2223 523 2284 nituit
536 2222 728 2302 terspinquum
744 2219 828 2282 vobis
851 2219 949 2281 uideri
963 2219 1058 2281 debet.
1087 2239 1145 2300 prm
1160 2241 1247 2282 arnna
1268 2227 1369 2284 uestra
1385 2243 1458 2303 per-

373 2311 528 2382 uenerunt,
548 2305 650 2368 eadem
656 2305 712 2385 jus
726 2305 797 2366 iinc
803 2302 975 2386 profectum
982 2305 1151 2384 pmusssiat.
1194 2305 1340 2384 Barbari,
1354 2307 1460 2388 quibus

368 2411 430 2475 pro
455 2390 568 2472 lapibus
590 2409 708 2471 sesnper
731 2389 919 2452 dominarum
940 2389 1068 2468 imperia
1081 2387 1218 2468 firmum,
1240 2409 1296 2471 qim
1315 2392 1459 2472 pauderit,

374 2474 867 2638 imitemini
881 2471 1458 2638 ittttttt²t⁰'.tetmt‘·

375 2662 464 2717 nunc,
477 2643 635 2720 imperium
647 2639 699 2702 ubi
713 2646 768 2718 est,
783 2641 826 2702 ibi
838 2647 872 2704 ut
884 2643 926 2704 sit
935 2647 1126 2722 perpetuum,
1141 2580 1255 2726 apiani
1292 2610 1460 2710 libertatem

375 2725 485 2824 uestris
499 2725 579 2786 tueri
593 2725 688 2824 armis
701 2727 779 2787 satis
793 2725 913 2802 habent,
926 2727 1076 2824 ‘numiam
1087 2728 1152 2790 suis
1165 2749 1225 2791 nan
1233 2736 1372 2810 possunt.
1415 2733 1461 2793 At

375 2829 454 2957 ‘ii'
469 2808 1215 2976 murmurmurmur.
1235 2813 1462 2982 itm

376 2998 553 3056 mmmmm,
578 2979 731 3060 Cartiapa
753 2978 848 3041 libera
867 2999 934 3042 mm
956 2980 1019 3042 suis
1042 2980 1155 3062 tepidus
1169 2987 1223 3045 est.
1265 2983 1350 3047 Huic
1362 2991 1462 3048 uestra

376 3065 510 3146 ecmnpla
524 3069 669 3144 putantum
682 3063 826 3141 debeatis,
840 3063 947 3142 videte,
969 3065 1082 3127 Patres
1096 3068 1267 3149 emiseripti.
1308 3068 1464 3132 inducetis

376 3150 410 3211 in
421 3151 553 3211 animum
561 3167 672 3230 nepare
680 3147 827 3211 Eumenis
837 3148 1008 3229 cupiditati,
1022 3150 1104 3230 qsmd
1103 3151 1283 3230 justissime
1292 3153 1347 3215 ira
1356 3160 1464 3216 uestris

376 3233 519 3313 nepastis.
562 3233 676 3294 modii
688 3238 718 3294 et
731 3234 765 3294 in
778 3234 843 3310 tuac,
858 3237 889 3294 et
902 3233 936 3295 in
950 3233 1085 3296 omnibus
1100 3233 1195 3314 bellis,
1210 3255 1275 3317 qtae
1289 3238 1322 3300 in
1336 3239 1393 3300 itta
1408 3259 1464 3302 ora

373 3317 522 3398 pessistis,
551 3335 642 3396 quam
660 3315 743 3397 santi
763 3315 909 3398 fidelique
936 3337 1028 3398 opera
1050 3338 1103 3381 aas
1129 3320 1341 3401 adinvenimus,
1363 3329 1465 3386 uestra

368 3400 489 3480 judicia
503 3401 708 3480 relinquimus.
735 3419 815 3464 nunc
829 3403 862 3464 in
870 3421 949 3482 pace
964 3401 1000 3463 id
1012 3404 1168 3466 consitium
1183 3404 1369 3486 adserimus,·
1385 3409 1469 3488 qssad

376 3485 405 3547 si
418 3484 681 3566 comprobarer-itis
690 3484 714 3563 ¹²,
735 3485 974 3567 mapniricerstius
986 3505 1039 3548 aas
1053 3489 1181 3551 uictoria
1195 3510 1265 3552 usas
1279 3511 1352 3568 esse,
1374 3512 1467 3572 quam

376 3569 493 3666 uicisse,
507 3589 608 3632 amnes
622 3571 827 3633 enietimaturi
847 3571 919 3634 sint.
962 3571 1050 3655 Apta
1072 3571 1286 3656 magnitudini
1311 3575 1467 3640 Romnnoe

377 3660 477 3716 omno
491 3653 558 3716 visa
572 3661 631 3717 est.

416 3791 428 3822 Ι
444 3790 605 3837 insisteres.
669 3793 766 3853 ¹gentis
776 3789 822 3838 del.
834 3791 907 3838 Gran.
920 3789 988 3838 Crsv.
1038 3787 1231 3854 ιἐιιιιριίιὸιιιιίιί
1243 3793 1308 3844 nen
1319 3809 1372 3844 curn
1386 3796 1467 3846 Bskk.

245 3925 273 3974 st
296 3925 361 3978 unos
377 3931 473 3972 ιιιινιιι
492 3940 569 3972 namen
586 3927 744 3987 inspectumque
748 3924 821 3986 juxta
852 3927 986 3974 exhibendo
1006 3928 1129 3984 universa,
1141 3930 1283 3990 ubicumque
1299 3931 1404 3987 tunium,
1416 3933 1468 3979 sive

213 4005 242 4038 ns
257 3992 309 4038 deor
321 4022 328 4037 .
340 4022 346 4036 .
357 4020 365 4036 .
376 3985 490 4050 iniustus]
508 3989 623 4036 Particuls
640 4003 668 4036 uc
684 3989 776 4036 videtur
791 3991 821 4036 sb
852 3991 877 4036 in
895 3992 985 4038 Grecis
1001 3991 1059 4051 ipis,
1069 3991 1118 4039 sive
1135 3993 1160 4039 in
1172 3993 1229 4040 Asis
1240 3995 1315 4042 Grnci
1332 3996 1430 4056 degunt,
1443 4006 1469 4043 et

213 4055 243 4102 iis
260 4055 351 4115 sdJssts
368 4066 427 4108 esce,
445 4053 484 4112 qui
504 4053 637 4111 igncrsrent
653 4053 822 4112 prepositionis
854 4053 1035 4115 inperpetuum.

207 4117 280 4180 justu
290 4119 396 4165 eumdem
414 4115 462 4162 isrs
478 4131 529 4162 esse
540 4116 587 4162 sinn
599 4129 626 4162 sc
637 4116 681 4162 roc
692 4118 822 4172 secusdum,
885 4117 918 4166 68
934 4119 985 4165 Nm
997 4133 1046 4180 qu
1058 4119 1378 4184 insciamdaantiqusmt]
1396 4123 1469 4170 itudo

213 4185 339 4229 mnium
349 4195 422 4244 mass.
440 4181 477 4228 Sic
485 4181 500 4226 Ι.
511 4179 552 4226 ΙΧ.
561 4193 580 4225 c.
589 4181 612 4234 9,
621 4181 683 4238 apud
692 4178 823 4240 quasjucts
854 4181 892 4228 hic
911 4182 1072 4241 intelligimus,
1087 4185 1216 4232 sticum
1250 4185 1302 4232 Nisi
1318 4185 1379 4233 icrts
1394 4188 1468 4234 debet

213 4247 301 4293 dininas
311 4247 430 4308 religiones
436 4245 494 4306 fides
505 4245 601 4290 iussam
612 4243 700 4288 eutitrm
854 4245 950 4291 omnino
961 4247 1040 4293 recidi.

244 4309 277 4356 62
293 4306 364 4356 'tius
378 4304 539 4369 patrocinium]
558 4307 637 4356 Quum
653 4319 706 4352 curn
716 4315 820 4364 gentem.
884 4307 916 4355 di
934 4310 1026 4356 'Velut
1044 4312 1133 4372 ingenis
1152 4310 1233 4374 tem]
1251 4313 1370 4376 ingenis·
1387 4321 1424 4361 est
1442 4315 1468 4362 id

214 4371 320 4419 Granum
329 4373 423 4428 scilicet,
430 4373 454 4420 tn
460 4371 530 4419 utem
538 4369 716 4428 ciisntelsmqus
722 4377 820 4418 restrum
853 4371 916 4430 quad
927 4373 1059 4432 ingenitum
1071 4383 1114 4430 est,
1122 4377 1208 4422 nuttrss
1219 4377 1293 4424 dotes.
1310 4379 1372 4428 Quis
1384 4387 1469 4425 tamen

213 4435 354 4492 receperitis,
365 4449 406 4482 rus
417 4435 485 4484 isses
502 4435 546 4482 hcc
562 4434 582 4482 si
595 4433 749 4494 perminima
761 4448 821 4494 pr·-
852 4435 924 4494 psuia
942 4437 1054 4483 sudscins
1071 4439 1181 4486 tribuitur
1199 4449 1274 4496 ιιπι,
1285 4441 1339 4488 ideo
1357 4443 1468 4502 apposita

332 4499 415 4546 ¹⁴rlrsrs
426 4500 497 4546 fldem
509 4507 617 4552 vestrim,
628 4503 737 4558 patronos
748 4511 789 4544 ras
799 4498 820 4544 st
853 4505 890 4545 ιιι
901 4499 1015 4558 purtimls
1025 4502 1092 4558 mist,
1106 4517 1158 4562 qun
1168 4517 1217 4550 rsrn
1229 4505 1325 4552 moilist.
