3094 4954
475 297 563 362 LIB.
585 293 785 362 XXXVIII.
815 296 911 362 CAP.
933 297 992 362 LI.
1343 303 1403 367 183

148 467 294 524 exorsus,
308 453 346 508 ut
361 444 436 510 satie
451 451 621 525 constaret,
641 445 799 510 neminem
817 465 970 529 umquem
990 465 1094 529 neque
1116 445 1240 524 melius,
1254 459 1282 506 υ.
1295 461 1320 506 c.
1333 461 1386 508 son.

148 553 255 615 neque
280 531 386 594 verius
413 530 579 596 laudatum
606 551 685 596 esse.
727 531 926 594 Dicebmrtur
951 530 1036 593 enim
1064 529 1105 593 nb
1128 531 1239 594 eodem
1253 524 1280 570 Α·
1294 525 1319 570 ⁰·
1333 525 1385 580 ¹³⁷·

148 617 257 679 animo
275 613 477 700 ingenioque,
499 635 518 677 n
537 635 602 698 quo
621 621 712 700 geste
728 624 835 678 erent:
857 623 890 678 et
905 615 927 647 '³
939 614 1062 678 aurium
1076 614 1239 678 festidium

148 701 269 778 aberat,
282 701 358 784 qnia
372 721 431 784 pro
445 699 596 845 periculo,
611 699 723 762 nonin
738 699 880 784 gloriam,
894 699 1117 762 referebantur.

195 785 252 847 LI.
273 783 408 848 Tribuni
431 784 533 868 pebis
548 785 685 846 “vetere
707 783 841 848 luxusiae
867 783 998 847 crimine
1026 784 1238 867 Syracusano-
1250 796 1365 842 nisano-

149 891 223 932 rum
237 868 453 945 hibernorum,
468 876 501 932 et
515 868 625 931 Locris
640 867 871 932 PleminInnum
882 868 1067 946 tumultum,
1082 890 1182 952 quum
1197 869 1238 932 nd
1250 875 1301 970 ΝΞ
1313 861 1391 906 cumi.

150 953 247 1016 iidem
262 953 468 1038 praesentium
481 951 650 1016 criminum
663 953 863 1031 retulissent3
879 952 1111 1037 suspicionibus
1126 953 1237 1038 magis,
1250 937 1281 971 ¹¹⁸
1299 938 1363 970 ones.

151 1059 247 1121 quesn
268 1037 473 1122 argumentis,
494 1037 637 1121 pecuniae
655 1045 756 1121 capim
777 1059 866 1100 reum
885 1045 1084 1100 accusarunt.
1126 1039 1238 1101 lilium

149 1129 273 1204 coptsnn
286 1125 352 1185 sine
366 1123 469 1202 pretio
482 1122 644 1200 redditum,
666 1121 856 1204 omnibusque
871 1124 942 1184 aliis
955 1122 1044 1184 relies
1057 1123 1238 1203 Scipionem,

149 1213 306 1288 tumpsnm
324 1209 357 1269 in
373 1207 437 1287 nus
453 1208 542 1269 ussine
558 1225 650 1268 monn
662 1227 732 1288 poe
748 1207 888 1269 Ronmnu
911 1207 1074 1287 bellumque
1091 1213 1177 1284 esset,
1199 1207 1238 1270 ol

149 1293 302 1354 Antiocho
325 1293 446 1353 mlum.
489 1292 678 1354 Dictotmm
706 1311 772 1353 eum
801 1291 925 1367 eonnsli,
954 1311 1015 1352 non
1043 1291 1183 1372 kyotnm,
1204 1293 1238 1354 in

144 1377 306 1456 pouinciu
320 1375 437 1456 ,titisse5
460 1394 514 1438 nec
533 1376 577 1438 od
593 1376 687 1438 aliam
704 1395 769 1438 rem
791 1395 825 1438 eo
837 1373 1020 1455 projectum,
1035 1395 1125 1456 qnam
1139 1381 1183 1454 nt,
1204 1375 1240 1438 id

149 1461 232 1541 prod
251 1461 419 1540 lis-sparsio,
443 1461 561 1537 Gallie,
584 1460 706 1536 Sicilie,
729 1457 846 1540 Afiicoe
854 1458 1041 1540 jampriden
1059 1479 1238 1538 persicorum

150 1549 238 1620 esset,
259 1546 315 1606 loc
341 1544 466 1606 &ecio
487 1545 627 1625 Aeiaeqrce
650 1549 680 1606 et
697 1543 833 1606 omnibuis
854 1543 898 1605 cd
917 1543 1061 1606 orientem
1090 1542 1237 1605 ''rirersie⁰

152 1629 271 1728 repilss
279 1629 475 1710 pentibanne
489 1628 651 1709 adpareret
659 1653 669 1700 ,·
684 1648 775 1690 nnum
790 1629 937 1692 hominem
948 1633 1039 1708 caput
1049 1629 1238 1709 colunzcnqroe

147 1883 252 1964 populi
264 1883 364 1962 jassen
388 1902 462 1944 esse.
499 1880 657 1944 “infamis
680 1880 834 1944 intectum
858 1880 985 1958 invidie,
1007 1902 1071 1965 quc
1089 1888 1235 1978 possunt,

148 1975 300 2115 ..miili
314 1965 607 2128 ..littei
624 1964 1236 2135 t⁰ttitiiilicltziitiit

150 2135 279 2198 (litatus
297 2155 370 2198 reus
389 2157 504 2220 magno
598 2135 650 2198 ine
670 2135 842 2198 amicornm
861 2134 1086 2218 clientiumque
1100 2155 1157 2219 per
1171 2155 1237 2197 ure·

151 2219 239 2282 diam
263 2217 443 2282 concionem
465 2219 506 2283 sd
585 2228 651 2283 stre
678 2219 793 2282 subiit:
818 2218 1006 2302 silentioque
1035 2219 1129 2295 fecto,
1158 2220 1236 2296 Hoc,
1249 2225 1401 2300 septennes

150 2303 269 2386 inquit,
291 2303 350 2380 die,
373 2304 484 2368 tribuni
501 2305 611 2386 piebis,
629 2324 738 2385 norw
764 2305 907 2380 Quirites,
931 2323 999 2365 mern
1014 2303 1187 2364 Hannibale
1208 2299 1395 2366 eil’01'·⁰¹²¹¹‘”

149 2389 459 2470 Kortlsopiniensilne
480 2391 577 2471 eipnis
599 2391 738 2466 cunulis,
760 2389 794 2450 in
817 2387 930 2468 Africo
953 2387 1025 2450 lene
1047 2406 1085 2449 cc
1101 2385 1240 2467 feliciter

145 2475 292 2554 pupnnoi.
328 2474 445 2556 Itaque,
459 2494 549 2556 quaem
558 2475 647 2537 nodie
658 2473 761 2536 litilen
769 2473 918 2554 etjurpiis
925 2471 1114 2553 nepnsederi
1125 2491 1240 2553 equom

150 2559 205 2634 sit,
219 2578 272 2638 epo
285 2560 355 2622 linc
369 2561 516 2640 cotemplo
534 2561 567 2622 in
594 2559 775 2640 Capitolinos
792 2557 836 2620 od
850 2559 955 2620 Jouern
973 2558 1117 2638 optimum
1140 2558 1239 2619 mosi-

152 2662 234 2704 snum
254 2643 457 2725 Iunonemque
479 2650 508 2706 et
530 2644 705 2706 Mineruam
725 2649 895 2725 ceterosque
906 2643 998 2721 Deos,
1020 2643 1073 2724 qni
1091 2643 1239 2724 Capitolio

151 2733 243 2807 otpsoe
255 2729 323 2790 urci
330 2728 507 2808 president,
521 2729 697 2791 sumendos
710 2727 778 2790 illo:
793 2729 898 2809 inque
908 2730 1031 2810 pretim
1045 2747 1144 2809 opens,
1159 2727 1242 2809 quod

150 2812 225 2874 mini
239 2818 268 2874 et
283 2813 340 2874 lice
353 2813 418 2893 ipso
438 2813 497 2890 die,
517 2817 547 2875 et
568 2833 645 2894 sepe
664 2814 753 2890 olins,
775 2813 892 2896 eyrepie
910 2813 1081 2893 reipublice
1098 2811 1239 2894 perendoe

150 2894 520 2978 merstemsosultolemqne
534 2897 691 2960 dedemnt.
739 2897 877 2960 Vestrum
898 2916 1011 2977 qnoque
1034 2896 1140 2976 qnilen
1159 2917 1239 2960 ωηι-

149 2980 271 3042 moduns
294 2988 349 3058 est,
370 2983 412 3043 ite
431 3001 555 3060 mcum,
573 2983 716 3060 Quirites,
736 2987 767 3044 et
786 2986 872 3044 orote
890 2981 982 3056 Deos,
1005 2986 1038 3041 nt
1053 2981 1112 3042 mei
1125 2981 1239 3042 similes

143 3065 302 3146 principes
325 3065 471 3129 nanctis.
507 3064 593 3144 ¹⁸itn,
607 3068 636 3128 si
655 3065 723 3128 ”ab
742 3067 831 3128 annis
850 3062 1059 3146 septemdecim
1076 3063 1120 3125 cd
1137 3082 1238 3126 seriec-

149 3153 244 3211 intem
256 3169 374 3230 semper
386 3171 439 3212 uos
453 3156 572 3214 oetolem
589 3170 686 3212 onom
704 3149 867 3213 nonoribus
887 3149 997 3211 nestris
1013 3148 1162 3224 umnelin,
1183 3167 1237 3228 epo
1313 3211 1319 3224 ,

147 3239 267 3296 uestros
280 3235 407 3297 honores
420 3235 509 3297 relns
519 3236 662 3316 perendie
667 3235 822 3315 processi.
850 3233 903 3296 Ab
919 3229 1043 3296 Rostris
1057 3230 1091 3295 iu
1107 3229 1236 3316 Cupito·
1248 3213 1335 3288 ΨΜ
1346 3225 1401 3259 ‘¹¹¹²'

148 3317 230 3380 lium
253 3317 427 3383 adscendit.
463 3317 558 3383 simul
581 3339 615 3382 se
636 3317 782 3384 universa
800 3317 910 3384 concio
930 3316 1053 3398 evertit,
1074 3323 1107 3381 et
1128 3323 1237 3381 secute
1247 3277 1385 3402 ..affini

352 3473 364 3503 ¹
375 3484 451 3517 κνοω
462 3469 534 3516 (ison.
545 3469 612 3517 Cres.
833 3463 920 3516 festu
932 3467 999 3514 End.

181 3601 215 3650 88
233 3603 354 3649 ‘darien
366 3599 490 3662 ssatidian
508 3597 601 3663 olera]
622 3601 672 3648 Nee
689 3601 758 3648 sudl·
822 3601 854 3657 87
867 3599 996 3649 'Prodieto
1007 3602 1055 3649 dies
1066 3597 1112 3662 est]
1132 3599 1183 3646 vni
1196 3607 1243 3646 not.
1255 3598 1295 3656 87,
1308 3600 1337 3647 sd
1352 3600 1396 3646 ill.

146 3667 241 3714 ensium
252 3679 321 3712 anses
332 3669 522 3726 aspernabantur,
530 3669 687 3726 gravabantur
698 3666 759 3712 hane
791 3664 830 3719 87.

147 3730 308 3776 Ιιιιάιιίοιιειῃ
321 3731 412 3790 abipso
424 3729 585 3790 Sprionesibi
598 3729 691 3776 dictem.
823 3729 855 3776 88
872 3729 917 3784 lto,
939 3725 973 3788 si]
1000 3728 1070 3778 Quod
1088 3727 1183 3787 quidem
1197 3741 1237 3774 ros
1256 3727 1289 3773 its
1307 3727 1396 3787 precari

182 3793 214 3839 8⁴
231 3794 414 3840 ’γεῖσα-Η.
430 3791 536 3854 trissino]
556 3793 590 3838 De
602 3791 759 3838 hiserimins·
791 3791 866 3848 «lecet,
878 3791 934 3837 sl..
949 3824 955 3836 .
968 3825 974 3836 .
987 3806 1034 3838 non
1053 3791 1121 3838 sliter
1139 3791 1230 3852 postulo
1247 3799 1274 3837 ut
1289 3791 1395 3837 idoreris

147 3857 253 3903 tionibus
260 3857 286 3902 in
294 3857 426 3917 Scipionem
433 3859 482 3918 egis
492 3857 580 3913 Linus,
588 3869 659 3916 suprs
667 3855 757 3902 XXIX.
790 3857 854 3910 deos,
866 3869 935 3914 quem
948 3855 966 3900 si
976 3887 982 3899 .
992 3887 1013 3900 ..
1025 3889 1032 3901 .

151 3920 189 3972 iu.
201 3929 225 3966 et
236 3934 301 3980 seqq.
821 3919 853 3967 89
870 3921 907 3966 An
918 3921 984 3964 mnis
1001 3914 1167 3980 septendecim]
1186 3916 1224 3964 Ab
1238 3931 1300 3963 enno
1319 3917 1394 3962 cristis

181 3984 214 4030 85
235 3983 317 4030 Verssa
325 3979 428 4046 regibus]
444 3983 552 4031 Testatur
562 3983 679 4030 HesrnIus
689 3983 757 4029 MSS.
790 3983 996 4042 decimoseptimo.
1015 3981 1086 4028 Anno
1094 3981 1188 4027 deinum
1198 3981 1272 4027 etstIs
1281 3980 1393 4038 sigesInro

148 4055 173 4092 es
190 4055 280 4093 ceteras
297 4047 413 4094 editiones
432 4047 519 4094 habere
537 4049 615 4094 uersis.
649 4047 681 4093 Et
700 4059 755 4092 eon·
789 4045 967 4106 quantominus
979 4046 1003 4091 ln
1018 4046 1155 4105 ilispnnisns
1172 4044 1216 4090 init
1228 4043 1312 4103 Sstis.
1345 4043 1391 4090 Sed

148 4111 222 4156 sentis
238 4119 319 4158 noster
337 4111 396 4157 Vici.
431 4111 484 4158 Non
504 4111 657 4156 susIInnimna
677 4119 755 4156 tamen
789 4109 896 4155 tribunus
907 4109 1008 4155 militurn
1020 4117 1070 4155 ersi
1081 4109 1105 4155 in
1117 4121 1197 4168 pugna
1208 4103 1333 4161 Cannensi,
1345 4121 1391 4164 quc

148 4183 241 4220 nume
256 4174 459 4221 Gronovianarurn
477 4175 607 4222 editi0num
623 4173 755 4229 lectionem,
788 4180 892 4232 umpote
911 4172 976 4219 hsnd
999 4173 1099 4218 inultum
1122 4185 1227 4230 egressus
1246 4177 1296 4215 erst
1317 4182 1391 4216 annos

149 4251 202 4296 qun
213 4239 281 4284 nohis
291 4239 361 4298 longe
372 4239 501 4297 elegantior
512 4237 611 4284 ridetur.
787 4237 968 4296 septemdecim:
986 4251 1012 4282 ee
1032 4235 1116 4282 deinde
1135 4233 1213 4288 eslans,
1226 4240 1350 4289 antequam
1365 4232 1390 4279 ln

181 4301 213 4347 88
231 4297 355 4362 'insonis
369 4305 486 4358 iniectans,
498 4297 597 4360 Invidia]
615 4301 695 4350 Quum
707 4313 754 4345 uon
788 4300 926 4359 iiispsnIsus
944 4300 996 4352 Iret,
1008 4299 1081 4344 sedilis
1099 4297 1185 4343 eurulis
1202 4307 1294 4341 ausurus
1310 4297 1389 4354 popuii
1417 4339 1420 4346 ,

147 4371 241 4424 possem
253 4365 374 4412 infantem
383 4366 405 4411 ei
415 4379 520 4412 verorum
533 4363 656 4410 criminum
668 4363 754 4423 lmpIn·
786 4363 913 4418 solnnrste,
934 4377 1006 4422 quum
1026 4361 1153 4420 legitimum
1172 4366 1265 4404 etatem
1284 4357 1388 4406 nondum

146 4429 335 4486 pereundum
347 4429 434 4475 ineusn
446 4429 574 4476 concitans:
591 4427 690 4488 qnodut
702 4441 755 4488 pos·
785 4425 890 4482 haberet,
904 4425 978 4472 isetus
995 4423 1077 4472 ineest.
1111 4422 1162 4469 vid.
1175 4435 1246 4482 supra
1258 4419 1335 4468 XXII.
1347 4423 1387 4482 83,

146 4501 199 4538 sent
213 4493 256 4538 siri
268 4493 406 4552 magnitudo
418 4493 523 4540 faciebat.
786 4497 810 4538 et
821 4489 895 4537 XXV.
908 4491 930 4535 2
