3118 5002
216 345 280 410 882

808 335 899 400 ll'rl
931 333 1045 400 lell

219 512 248 558 u.
260 511 287 558 c.
297 509 351 558 aer.
376 489 488 574 jubete
510 495 606 571 etque
620 487 664 550 ita
676 485 779 585 medie
792 491 885 550 nocte
899 484 1071 584 profectus,
1085 491 1123 548 ut
1136 483 1240 568 prima
1252 484 1325 547 luce
1341 483 1469 569 adgres-

218 577 247 622 Λ·
260 577 285 622 0
299 575 350 630 ¹⁷¹·
381 594 436 636 sus
449 572 578 636 falleret.
610 571 845 655 Neqmdquam.
866 591 978 668 pnmoe
989 577 1140 632 stationes
1152 569 1312 653 obpressae
1323 571 1469 632 tumultu

381 679 417 722 ac
440 665 557 720 terrore
578 677 636 719 suo
660 663 779 718 eeteros
806 655 1026 718 exciveruntlr
1060 653 1249 736 signumque
1277 654 1397 716 dutum
1425 663 1469 716 est

380 763 468 806 mma
490 740 649 824 extemplo
663 738 826 824 capiendi3
849 738 1006 821 simulque
1027 737 1060 800 in
1075 737 1168 815 vallo,
1183 739 1223 800 ad
1240 745 1366 821 portas,
1381 738 1470 800 miles

381 827 556 890 instructus
577 831 653 902 eret,
673 833 705 886 et
725 824 868 886 intentus
888 821 1135 907 propugnatioui
1160 829 1349 885 castrorum.
1400 823 1470 884 Per-

382 931 455 974 seus
468 917 500 972 et
512 909 671 992 extemplo
685 907 869 991 circumegit
883 907 992 985 aciem,
1007 913 1039 968 et
1055 905 1159 990 prima
1179 905 1404 990 inpedimenta
1418 907 1469 983 ire,

381 995 494 1058 deinde
517 993 662 1078 peditum
680 992 770 1077 signa
793 991 866 1056 ferri
881 990 989 1076 jussit.
1015 990 1082 1074 ipse
1105 1009 1179 1053 cum
1202 989 1349 1088 equitatu
1364 999 1399 1053 et
1412 991 1470 1052 levi

380 1086 539 1141 mmaturs
552 1076 695 1141 substitit
709 1077 748 1140 ad
770 1097 883 1160 agmen
898 1075 1095 1159 cogendum3
1117 1083 1214 1150 retus,
1228 1073 1261 1137 1d
1276 1075 1370 1157 quod
1392 1075 1470 1138 aeci-

381 1163 439 1240 dit,
452 1162 651 1226 insecuturos
665 1162 706 1226 ad
720 1169 859 1224 extrema
873 1159 913 1223 ab
927 1168 1016 1244 tergo
1031 1159 1188 1243 carpenda
1201 1159 1319 1222 hostes.
1370 1160 1470 1222 Breve

381 1255 539 1311 certamen
554 1247 631 1310 levis
653 1254 819 1309 suunturae
840 1243 976 1307 manime
999 1263 1073 1306 cum
1097 1241 1378 1327 procrusatoribus
1401 1243 1469 1306 fuit

381 1332 503 1416 equites
517 1331 703 1416 peditesque
718 1330 785 1394 sinc
800 1329 940 1393 tumultu
955 1327 988 1390 in
1003 1335 1105 1390 castra
1118 1327 1287 1390 redierunt.
1334 1327 1470 1390 Demes-

382 1417 426 1479 sis
441 1417 523 1480 circa
538 1415 708 1501 segetibus,
722 1413 858 1477 Romani
879 1412 920 1476 ad
935 1411 1151 1476 Cranonium⁰
1172 1411 1329 1474 intectum
1358 1433 1470 1496 agrum

381 1510 483 1564 custm
497 1510 634 1564 movent
678 1499 728 1563 Ibi
750 1519 850 1582 quum
871 1495 982 1574 securi,
997 1504 1029 1559 et
1073 1517 1108 1558 ro
1131 1503 1179 1558 ter
1199 1503 1381 1559 castrorum
1404 1496 1469 1559 lon-

380 1585 600 1669 ginquitatem,
609 1591 641 1646 et
651 1584 710 1646 viee
718 1583 822 1666 inopis
831 1601 985 1664 aquarum
995 1518 1080 1644 diffipc
1115 1588 1222 1658 tatem,
1230 1601 1302 1664 quae
1311 1579 1403 1643 inter
1414 1582 1470 1664 Sy·

380 1670 503 1731 curium
518 1677 550 1730 et
566 1667 733 1730 Cranonu¹¹
747 1675 805 1744 est,
821 1666 934 1728 stativs
945 1665 1116 1743 haberent3
1137 1672 1266 1749 repente
1280 1663 1391 1748 prims
1402 1666 1469 1728 luce

380 1751 413 1814 in
436 1751 664 1814 inminentibus
676 1749 808 1813 tumulis
823 1749 983 1834 equitatus
1007 1749 1112 1848 regius
1127 1771 1201 1812 cum
1222 1747 1282 1812 levi
1306 1760 1469 1813 armatura

379 1835 466 1898 visus
479 1835 640 1918 ingentem
654 1833 829 1898 tumultum
842 1833 926 1899 fecit.
971 1833 1074 1896 Pridie
1088 1855 1146 1917 per
1158 1833 1319 1896 meridiem
1332 1833 1469 1918 profecti

378 1919 419 1982 ab
433 1918 566 2017 Sycurio
579 1927 686 1982 orante
709 1917 853 2004 peditum
868 1939 982 2002 agmen
997 1918 1057 1982 sub
1074 1917 1204 1981 lucem·
1218 1917 1274 1982 reli
1298 1927 1417 1981 uerunt
1437 1919 1467 1980 in

378 2024 522 2088 proruma
543 2003 683 2088 planitie.
740 2003 836 2068 Stetit
859 2002 1033 2089 paullisper
1050 2003 1084 2066 in
1108 2001 1252 2080 tumulis,
1277 2003 1350 2066 e'ci
1377 2023 1468 2088 posse

378 2096 466 2152 ratus
489 2088 529 2152 ed
554 2097 698 2173 equestre
725 2097 882 2153 certmen
907 2089 1087 2152 Romanos:
1140 2087 1172 2150 ui
1193 2095 1369 2172 postquem
1391 2087 1466 2150 nibil

378 2173 558 2272 movebant,
577 2175 716 2273 equitem
736 2173 845 2274 mittit,
869 2173 925 2257 qui
947 2172 1070 2257 pedites
1092 2109 1206 2270 redepe
1229 2171 1270 2270 ed
1294 2172 1466 2270 Sycurium

378 2258 1466 2428 rtttll‘ttturnultusbffltllltttttll

378 2437 519 2512 possent,
540 2437 710 2512 postquam
733 2429 891 2492 confertos
911 2364 1007 2505 abire,
1021 2425 1111 2510 signo
1135 2433 1230 2509 etque
1251 2425 1383 2490 ordines
1405 2445 1466 2488 ser-

378 2521 499 2588 vantes,
513 2511 670 2590 viderunt,
687 2521 719 2574 et
732 2511 794 2596 ipsi
808 2513 842 2575 in
857 2519 959 2574 castra
971 2511 1114 2574 redeunt.

421 2595 525 2657 LXV.
551 2595 641 2673 Inde,
664 2595 814 2658 obremus
835 2594 1067 2679 longinquitate
1088 2593 1219 2673 itineris,
1233 2615 1288 2658 rex
1310 2595 1354 2657 ad
1371 2595 1464 2679 Mop-

379 2678 461 2741 sium
476 2685 578 2740 castra
599 2679 716 2757 movit3
738 2687 771 2742 et
786 2679 931 2758 Romani,
947 2678 1099 2742 demessis
1113 2679 1270 2742 Cranonis
1292 2680 1463 2762 segetibus,

377 2761 411 2824 in
434 2761 661 2825 Phalannaeum
686 2783 798 2847 ugrum
820 2771 996 2826 transeunt.
1041 2763 1091 2826 Ibi
1116 2785 1217 2847 quum
1239 2785 1279 2828 ex
1300 2765 1464 2848 treusfirg's

378 2855 545 2930 cognosset
559 2867 624 2926 nex,
640 2846 707 2910 siue
722 2848 788 2911 ullo
803 2855 923 2911 armato
958 2847 1084 2912 raesidic
1103 2847 1221 2932 passim
1234 2858 1388 2932 vagantes
1449 2867 1464 2908 r

377 2953 470 3016 egros
486 2931 646 2995 Romanos
661 2939 788 3012 metere,
803 2953 877 2995 cum
926 2932 932 2945 '
959 2953 976 2995 e
991 2932 1161 3016 equitibus,
1176 2932 1302 2996 duobus
1323 2933 1404 2996 milli
1428 2952 1462 2994 us

377 3017 536 3082 Thracum
549 3025 582 3081 et
597 3017 796 3082 Cretensium
810 3017 980 3102 profectus,
996 3039 1106 3100 quum,
1121 3025 1277 3100 quantum
1290 3017 1462 3080 adcelerare

377 3111 511 3187 poterat,
533 3103 633 3166 effuso
656 3103 780 3187 agmine
805 3101 904 3166 issent
913 3103 932 3180 ¹,
955 3102 1115 3186 inpmviso
1136 3101 1303 3186 adgressus
1324 3111 1374 3164 est
1401 3103 1462 3164 Ro-

377 3207 498 3284 manos.
536 3186 650 3270 juncte
671 3188 825 3285 velricula‚
853 3185 1002 3284 pleraque
1029 3195 1155 3264 onusta,
1180 3187 1265 3248 mille
1291 3185 1461 3284 admodum

377 3271 1461 3438 ttulimus{tltttlllttttltltltttfttt

378 3445 449 3500 cato
463 3437 503 3499 ab
517 3437 616 3535 effuse
630 3438 715 3501 caede
731 3439 835 3522 equite
850 3448 882 3502 et
896 3439 1024 3524 reliquis
1038 3439 1191 3538 peditum,
1201 3439 1291 3537 ducit
1302 3440 1343 3538 ad
1357 3437 1460 3523 proxi·

377 3521 1460 3694 lltt‘fflttnlltlllltttttllttllttlt

377 3689 543 3836 qepentino
556 3691 696 3790 hostium
710 3693 849 3791 qdventu
863 3693 897 3756 in
914 3693 1131 3790 propinquum
1153 3693 1313 3756 tumulum
1334 3690 1459 3775 recepit,

378 3777 1199 3946 ttfitlttltl¹¹¹ttt¹ltltttlgtttpt
1210 3777 1460 3924 stultiut

378 3943 419 4006 ab
439 3943 553 4028 jectu⁸
574 3945 759 4029 sagittarum
783 3953 815 4008 et
833 3945 1011 4091 poculorum
1031 3967 1099 4010 sese
1122 3954 1296 4024 tuerentur,
1320 3947 1460 4018 Perseus,

379 4027 572 4092 circumdato
595 4029 721 4093 armatis
743 4038 835 4092 tumu
847 4052 876 4108 o,
889 4030 965 4093 alios
980 4030 1168 4093 adscensum
1186 4031 1327 4113 undique
1343 4037 1460 4092 tentare

374 4113 478 4198 jubet,
492 4120 524 4175 et
538 4113 682 4176 cominus
697 4114 843 4198 proelium
864 4111 1036 4192 oou'serere,
1050 4115 1126 4178 elios
1148 4115 1272 4178 eminus
1293 4113 1356 4177 tela
1375 4113 1455 4196 inge-

379 4219 455 4262 rere.
513 4197 641 4282 Anceps
667 4199 826 4261 Romanos
855 4207 955 4262 terror
982 4199 1224 4264 circumstabat:
1256 4219 1331 4262 num
1360 4215 1459 4280 neque

481 4377 656 4430 ruem
668 4383 761 4443 seyen
774 4384 851 4430 neu.
996 4391 1008 4418 ο
1022 4385 1172 4432 omnem
1183 4372 1255 4431 omi.
1267 4385 1334 4432 cm.

375 4439 521 4493 “Crannona
532 4453 556 4492 et
567 4446 628 4494 infre
642 4449 766 4495 Ceramia
778 4447 864 4553 End}
876 4451 1040 4558 leln‘ldbbm
1053 4449 1147 4509 llreyss.
1161 4449 1235 4495 lleldr.
1311 4442 1385 4494 ‘oser
1398 4443 1458 4491 Eud
