3094 4954
224 323 286 386 118
809 316 902 380 ΤΙΤΙ
930 315 1046 382 1.1v11

224 491 254 538 a.
267 489 293 534 c.
303 487 357 536 aaa.
387 475 477 532 turos
490 465 697 545 crediderant,
712 464 859 544 Romani,
863 473 1041 614 penatquam
1054 463 1183 528 tandem
1198 471 1418 549 perrupemnt,
1433 465 1471 528 ab

224 555 253 600 b
265 551 292 600 ὓ·
306 551 358 600 ¹⁹⁰·
388 553 434 616 ba
503 551 621 616 viorem
635 550 802 616 ediderunt
817 571 862 614 cae
903 572 946 614 m.

431 575 554 700 dliv.
576 635 630 698 Ad
651 634 882 720 quinquaginta
900 634 999 698 millia
1019 631 1164 718 peditum
1184 653 1266 696 caesa
1287 641 1343 696 eot
1364 631 1413 696 die
1427 631 1473 696 di-

390 729 517 798 cuntur,
531 719 675 803 equitum
695 719 776 782 triaq
798 719 913 798 millia;
935 717 1020 782 mille
1040 727 1073 781 et
1092 716 1315 802 quadringenti
1329 717 1421 800 capti,
1442 725 1474 780 et

390 804 571 888 quindecim
598 825 672 868 cum
699 803 874 868 rectoribus
901 802 1069 888 elephanti.
1114 803 1330 864 Romanorum
1358 800 1475 884 aliquot

390 889 547 954 vulnerati
561 895 657 966 sunt;
678 888 860 952 ceciderunt
874 909 939 952 non
953 887 1027 985 plus
1040 885 1173 949 trecenti
1186 885 1320 970 pedites,
1342 895 1475 968 quatuor

392 982 424 1037 ct
438 973 550 1057 viginti
564 972 704 1070 equites3
726 981 759 1036 et
773 973 812 1035 de
827 973 982 1036 Eumenia
995 970 1134 1034 exercitu
1155 970 1296 1068 quinque
1311 977 1343 1033 et
1354 969 1474 1054 viginti.

392 1059 438 1122 Et
461 1057 515 1122 illo
544 1057 671 1142 quadem
699 1057 749 1120 die
772 1057 917 1134 victores,
941 1055 1071 1140 direptis
1096 1055 1236 1118 bostrum
1262 1054 1381 1132 castris,
1403 1075 1475 1116 cum

392 1163 508 1226 magna
522 1142 630 1226 praeda
642 1141 676 1204 in
690 1162 748 1204 sua
761 1149 975 1218 revertenmt3
989 1149 1116 1224 postero
1130 1139 1180 1201 die
1195 1138 1373 1236 spoliabant
1382 1160 1476 1202 caeao-

393 1248 464 1290 rum
478 1247 618 1310 corpora,
632 1234 665 1289 et
678 1226 820 1374 captivos
835 1225 1072 1289 contrahebant.
1116 1223 1228 1306 legati
1242 1223 1264 1254 ⁸¹
1274 1223 1314 1286 ab
1328 1223 1477 1306 Thyatira

394 1319 426 1374 et
440 1333 460 1374 a
474 1310 640 1394 Magnesia
653 1311 694 1374 ad
733 1310 767 1395 ip
789 1309 876 1374 lum¹
889 1309 930 1372 ad
944 1308 1103 1372 dedendas
1113 1307 1207 1370 urbes
1218 1315 1382 1371 venerunt.
1410 1309 1477 1370 An-

394 1396 531 1472 tiochus,
545 1416 618 1458 cum
632 1394 743 1480 paucis
793 1394 893 1478 giens,
915 1393 948 1456 in
972 1393 1042 1476 ipso
1059 1391 1170 1456 itinere
1184 1391 1331 1475 pluribus
1349 1413 1477 1476 congre-

458 1480 544 1542 tibus
573 1500 617 1556 se,
646 1479 769 1542 modica
796 1499 894 1541 manu
918 1484 1111 1540 armatorum
1134 1475 1238 1539 media
1261 1477 1358 1539 serme
1385 1485 1478 1538 nocte

394 1501 511 1628 hilda
525 1563 689 1628 contendit
698 1575 718 1626 ⁸.
746 1562 831 1641 inde,
847 1583 948 1644 quum
961 1561 1111 1639 audisset,
1134 1559 1301 1624 Seleucum
1324 1561 1424 1624 filium
1446 1570 1478 1622 et

395 1648 550 1731 quosdam
579 1647 752 1710 amicorum
779 1648 955 1732 Apameam
981 1665 1184 1730 praegressos,
1212 1653 1246 1707 et
1273 1645 1342 1729 ipae
1369 1654 1480 1728 quarta

395 1731 501 1814 vigilia
523 1751 597 1794 cum
620 1731 754 1814 conjuge
775 1751 811 1793 ac
828 1731 893 1793 filia
914 1730 995 1814 petit
1017 1731 1203 1814 Apameam,
1223 1729 1346 1793 Zenoni
1365 1729 1480 1792 tradita

396 1815 539 1879 custndb
553 1814 651 1892 urbis,
665 1814 798 1878 'limone
813 1815 926 1900 Lydiae
940 1815 1128 1900 praeposito:
1144 1813 1260 1897 quibua
1271 1813 1395 1898 spretis,
1406 1835 1480 1878 con-

396 1920 492 1964 sensu
515 1899 747 1984 oppidanorum
771 1908 804 1962 et
825 1899 963 1964 militum
986 1899 1042 1983 qui
1064 1899 1098 1962 in
1121 1919 1191 1962 arce
1210 1907 1310 1977 erant,
1327 1898 1421 1984 legati
1439 1899 1481 1962 ad

396 1981 558 2048 consulem
572 1981 661 2046 missi
674 1991 760 2048 aunt.

305 2085 333 2117 ¹²¹
362 2086 373 2117 ¹
438 2067 542 2131 XLV.
566 2067 634 2132 Sub
655 2067 740 2131 idem
755 2067 819 2132 fere
841 2076 969 2152 tempus
988 2075 1021 2132 et
1041 2067 1082 2131 ab
1096 2067 1264 2146 Trallibus,
1286 2075 1319 2130 et
1336 2071 1372 2130 at
1387 2068 1481 2152 Mag-

315 2149 347 2182 ”¹²
396 2151 494 2230 nesio,
519 2173 591 2236 quoe
621 2173 717 2237 super
743 2153 945 2216 Maemdrum
967 2161 1027 2231 eat,
1047 2160 1081 2215 et
1103 2152 1143 2216 ab
1168 2153 1300 2237 Epheso
1321 2151 1416 2236 legati
1441 2153 1481 2214 ad

396 2236 556 2300 dedendas
568 2237 664 2300 urbes
677 2245 843 2302 venenant.
887 2237 1069 2320 Reliquerat
1083 2237 1250 2321 Ephesum
1262 2235 1482 2321 Polyxenidas,

396 2321 505 2386 audita
526 2343 646 2406 pugna,
671 2329 714 2400 ct,
735 2322 833 2386 classe
854 2343 956 2406 usque
978 2321 1019 2384 ad
1042 2321 1155 2384 Patara
1175 2321 1204 2384 L
1226 2322 1283 2385 cioe
1305 2329 1482 2405 pervectus,

396 2413 484 2470 metu
498 2405 642 2470 stationis
663 2407 858 2470 Rhodiarum
878 2405 1016 2484 navium,
1035 2425 1107 2489 quae
1120 2405 1160 2468 ad
1213 2406 1334 2490 egisten
1348 2405 1370 2436 ⁸⁸
1381 2413 1483 2484 erata,

396 2488 430 2554 in
444 2498 560 2554 tetram
575 2511 731 2573 egressus,
746 2512 820 2554 cum
834 2491 944 2575 paucis
962 2491 1073 2554 itinere
1091 2491 1229 2574 pedestri
1243 2491 1367 2574 Syriam
1381 2491 1483 2574 petiit.

396 2572 482 2636 Aaiae
497 2573 638 2636 civitates
652 2573 685 2636 in
699 2575 795 2636 fidem
815 2575 954 2638 consulis
975 2575 1189 2658 ditionemque
1212 2575 1323 2660 populi
1348 2575 1483 2638 Romani

396 2677 465 2718 sese
478 2656 654 2720 tradebant.
699 2657 852 2722 Sardibus
861 2659 930 2756 jam
945 2659 1057 2722 consul
1070 2667 1146 2723 erat.
1169 2681 1206 2723 eo
1221 2669 1253 2722 et
1269 2661 1305 2723 P.
1321 2659 1427 2744 Scipio
1442 2659 1483 2722 ab

396 2739 495 2818 Elaea,
518 2761 619 2823 quum
641 2741 780 2825 primum
804 2750 871 2826 pata
894 2743 1034 2808 laborem
1055 2744 1115 2807 viae
1137 2744 1253 2829 potuit,
1272 2745 1369 2807 venit.
1415 2744 1484 2807 Sub

396 2823 480 2886 idem
495 2823 558 2887 fere
573 2833 700 2910 tempus
715 2827 901 2891 caduceator
912 2827 952 2892 ab
967 2827 1127 2892 Antiocho
1148 2850 1206 2914 per
1220 2831 1255 2892 P.
1269 2829 1450 2913 Scipionem
1465 2849 1486 2891 a

397 2907 526 2973 consule
551 2909 653 2995 petiit,
674 2910 916 3060 inpetravitque,
937 2920 974 2976 ut
989 2921 1127 2976 oratores
1146 2914 1271 2976 mittere
1284 2913 1393 2976 liceret
1406 2913 1485 2997 regi.

234 3001 344 3047 Antiochi
399 2991 520 3058 Paucos
535 3003 610 3080 post
624 2995 690 3058 dies
733 2996 833 3075 euxia,
847 2997 903 3081 qui
917 2997 1087 3082 praefectus
1098 2997 1210 3083 Lydiae
1220 2998 1332 3076 fixerat,
1347 3005 1380 3061 et
1390 2999 1484 3062 Anti-

231 3063 384 3190 ss‘ffi'peffl·
397 3087 488 3162 pater
510 3079 616 3143 fratris
644 3081 730 3144 illius
759 3091 923 3180 venerunt.
958 3081 1003 3160 hi,
1031 3081 1121 3166 priua
1149 3083 1293 3180 Eumene
1315 3091 1486 3162 convento,

396 3172 1236 3336 tttttttttttttwtttttt.¹tt.ss
1250 3168 1487 3330 ἑέἒὲζῖοῗῖἓζ

397 3329 433 3392 Ρ.
445 3329 636 3427 Scipionem,
651 3342 683 3396 et
697 3355 754 3419 per
768 3356 841 3397 eum
855 3335 1027 3413 consulem,
1045 3335 1210 3398 adierunt:
1231 3337 1430 3420 praebitoque
1446 3337 1487 3400 iis

395 3413 578 3511 petentibus
603 3416 760 3500 frequenti
785 3419 916 3483 consilio
937 3420 978 3482 ad
995 3420 1145 3482 mandata
1163 3421 1294 3500 edenda,
1316 3423 1388 3484 Noa
1409 3428 1487 3499 tam,

394 3497 470 3576 qued
491 3500 551 3578 ipsi
576 3501 721 3581 dicamur,
745 3505 895 3581 habenam,
920 3503 1024 3586 inquit
1047 3504 1173 3582 Zeuxis,
1196 3525 1288 3586 ptam
1307 3512 1341 3567 ut
1362 3527 1383 3568 a
1401 3507 1489 3569 uobis

394 3597 573 3662 warnae,
594 3585 735 3664 Romani,
756 3609 813 3668 qao
830 3589 953 3668 piccarlo
974 3590 1099 3668 eepiare
1117 3609 1251 3652 errorem
1265 3592 1357 3671 repis,
1373 3611 1489 3671 pacern

393 3667 568 3748 ueniamque
592 3671 747 3750 inpetrare
769 3693 789 3733 a
813 3673 977 3734 uictoribus
991 3675 1153 3753 poesim
1196 3675 1338 3736 Mariano
1366 3695 1490 3755 semper

395 3751 495 3812 animo
514 3753 602 3816 uictis
621 3755 742 3835 rapidus
751 3757 930 3836 populisque
949 3759 1116 3838 ipaouiatia.
1152 3764 1266 3838 quanto
1278 3759 1314 3820 id
1326 3759 1445 3839 aaajore
1458 3767 1490 3822 et

388 3834 561 3912 placatiore
575 3839 675 3900 aainw
690 3839 773 3902 decet
787 3839 953 3920 uaesacere
965 3843 998 3903 ia
1012 3843 1070 3904 aaa
1087 3843 1226 3919 uictarum
1241 3861 1306 3923 quc
1319 3863 1372 3906 voa
1388 3843 1490 3906 domi-

395 3937 449 3980 aor
463 3917 545 3980 orbis
558 3926 710 3985 terrarum
715 3921 822 4004 fecit?
863 3925 980 3988 Positis
983 3925 1054 4005 jam
1068 3925 1213 3988 aduerm
1227 3945 1328 3990 amaea
1340 3929 1490 3991 mortales

422 4053 474 4097 Pea
486 4051 633 4098 (immorer.
757 4061 878 4118 t{quatuor
887 4057 952 4104 aaa.
1080 4059 1259 4120 retamenta
1270 4061 1301 4106 ab
1312 4060 1393 4122 Sipylo
1405 4061 1490 4108 neat.

491 4119 619 4163 'muttit
630 4117 702 4164 Gron.
715 4119 783 4166 cm.
911 4117 945 4167 ta
957 4121 1002 4167 del.
1015 4121 1092 4167 aeas.
1221 4125 1235 4155 ⁰
1246 4130 1312 4170 erant
1323 4125 1393 4171 cm.

263 4223 294 4272 ³2
310 4223 348 4272 Aa
361 4221 486 4286 thyatira]
504 4225 580 4286 volgo
591 4227 661 4288 bulua
674 4229 737 4276 urbis
755 4244 840 4276 nomen
873 4231 1037 4292 huncquoque
1049 4234 1360 4296 nominiatormamprobat.

231 4289 327 4335 emitur
338 4297 422 4335 neutro
432 4303 526 4348 genere,
537 4305 635 4336 numero
644 4291 766 4350 plurativo.
795 4295 841 4339 Sed
905 4295 937 4342 33
954 4294 1042 4357 Erant]
1060 4298 1136 4358 Vulgo
1147 4306 1204 4346 erat.
1238 4301 1381 4346 Sednteliua
1393 4301 1490 4347 videtur

231 4353 428 4410 quemadmodum
441 4355 478 4400 hic
492 4354 579 4409 Livius,
592 4355 624 4400 alc
635 4361 659 4400 et
670 4354 768 4412 Plinius,
784 4357 799 4402 t
813 4357 840 4402 V.
874 4360 972 4405 uerbum
986 4361 1068 4408 reterri
1087 4363 1118 4410 ad
1136 4377 1222 4411 mar
1238 4371 1264 4412 et
1282 4363 1316 4410 ita
1335 4363 1412 4412 babet
1429 4367 1490 4412 Viti.

231 4429 250 4460 t·
262 4416 300 4469 29,
316 4416 427 4478 ituattra
444 4419 540 4466 attritur
552 4417 621 4480 layca.
658 4417 690 4466 llt
707 4419 841 4480 Stephanae
873 4423 954 4468 codex.
