3118 5002
167 357 230 418 332
737 351 830 417 '1¹1'r1
862 351 978 416 LlVll

170 523 200 570 υ.
213 523 238 568 c.
250 521 303 574 ssa.
333 501 420 566 curia
442 509 532 566 ortus
552 509 618 566 ests
642 522 681 565 ex
705 499 855 565 omnibus
877 497 1022 582 partibus
1032 497 1277 646 Ipostulabatur,
1291 505 1329 561 ut
1349 519 1426 562 con-

170 588 199 634 A.
212 587 238 632 ⁰·
253 585 304 638 ¹⁷il
333 587 417 650 sules
432 607 501 650 eam
515 608 582 649 rem
597 587 638 649 ad
660 593 805 649 senatum
826 583 988 647 referrent.
1065 590 1081 644 t
1101 603 1176 646 vero
1199 583 1369 647 arcessitus
1390 584 1424 646 in

333 671 453 736 mutam
468 691 580 734 censor
593 669 689 748 venit,
704 669 807 732 multo
821 667 967 731 infestius
987 665 1104 750 singuli
1126 667 1327 752 universique
1342 691 1425 752 prae-

334 763 457 819 sentem
479 754 631 818 lacerare:
667 755 820 835 Templum
842 753 1088 834 angustissimum
1110 753 1243 833 reptante
1257 753 1331 832 ejas,
1346 753 1429 834 meod

334 841 555 922 nonPyrrbas,
570 838 799 902 noaHonnibat
815 839 987 914 violassent,
1009 836 1125 899 uiolare
1140 855 1253 916 pamm
1275 837 1426 916 tatum,

335 926 396 988 uisi
420 923 582 987 detmisset
597 923 691 1004 stede,
714 943 752 986 nc
775 941 874 1002 prope
896 921 1049 984 diruisset.
1099 921 1281 983 Detractum
1309 923 1427 985 eulmen

336 1009 455 1089 terupto,
469 1008 615 1070 nudatum
638 1013 748 1071 tectum
757 1013 867 1088 patere
890 1005 1037 1067 imbribus
1052 1003 1326 1085 putrefaciendum.
1357 1027 1427 1069 cen-

335 1113 443 1170 sorem,
457 1091 590 1154 otoribm
604 1091 743 1174 rependis
758 1096 903 1165 creatum,
919 1090 968 1152 cui
981 1093 1088 1152 ⁴sorta
1103 1095 1182 1151 tecto
1196 1091 1317 1170 eripere
1327 1093 1429 1153 saeris

333 1177 474 1258 publicis,
489 1182 518 1239 et
533 1177 600 1238 laco
615 1176 736 1252 tuendo,
749 1195 832 1238 more
846 1173 994 1253 majorum
1008 1173 1156 1235 traditum
1171 1179 1269 1247 essetf
1291 1195 1357 1236 mm
1366 1195 1428 1256 per

336 1263 486 1324 sociorum
509 1261 599 1324 urbes
621 1261 788 1323 diruentem
811 1259 932 1339 tempto,
961 1258 1180 1338 nudantemque
1209 1263 1290 1320 tecto
1317 1259 1429 1321 edium

337 1365 506 1423 sacrorum,
528 1346 657 1428 vapori:
684 1351 724 1422 et,
746 1343 834 1426 quod,
858 1345 886 1404 si
910 1345 944 1404 in
961 1343 1097 1422 priuatis
1117 1344 1267 1404 soeiomm
1290 1343 1430 1424 edeficiis

330 1429 462 1512 smeret,
475 1429 631 1512 indipnum
653 1430 750 1492 sideri
756 1433 871 1510 posset,
893 1426 947 1488 ‘id
965 1426 1064 1488 Deam
1087 1427 1295 1488 inmortalium
1315 1431 1429 1509 templa

338 1515 543 1578 demolientem
545 1513 671 1595 facere:
688 1519 717 1576 et
728 1511 1086 1594 ‘obstringerereiiptone
1092 1512 1236 1592 poputum
1246 1511 1430 1591 Romanum,

338 1601 437 1662 minis
473 1601 649 1678 temptorum
677 1598 788 1677 tempto
816 1595 1033 1676 adificantem:
1067 1601 1220 1676 tamquam
1248 1616 1307 1658 uon
1334 1598 1431 1660 udam

338 1684 446 1764 ubique
460 1684 516 1744 Dii
529 1683 704 1745 inmortales
716 1683 788 1757 sirit,
803 1681 858 1742 sed
868 1682 974 1760 spoliis
988 1681 1118 1742 ationem
1133 1681 1188 1741 otii
1201 1680 1318 1742 colendi
1338 1701 1431 1744 aeor-

339 1767 497 1847 nondipue.
542 1765 663 1842 Quum,
678 1765 865 1862 priusquam
885 1765 1062 1842 referretur,
1076 1763 1249 1848 adpareret,
1263 1764 1340 1847 quid
1356 1787 1431 1829 sen-

338 1849 434 1912 tirent
460 1849 578 1928 Patres,
607 1849 757 1912 relatione
787 1849 880 1926 facta,
910 1849 944 1910 in
973 1870 1070 1911 unam
1098 1869 1207 1911 omnes
1237 1849 1431 1913 sententiam

177 1939 265 1985 aeut.
275 1938 326 1997 111·-
339 1934 453 2012 ierunt,
477 1941 515 1996 ut
542 1934 593 1997 hee
620 1933 736 2019 tegulae
765 1933 965 2018 reportandae
994 1933 1028 1995 in
1057 1932 1213 2030 templum
1238 1932 1431 2013 locarentur,

175 2009 315 2049 iuuenum
338 2016 569 2103 piaculariaque
584 2017 607 2083 J
610 2018 708 2082 nnoni
722 2019 843 2081 fierent.
888 2017 971 2084 Qum
986 2017 1027 2080 ad
1050 2017 1233 2101 religionem
1256 2019 1431 2102 pertinent,

338 2125 412 2168 cum
434 2124 511 2167 cura
533 2103 630 2168 facta:
653 2103 777 2202 tegulas
801 2102 925 2166 relictas
950 2101 984 2164 in
1009 2123 1080 2164 area
1102 2101 1224 2186 templi,
1238 2102 1314 2185 quia
1335 2125 1432 2188 repo-

338 2188 514 2253 nendarum
528 2209 622 2254 nemo
643 2189 755 2252 artifex
770 2187 848 2252 inire
870 2186 1023 2250 rationem
1046 2187 1195 2271 potuerit,
1209 2185 1219 2218 ¹
1232 2187 1431 2252 redemtores

339 2273 540 2338 nunciarunt.

382 2359 440 2423 lv.
462 2359 514 2422 Ex
543 2358 742 2444 praetoribus,
765 2358 820 2457 qui
844 2357 878 2420 in
907 2356 1085 2442 provincias
1108 2357 1219 2434 ierant,
1241 2357 1284 2420 N.
1309 2356 1431 2422 Fabius

339 2443 492 2506 Massiliae
508 2444 651 2520 moritur,
663 2465 763 2526 quum
773 2466 806 2506 ιιι
821 2441 995 2506 citeriorem
1005 2441 1194 2526 Hispaniam
1204 2441 1273 2504 iret.
1304 2441 1431 2526 ltaque,

361 2549 439 2589 uum
464 2527 497 2591 id
522 2528 707 2590 nunciatum
732 2548 752 2589 a
775 2525 1029 2590 Massiliensibus
1053 2525 1166 2610 legatis
1189 2533 1282 2604 esset,
1298 2536 1431 2590 senatus

339 2549 485 2688 iecmvit,
500 2619 537 2674 ut
562 2611 597 2673 P.
614 2611 730 2674 Furius
746 2619 779 2673 et
799 2611 859 2674 Cn.
877 2611 1039 2690 Servilius,
1053 2611 1170 2694 quibus
1190 2611 1431 2692 succedebatur,

338 2694 421 2757 inter
446 2715 479 2756 se
506 2693 704 2772 sortirentur,
733 2703 805 2757 uter
836 2695 1013 2758 citeriorem
1038 2695 1228 2780 Hispaniam
1256 2716 1353 2792 prora
1396 2705 1430 2760 to

338 2777 469 2876 imperio
483 2777 648 2842 obtineret.
692 2779 789 2844 'Sors
814 2788 995 2864 opportuna
1015 2779 1096 2858 fuit3
1120 2779 1170 2843 Pr
1189 2780 1305 2843 Furius
1331 2779 1343 2841 i
1366 2803 1430 2860 em,

338 2885 429 2948 cujus
450 2884 488 2925 ea
509 2863 672 2948 provincia
692 2863 804 2942 fuerat,
822 2873 1007 2928 remaneret.
1063 2863 1185 2927 Eodem
1205 2885 1300 2941 anno,
1326 2885 1430 2947 quum

338 2947 405 3032 agri
418 2947 579 3033 Ligustini
592 2957 625 3012 et
640 2947 764 3027 Gallici,
780 2949 866 3032 quod
886 2949 970 3012 bello
993 2957 1122 3046 captum
1137 2957 1213 3026 erat,
1228 2949 1430 3032 aliquantum

337 3043 472 3112 vacaret,
490 3033 800 3098 senatusconsultum
823 3033 952 3112 factum,
969 3041 1007 3096 ut
1028 3054 1056 3095 is
1078 3053 1152 3118 eger
1166 3033 1282 3097 viritim
1306 3033 1430 3098 divide-

338 3127 434 3183 retur.
478 3118 681 3183 Decemviros
706 3119 739 3182 in
763 3139 831 3181 eam
855 3139 922 3181 rem
946 3139 985 3180 ex
1010 3117 1285 3180 senatusconsulto
1310 3118 1429 3182 creavit

338 3205 377 3266 A.
393 3203 510 3266 Atilius
554 3213 649 3266 raetor
674 3203 824 3281 urbanus,
848 3203 897 3266 M.
913 3201 1080 3264 AEmilium
1105 3202 1274 3287 Lepidum,
1293 3201 1331 3265 C.
1348 3201 1429 3266 Cas-

339 3286 432 3364 sium,
458 3287 496 3349 T.
571 3287 697 3350 butium
727 3286 855 3365 Carum,
884 3285 921 3350 (l.
943 3285 1157 3363 'ilemellium
1184 3286 1219 3350 P.
1242 3285 1428 3350 Cornelium

339 3369 527 3454 Cethegum,
552 3370 593 3435 Q.
608 3379 640 3434 et
663 3371 701 3434 L.
717 3371 904 3456 Appuleios,
928 3371 977 3434 M.
992 3370 1166 3450 Caecilium,
1191 3369 1228 3434 C.
1250 3369 1427 3450 Salonium,

339 3453 376 3518 C.
394 3453 587 3517 Munatium.
630 3454 837 3518 'Diviserunt
860 3456 942 3518 dena
961 3455 1075 3540 jugera
1097 3455 1130 3518 in
1157 3455 1310 3539 singulos,
1333 3456 1427 3520 sociis

337 3539 475 3602 nominis
490 3538 597 3602 Latini
611 3545 710 3603 terna.
756 3540 815 3603 Per
830 3540 913 3602 idem
928 3549 1065 3624 tempus,
1076 3561 1140 3622 quo
1155 3541 1225 3602 haec
1240 3539 1426 3625 agebantur,

337 3621 432 3706 legati
461 3643 500 3686 ex
529 3623 649 3687 AEtnlia
673 3623 807 3688 Romam
836 3633 991 3688 venerunt
1015 3623 1054 3687 de
1076 3623 1240 3688 discordiis
1265 3624 1427 3688 seditioni·

716 3765 794 3832 hfait,
807 3779 832 3818 et
844 3773 871 3819 Ρ.
886 3771 981 3832 Kreyse.
994 3771 1069 3820 Bell.

207 3913 223 3959 4
239 3913 307 3958 Serta
318 3907 390 3971 testo]
408 3911 460 3958 vid.
471 3921 518 3958 ιιοι.
528 3913 557 3958 ad
570 3911 658 3958 xxtx.
669 3911 709 3966 37.
815 3913 940 3972 legendum
952 3945 959 3960 .
971 3945 977 3958 .
985 3910 1044 3973 suit,
1056 3920 1081 3960 at
1093 3914 1120 3960 P.
1128 3915 1229 3961 Parim:
1246 3914 1308 3972 qued
1321 3913 1426 3960 Pltboeus

207 3975 269 4022 am
286 3976 351 4020 metm
365 3975 615 4035 immortaliumtempbr
631 3977 783 4023 denotmem
814 3977 876 4036 apud
891 3976 1021 4022 ilenrnium
1039 3985 1125 4024 monet.
1160 3979 1213 4024 Sors
1229 3985 1352 4037 opportuno
1364 3975 1425 4037 seit,

168 4037 261 4099 sonere]
282 4038 330 4084 Vox
342 4039 494 4085 Murteae
505 4051 552 4084 non
570 4047 646 4084 exstat
663 4039 687 4084 in
708 4039 784 4099 prime
815 4041 913 4086 inmite
924 4055 972 4086 rem
986 4041 1106 4100 transegit,
1117 4049 1142 4088 ut
1153 4041 1273 4088 ΕΜ
1284 4043 1348 4098 Men,
1360 4039 1426 4102 cuju

175 4105 284 4156 editione,
298 4111 356 4148 teste
369 4101 479 4148 Heernio.
513 4103 573 4148 Sane
584 4102 658 4162 megia
673 4103 783 4162 placeret,
814 4119 842 4150 ea
852 4101 1062 4164 prooinmafaeret,
1073 4111 1205 4152 remaneret.

175 4171 200 4213 ut
210 4170 234 4213 ts
245 4169 309 4214 ἀιῦιιι
322 4166 478 4213 immortalium
490 4166 578 4224 templis
581 4161 669 4224 focem.
845 4167 862 4215 a
879 4168 1011 4215 Diaieerant
1030 4171 1089 4216 deso
1099 4167 1187 4232 jugere
1206 4171 1230 4215 in
1246 4163 1357 4230 singulos]
1377 4168 1425 4217 eri

206 4231 222 4278 6
240 4233 407 4292 ¹0uuugm
415 4231 522 4290 religiose
531 4230 636 4288 poputum
645 4227 781 4292 Βοιιαιιιιιιι]
814 4231 875 4277 eires
888 4231 988 4278 Romani
1000 4241 1085 4278 essent.
1113 4235 1223 4280 Ceterum
1235 4233 1273 4278 rix
1285 4241 1328 4288 eet,
1340 4241 1425 4278 utnon

175 4295 293 4354 snbjicere
310 4295 423 4354 populum
441 4293 573 4339 &manum
593 4306 667 4352 poene
685 4293 778 4340 violata·
814 4295 851 4340 hie
870 4295 983 4342 exciderit
1002 4296 1099 4356 aliquid.
1135 4297 1222 4343 Debuit
1239 4297 1302 4344 enim
1321 4296 1426 4355 proferto

174 4372 227 4404 rum
239 4358 386 4418 religionum.
816 4358 895 4404 Livius
911 4358 1002 4416 docere,
1013 4369 1114 4419 quantus
1130 4375 1240 4407 numerus
1258 4361 1345 4407 civim
1361 4360 1426 4406 Leti-

206 4417 409 4481 ittsdenptores]
428 4419 446 4466 li
464 4419 503 4479 qui
521 4419 611 4480 tegulae
631 4421 781 4480 reportandas
814 4435 944 4483 nonumque
966 4423 990 4468 in
1013 4438 1094 4470 eorum
1120 4437 1228 4484 agrorum
1255 4423 1425 4484 possessionem

175 4485 342 4530 corsdurerent.
814 4486 897 4532 misene
915 4487 952 4532 eit.
987 4487 1036 4533 Nee
1052 4487 1119 4534 facile
1138 4489 1203 4535 nobie
1221 4489 1390 4548 persuademus
1401 4487 1425 4535 id

207 4547 223 4592 8
239 4549 292 4595 Sors
309 4555 432 4608 apportem
443 4543 510 4608 seit.-
529 4548 555 4595 P.
568 4543 664 4610 Fartus]
683 4547 781 4594 Videtur
813 4551 842 4595 ab
854 4563 882 4596 eo
895 4551 1085 4609 pretermissum.

1520 1867 1535 2629 l

1524 2632 1538 3200 ι

1525 3240 1541 3801 ι

1530 3825 1536 3885 Ι
