3108 4982
159 296 224 376 220
729 287 823 354 'rm
854 283 970 352 mvn

162 463 192 508 u.
204 462 229 508 c.
242 459 296 516 aar.
324 437 547 504 tumulturario
570 437 739 502 certamine
762 443 795 500 et
823 435 924 498 ¹'loos
949 439 1061 496 suaet
1084 451 1187 530 genus
1209 453 1328 518 pugnae
1346 455 1409 519 pro

162 525 297 636 apg-¹:5⁸⁵·
325 527 416 590 hoste
436 525 532 588 suere.
557 523 621 586 duo
638 521 792 585 exereitus
808 517 944 583 Romani
961 516 1024 580 fusi
1044 537 1063 578 a
1099 538 1139 578 ue
1157 539 1192 579 ιιι
1205 527 1307 581 castra
1321 539 1409 582 com-

162 652 294 700 vincuntur.
325 609 410 696 pulsi
431 617 516 672 sunt.
538 629 603 670 non
622 605 763 668 institere
774 601 927 688 perculsis
946 603 1063 664 hostes.
1160 608 1245 664 tores
1262 603 1409 681 Romani,

325 715 365 760 ue
379 701 505 777 postero
520 691 570 754 die
585 697 687 753 castra
701 689 971 772 obpugnarentur,
986 684 1110 748 silentio
1130 685 1284 769 proximae
1304 687 1410 750 noctis

327 777 349 812 ¹⁰
361 777 456 840 tacito
477 775 568 859 signo
582 773 754 838 exercitum
771 771 981 835 abduxerunt.
1032 769 1120 835 Luce
1142 769 1245 853 prima
1270 771 1410 856 Hispani

327 862 392 925 acie
406 861 562 924 instructa
578 859 619 921 ad
642 857 760 920 vallum
783 860 991 931 accessenmt,
1005 874 1165 936 vacuaque
1184 861 1300 938 praeter
1318 877 1411 940 spem

328 953 431 1010 caena
453 942 597 1028 ingressi,
611 963 683 1024 quae
697 939 844 1004 derelicta
864 938 946 1002 inter
964 945 1151 1000 nocturnam
1167 938 1411 1023 trepidationem

329 1037 428 1106 erant,
452 1027 666 1111 diripuerunt:
698 1023 894 1108 regressique
924 1021 958 1084 in
987 1041 1045 1084 sua
1066 1029 1178 1100 castra,
1199 1043 1317 1106 pauooa
1342 1024 1411 1086 dies

329 1112 444 1197 quietis
474 1110 595 1174 stativis
629 1115 824 1172 manserunt.
877 1107 1093 1169 Romanorum
1119 1105 1348 1190 sociorumque,
1375 1107 1412 1172 in

353 1196 441 1260 roelio
454 1196 603 1280 fugaque,
617 1194 658 1258 ad
675 1193 815 1276 quinque
835 1189 934 1254 millia
953 1189 1073 1267 occisa3
1095 1211 1231 1272 quorum
1246 1211 1279 1254 se
1301 1191 1412 1276 spoliis

330 1219 438 1344 hostes
474 1285 646 1342 armarunt
678 1277 752 1340 inde
786 1275 827 1339 ad
856 1276 980 1359 Tagsam
1013 1273 1132 1336 flumen
1161 1274 1295 1358 profecti
1323 1283 1412 1338 sunt.

332 1365 486 1428 Praetores
507 1363 633 1426 interim
656 1361 791 1424 Romani
811 1381 904 1423 omne
925 1358 958 1421 id
977 1365 1105 1442 tempus
1127 1359 1350 1422 contrahendis
1372 1381 1413 1422 ex

331 1447 510 1512 civitatibus
533 1447 625 1510 sociis
642 1446 860 1530 Hispanorum
882 1441 1005 1506 auxiliis
1023 1441 1263 1526 reficiendisque
1284 1443 1324 1506 ab
1348 1451 1414 1506 ter-

330 1554 400 1596 rore
418 1533 555 1596 adversae
570 1552 687 1616 pugnae
701 1529 838 1592 militum
851 1526 975 1605 animis,
989 1535 1242 1590 consumserunt.
1264 1525 1320 1590 ubi
1336 1527 1414 1590 satis

331 1617 476 1715 placuere
500 1615 592 1692 vires,
614 1623 647 1676 et
664 1613 734 1698 jam
756 1612 846 1676 miles
870 1631 1007 1695 quoque,
1030 1612 1071 1674 ad
1092 1609 1257 1673 delendam
1274 1611 1414 1696 priorem

365 1699 545 1777 nominiam,
569 1699 693 1762 hostem
716 1696 884 1782 poscebat;
907 1694 1073 1758 duodecim
1088 1694 1187 1758 millia
1199 1715 1352 1792 passuum
1372 1696 1413 1759 ab

331 1722 418 1868 ³dago
446 1782 576 1846 flumine
599 1789 776 1866 posuerunt
798 1788 909 1844 eastra.
947 1779 1020 1843 inde
1040 1779 1133 1842 tertia
1150 1779 1256 1864 vigalia
1280 1779 1414 1844 sublatis

262 1926 269 1938 ,
332 1867 441 1951 signis,
456 1867 609 1950 quadrato
624 1866 748 1950 agmine
761 1864 863 1963 princi
887 1863 917 1926 io
931 1863 1012 1927 lucis
1027 1865 1068 1927 ad
1082 1863 1162 1948 Tagi
1180 1863 1281 1948 ripam
1303 1885 1414 1950 perve-

332 1958 457 2014 nerunt.
499 1951 601 2013 'liuns
615 1949 748 2014 fluvium
762 1971 796 2012 m
811 1971 848 2013 co
872 1971 889 2012 e
903 1948 1045 2012 hostium
1056 1957 1159 2011 castra
1172 1957 1271 2012 erant.
1294 1957 1415 2013 extem-

331 2034 396 2120 plo,
411 2055 474 2133 qua
487 2033 613 2099 duobus
627 2034 704 2098 locis
718 2034 798 2098 vada
812 2033 954 2098 nudabat
969 2032 1081 2111 amnis,
1094 2033 1223 2096 dextera
1235 2041 1324 2131 parte
1340 2033 1415 2097 Cal-

355 2141 477 2196 urmus,
487 2118 568 2182 laeva
583 2119 755 2185 Quinctius
765 2118 937 2182 exereitum
952 2117 1181 2196 traduxerunt3
1196 2127 1303 2216 qureto
1311 2119 1416 2196 hoste,

331 2141 410 2268 dum
425 2203 557 2268 miratur
575 2203 718 2268 subitum
731 2204 914 2281 adventum,
923 2201 1155 2286 consultatque,
1169 2223 1224 2286 qm
1239 2203 1415 2266 tumultum

332 2287 459 2374 injicere
474 2288 706 2374 trepidantibus
720 2287 754 2351 in
766 2288 837 2373 ipso
851 2287 988 2350 transitu
1000 2287 1102 2350 amnis
1116 2287 1282 2370 potuisset.
1328 2287 1416 2352 Inte-

332 2373 391 2436 rim
409 2373 554 2452 Romani,
565 2372 789 2458 inpedimentis
802 2393 928 2456 quoque
943 2371 1091 2435 omnibus
1105 2371 1258 2434 traductis
1274 2379 1417 2436 contrac-

332 2457 436 2540 tisque
451 2457 484 2518 in
498 2478 600 2520 unum
614 2457 730 2534 locum,
745 2457 893 2540 quiajam
906 2455 1024 2520 moveri
1038 2455 1188 2519 videbant
1207 2457 1342 2536 hostem,
1357 2477 1417 2520 nec

333 2541 472 2624 spatium
493 2547 560 2602 erat
580 2547 683 2602 castra
712 2540 957 2618 communiendi,
989 2540 1088 2604 aciem
1116 2539 1345 2605 instruxerunt.
1382 2541 1417 2604 in

331 2625 435 2687 medio
459 2623 569 2686 locatae
592 2623 704 2705 quinta
726 2623 890 2708 Calpurnii
912 2623 993 2708 legio
1017 2633 1049 2688 et
1072 2632 1182 2688 octava
1207 2623 1359 2690 Quinctii.
1383 2625 1418 2689 id

331 2707 429 2771 robur
449 2714 517 2770 toto
531 2705 671 2769 exercitu
691 2714 767 2770 erat.
811 2707 971 2792 Campum
992 2717 1136 2808 apertum
1157 2731 1259 2792 usque
1281 2711 1322 2774 ad
1343 2711 1418 2774 hos·

332 2791 413 2854 tium
429 2797 531 2854 castra
544 2790 714 2870 habebant,
730 2791 864 2856 liberum
879 2801 999 2856 ametu
1014 2793 1209 2858 msidiarum.

375 2874 505 2938 XXXI.
529 2875 676 2960 Hispani,
702 2884 873 2961 postquam
896 2877 930 2940 in
955 2878 1098 2942 citeriore
1120 2879 1191 2963 ripa
1212 2879 1276 2942 duo
1301 2880 1419 2943 Rama·

333 2981 447 3024 norum
462 2959 589 3046 agmina
602 2971 845 3046 conspexerunt,
860 2970 907 3041 ut,
922 2963 1107 3047 priusquam
1122 2985 1156 3026 se
1165 2963 1300 3048 jungere
1321 2973 1418 3048 atque

333 3044 488 3110 instruere
508 3053 650 3131 possent,
664 3055 855 3132 occuparent
869 3069 933 3126 eos,
948 3047 1058 3110 castris
1072 3057 1200 3133 repente
1215 3047 1307 3112 effusi
1322 3070 1418 3113 cursu

171 3135 263 3183 scater
335 3129 374 3192 sd
396 3153 538 3215 pugnam
559 3131 705 3194 tendunt.
761 3132 862 3196 Atrox
884 3132 917 3195 in
939 3131 1094 3217 principio
1116 3132 1263 3217 proelium
1293 3133 1364 3212 fuit,
1386 3142 1419 3196 et

170 3201 254 3245 ‘mm
337 3213 491 3298 Hispanis
505 3215 623 3278 recenti
632 3215 763 3280 victoria
775 3215 943 3294 ferocibus,
951 3224 983 3279 et
997 3216 1122 3280 insueta
1137 3217 1145 3231 '
1191 3217 1309 3281 ominia
1318 3217 1418 3281 milite

170 3271 295 3323 pugnatur.
336 3299 479 3362 Romano
494 3319 636 3363 accenso.
665 3300 812 3365 acenime
833 3301 936 3365 media
957 3299 1048 3379 acies,
1062 3302 1134 3365 duoe
1162 3302 1328 3366 ortissimae
1340 3302 1419 3386 legi-

335 3403 422 3460 ones,
437 3381 646 3462 dimicabant3
669 3405 748 3468 quas
769 3407 870 3469 quum
891 3385 981 3448 aliter
1002 3386 1120 3449 moveri
1142 3386 1211 3450 loco
1233 3408 1298 3450 non
1322 3408 1419 3471 posse

335 3467 436 3530 hostis
450 3475 599 3546 cerneret,
614 3489 715 3532 cuneo
737 3469 854 3533 institit
867 3493 911 3554 pn
957 3491 1028 3534 are:
1051 3478 1084 3533 et
1105 3492 1206 3554 usque
1220 3471 1328 3555 plures
1342 3493 1421 3535 oon-

334 3551 549 3635 sertioresque,
563 3552 683 3616 medios
697 3554 885 3638 urguebant.
934 3554 967 3617 hi
980 3562 1151 3638 postquam
1165 3555 1305 3619 laborare
1319 3557 1419 3620 aciem

336 3635 529 3720 Calpurnius
553 3645 671 3722 praetor
693 3638 782 3717 vidit,
807 3639 845 3702 T.
872 3637 1083 3704 Quinctilium
1097 3639 1218 3703 Varum
1241 3644 1290 3703 et‘
1304 3641 1343 3703 L.
1357 3641 1420 3704 Ju-

335 3719 477 3783 ventium
495 3721 649 3784 Thalnam
672 3722 792 3806 legatos
815 3723 856 3785 ad
879 3723 1019 3808 singulas
1042 3723 1182 3807 legiones
1206 3725 1420 3788 adhortandas

333 3825 467 3888 propere
477 3805 585 3870 mittit.
629 3807 750 3870 Docere
764 3815 796 3870 ct
810 3829 937 3871 monere
945 3807 1049 3892 jubet,
1063 3811 1096 3871 in
1119 3810 1182 3872 illis
1201 3829 1283 3890 apem
1304 3829 1421 3872 martem

334 3890 472 3951 aincmdi
486 3896 515 3952 et
528 3891 691 3954 retinenda
705 3893 863 3972 Haapaanioe
880 3913 952 3956 esse.
997 3895 1033 3956 Si
1050 3894 1098 3956 illi
1113 3895 1177 3957 loco
1192 3894 1310 3971 cedam
1325 3895 1421 3956 amni-

335 3991 401 4035 aem
415 3973 478 4054 ejas
491 3975 641 4038 exercitae
654 3997 714 4038 aaa
727 3976 814 4039 modo
824 3977 958 4056 ltaliam,
971 3978 1026 4040 sed
1043 3998 1081 4040 ne
1105 3979 1182 4060 Papi
1204 3979 1323 4060 qacidem
1343 3979 1421 4041 alte-

755 4131 797 4182 tec
809 4133 853 4182 del.
867 4136 940 4183 Gron.
953 4135 1023 4184 Crev-

207 4269 236 4318 lt
253 4269 336 4320 'Loca
353 4269 407 4335 aaa]
428 4273 489 4320 Loca
505 4273 594 4330 sibi,id
611 4273 779 4333 anitiquis
811 4274 919 4350 riccqaut
936 4289 1013 4352 eornq
1027 4275 1077 4322 dari
1095 4274 1169 4321 solet:
1187 4274 1228 4320 sed
1245 4279 1345 4382 mumrq
1354 4273 1421 4320 clen-

173 4343 333 4446 oplidni'ddita
343 4397 419 4462 signa]
436 4403 529 4462 &pam
541 4402 633 4448 tacitam
645 4400 778 4460 intelligen·
811 4339 984 4458 (diliiiiiulnXlii
996 4340 1096 4458 :dliii
1104 4345 1362 4449 trieciiaaiedlitrlniimd
1367 4345 1430 4463 nii?-

173 4459 229 4506 dum
244 4462 342 4520 videaur,
355 4479 401 4511 non
415 4465 576 4526 vocale‚quod
592 4465 779 4523 tubaautclas·
811 4481 870 4512 san.
903 4463 959 4512 'De
972 4466 1115 4512 tesseravid.
1129 4473 1176 4512 not.
1189 4464 1271 4522 ohad
1284 4463 1390 4514 Vll-³⁶.
