3108 4982
434 301 523 366 am.
553 279 719 364 xxxix.
750 297 847 362 oar.
870 299 981 364 xxv.
1321 303 1383 366 su

114 443 204 530 loria,
219 459 254 514 et
268 449 291 482 ’⁸
301 427 507 536 Eurymenae,
518 455 550 512 et
564 453 668 512 cetera
681 449 764 512 circa
777 469 830 512 eas
845 445 982 534 oppida3
997 455 1107 512 utriam
1117 435 1217 513 'ihes-
1232 467 1261 515 u.
1273 467 1299 515 c.
1312 469 1367 522 aar.

116 537 258 600 saiorum
269 535 364 634 juris,
380 555 481 619 quum
495 534 527 598 vi
541 533 675 598 ademtae
689 555 908 618 possessaeque
917 533 957 596 ab
969 533 1087 596 AEtolis
1102 533 1216 613 forent,
1231 531 1259 579 Α·
1272 531 1299 580 ⁰·
1313 531 1365 582 ¹⁸&

11 633 18 660 t
118 623 205 702 (nam
221 621 411 705 Phihppum
426 619 544 683 AEtolis
560 619 714 682 ademisse
739 639 791 681 eas
816 618 993 700 constabat)
1018 639 1059 681 an
1077 619 1217 682 AEtalica

118 707 299 790 antiquitus
324 727 362 768 ea
387 705 505 790 oppida
524 704 668 767 fuissent.
690 706 736 766 ita
755 705 835 766 euim
855 705 990 766 Aritium
1008 706 1075 786 regi
1097 724 1216 767 amices-

117 793 205 868 riase,
227 793 257 853 ri
280 789 458 854 AEtoiorum
468 787 613 870 flarent,
639 789 716 850 etei
739 789 902 866 voluntate,
920 809 980 851 aaa
999 789 1050 851 rih
1070 791 1101 852 vi
1125 795 1216 869 atque

119 878 216 937 amnis
239 877 346 952 eoacti,
370 895 437 937 euru
461 875 578 937 AEtoiis
594 879 701 936 esrem.
746 872 900 956 Ejusdem
925 872 1069 936 formulae
1091 873 1215 958 discep-

118 959 199 1022 tatio
219 959 258 1022 de
287 957 531 1022 Perrhaeborum
551 957 805 1042 Magnetumque
829 957 955 1104 oppidis
974 957 1044 1020 fuit.
1069 957 1213 1021 omniurn

120 1043 205 1107 enim
215 1045 290 1129 jura
303 1043 495 1129 possidendo
511 1063 568 1128 per
588 1041 768 1106 occasiones
791 1042 890 1104 AEto'
914 1041 1116 1106 miscuerant.
1160 1043 1212 1106 Ad
1226 1051 1332 1097 suatum

120 1129 201 1206 haec,
217 1149 289 1212 quse
311 1125 549 1214 disceptationis
565 1135 664 1204 erant,
679 1125 814 1210 querelae
829 1125 1054 1190 Thessalorum
1070 1127 1211 1206 adesim,
1224 1117 1338 1174 (ΨΜ

10 1233 12 1240 ·
120 1215 202 1296 quod
218 1235 255 1276 ea
283 1213 404 1294 oppida,
423 1213 533 1294 sijum
559 1211 760 1276 redderentur
785 1211 855 1288 eibi,
881 1213 1013 1293 spoliata
1033 1232 1070 1275 ao
1128 1219 1212 1275 serta

119 1299 297 1361 redditum
316 1304 403 1361 earet.
423 1317 505 1374 mm,
520 1302 638 1379 prater
654 1297 723 1358 belii
742 1295 862 1359 casibus
883 1297 1019 1375 amissos,
1036 1297 1213 1378 quiapentor

113 1383 272 1464 principes
284 1383 456 1462 juventutis
476 1385 509 1445 ia
523 1381 739 1444 Macedoniam
760 1379 931 1458 abdaaiase,
947 1386 977 1442 et
997 1401 1088 1462 opera
1109 1401 1212 1443 eorum

118 1471 153 1529 in
183 1469 341 1530 sonitibus
369 1467 454 1530 abacti
484 1465 682 1530 ministeriis:
721 1471 761 1544 ei,
791 1485 856 1546 qua
884 1465 1054 1528 reddiderit
1091 1471 1213 1528 coactus

122 1553 284 1629 vassalis,
299 1553 422 1614 institia
434 1557 469 1614 ut
483 1551 633 1630 redderet,
649 1569 779 1613 caraem.
810 1549 831 1581 ⁹¹
845 1549 961 1612 metae
974 1549 1107 1612 Pbtbiae
1120 1569 1212 1612 uuum

119 1638 307 1699 maritimum
328 1637 493 1753 emporium
505 1635 617 1717 filicae,
632 1635 781 1718 quondam
796 1635 948 1698 ibmsaiie
962 1641 1160 1716 quastuomm
1182 1641 1212 1698 ei

110 1719 308 1802 fiuprferum.
394 1721 443 1784 ibi
467 1721 766 1784 manumortis
789 1720 1117 1802 comparatiarepem,
1146 1739 1212 1801 qaia

116 1811 232 1886 preter
257 1805 373 1869 Thebae
396 1805 622 1869 Demetriadem
644 1823 765 1869 cursum
787 1805 963 1888 diriperent,
979 1805 1211 1886 nepotiatioaem

117 1891 305 1953 maritimam
321 1911 436 1954 omnem
451 1911 485 1954 eo
500 1891 654 1954 anartium.
696 1891 769 1952 Jam
790 1909 827 1952 ae
848 1911 868 1951 a
889 1889 998 1972 legatis
1014 1889 1143 1972 quidem,
1158 1891 1211 1972 qui

108 1974 183 2055 jure
202 1977 340 2057 pentium
362 1977 462 2038 saneti
483 1975 556 2052 aiat,
578 1975 729 2038 uiolandis
756 1975 917 2037 abstinere.
941 1975 1071 2038 iusidias
1088 1977 1210 2056 poeitae

117 2061 255 2122 eicotibus
277 2061 320 2122 ad
348 2061 381 2124 T.
408 2061 591 2133 Quinctium.
634 2057 773 2140 ”Itaque
801 2079 873 2140 erpo
901 2059 934 2120 iu
959 2064 1076 2122 tantum
1099 2065 1210 2122 aretum

116 2163 220 2207 omnes
232 2145 390 2207 themata
403 2145 560 2228 conjectas,
572 2147 607 2207 ui
619 2163 679 2207 uon
689 2145 723 2206 ia
738 2143 911 2206 ciuitatibus
925 2143 998 2220 ruis,
1012 2163 1072 2205 noa
1085 2143 1119 2205 iu
1130 2163 1209 2206 com

115 2227 259 2292 munibus
269 2230 370 2310 pauo
384 2231 526 2308 cmciliis,
541 2231 699 2312 quispiam
719 2229 836 2291 discere
857 2227 978 2289 audeat.
1001 2227 1114 2308 procsd
1130 2227 1209 2288 caim

115 2313 222 2376 abeam
245 2313 398 2376 libertatis
419 2321 557 2378 auctores
580 2313 753 2376 Romanos:
788 2313 880 2374 lateri
909 2311 1064 2372 adterere
1084 2329 1209 2392 proaem

116 2397 545 2480 domimumprodibeatemuti
557 2395 708 2479 besaeficiis
715 2397 823 2480 popuii
831 2395 972 2458 Romani.
1007 2393 1089 2468 Quid
1096 2399 1208 2472 autem,

115 2485 144 2545 ai
157 2503 217 2546 aaa
231 2483 326 2546 libera
340 2504 400 2547 aaa
411 2486 464 2562 eit,
479 2483 606 2547 liberam
619 2483 709 2546 esse?
750 2482 842 2544 Nune
856 2501 888 2544 se
894 2477 1014 2562 fiducia
1024 2485 1054 2543 et
1061 2479 1208 2562 presidio

116 2569 285 2649 depalatum
306 2569 499 2651 ingemiscere
519 2569 627 2651 mapia,
641 2587 730 2650 quam
749 2567 839 2648 loqui.
870 2567 930 2629 aiei
945 2563 1129 2646 provideam
1150 2563 1208 2626 ali-

116 2651 194 2734 quid
206 2651 344 2732 Romani,
359 2674 417 2736 prio
432 2659 462 2717 et
479 2655 595 2717 Grecis
609 2651 825 2716 Macedoniam
839 2649 1044 2714 adcolentibus
1057 2655 1163 2728 metus,
1177 2655 1208 2712 et

116 2735 246 2800 audacia
262 2739 402 2820 Philippi
424 2739 590 2818 minuatur,
604 2737 804 2820 nequidquam
828 2741 858 2800 et
880 2737 965 2800 mom
986 2737 1108 2813 metum,
1124 2739 1154 2798 et
1174 2753 1208 2798 se

115 2821 259 2885 liberatos
272 2843 345 2886 esre.
393 2823 433 2886 Ut
447 2821 469 2856 '⁴
481 2843 587 2906 equum
599 2828 742 2901 tenereris,
758 2843 817 2885 aaa
825 2827 986 2904 parentem
1000 2819 1104 2902 frenis
1118 2837 1206 2900 aspe-

113 2907 247 2970 rioribus
262 2909 472 2991 emtipaudum
486 2927 560 2972 esse.
604 2907 686 2970 Haec
701 2906 811 2969 acerbe
830 2903 1002 2991 postremi:
1026 2925 1126 2988 quum
1141 2902 1207 2988 pri-

113 3011 186 3055 ores
206 2989 319 3055 leniter
338 2991 581 3078 permulsissent
602 2991 681 3055 iram
704 2989 784 3077 ejus,
809 2997 965 3076 petentes,
985 2987 1024 3052 Ut
1039 2989 1206 3069 ipaoaceret

107 3097 171 3158 pro
198 3077 337 3141 libertate
362 3079 549 3160 loquentibus
555 3105 566 3152 ;
594 3083 623 3140 et
649 3083 694 3155 ut,
723 3077 861 3157 deposita
887 3073 1002 3137 domini
1029 3071 1206 3150 acerbitate,

113 3161 305 3226 adsuesceret
324 3165 438 3226 sociem
459 3169 549 3246 atque
570 3164 700 3225 amimam
720 3181 785 3224 aeae
792 3164 945 3242 prestare
954 3185 965 3232 ‚·
988 3163 1017 3221 et
1032 3157 1207 3219 imitaretur

107 3247 255 3328 populum
281 3247 461 3328 Rmmnum,
483 3247 536 3330 qui
561 3249 701 3326 caritate,
726 3267 816 3328 mmm
841 3249 931 3322 autu,
955 3243 1120 3325 adjungere
1146 3239 1206 3304 eibi

111 3333 211 3396 rodae
224 3333 338 3397 maliet.
380 3331 539 3398 Thessalis
564 3330 691 3410 auditis,
719 3329 881 3395 Perrhaebi
903 3325 1204 3413 Gonnocondylum,

530 3473 544 3514 ¹¹
555 3479 633 3527 ridel.
645 3479 718 3526 tiron.
731 3478 799 3525 Cres.

143 3617 178 3665 911
194 3617 338 3678 summ,
355 3623 379 3664 st
396 3621 472 3665 cetera
489 3619 552 3665 eirca
572 3631 611 3664 eas
628 3611 724 3678 oppida]
758 3613 889 3674 Philippus,
901 3613 1013 3660 adsersus
1024 3625 1095 3672 quem
1107 3610 1208 3670 litigant,
1219 3609 1346 3657 indiderat.

113 3681 251 3740 aurp-m
263 3681 345 3726 eadem
358 3679 454 3727 sonasse
467 3681 522 3727 urbs
539 3687 583 3736 est,
595 3695 648 3741 que
660 3681 725 3726 Stra·
790 3679 822 3726 aa
840 3677 877 3724 Ibi
898 3677 992 3723 mnibus
1013 3671 1136 3735 mariis]
1165 3675 1252 3721 Senam
1274 3674 1367 3721 ridetur

112 3744 203 3798 leonii
218 3743 259 3790 lli.
272 3759 294 3804 p.
304 3743 360 3798 att,
372 3744 458 3791 dicitnr
470 3745 584 3806 Erymna.
613 3745 724 3791 Ceterum
758 3757 816 3798 esse,
840 3739 976 3800 Philippum
1000 3739 1087 3786 'thebis
1109 3737 1221 3784 roimlsse
1248 3737 1366 3784 onerarias

112 3809 215 3854 libenter
233 3815 323 3854 resecta
337 3821 393 3854 soce
404 3823 443 3856 eas
462 3809 602 3868 legeremus,
617 3815 640 3855 et
651 3813 727 3854 cetera
759 3820 838 3860 naam,
850 3805 934 3864 quibus
946 3803 1129 3862 negotiationem
1148 3815 1259 3848 exercens
1271 3802 1329 3863 ipse,
1341 3809 1366 3848 et

112 3875 176 3918 sires
201 3873 294 3932 oppida,
322 3885 364 3932 per
399 3873 508 3920 usitatam
541 3872 606 3933 apud
633 3871 726 3918 Livium
758 3871 866 3918 advectas
875 3883 904 3914 es
916 3868 968 3914 aliis
979 3867 1113 3927 regionibns
1121 3881 1209 3912 merces
1218 3873 1365 3926 comportans

113 3936 215 3995 ellipsin.
756 3933 939 3989 Demetriadem,
952 3931 1110 3992 frequentaret
1121 3930 1180 3976 illud
1191 3929 1329 3990 emporium.
1341 3935 1365 3974 et

144 3999 174 4048 tt
193 3999 302 4046 man
310 3995 421 4060 Pithiae]
440 3999 527 4047 Theba
538 3999 630 4047 Phthia
640 3999 723 4046 eadem
755 3997 939 4058 negotiationem
951 4009 979 4042 ea
988 3995 1057 4042 modo
1068 4007 1082 4040 s
1093 3993 1180 4041 Thebis
1191 3991 1365 4040 Demetriadem

113 4073 148 4112 est
168 4065 224 4109 urbs
241 4077 295 4122 quse
313 4077 392 4122 supra,
404 4063 449 4110 hoc
467 4064 518 4124 ipso
534 4065 617 4124 eapite.
638 4063 724 4110 dicitur
755 4069 878 4110 averteret.

114 4127 290 4188 Philippopolis.
324 4126 392 4174 illam
410 4135 501 4188 raptam
522 4127 651 4188 Philippus,
667 4135 725 4174 ets
787 4119 1017 4186 93⁰1tapnasrga]
1035 4115 1323 4175 Vid.not76‚sdl.ib.

113 4203 198 4250 magna
210 4199 276 4252 parte
287 4191 416 4238 incolarum
433 4193 557 4248 desertam,
570 4189 645 4252 (quod
656 4191 725 4238 docet
787 4190 819 4237 aa
836 4189 925 4250 Equus·
936 4196 1035 4235 mascam
1043 4201 1086 4232 aas
1092 4177 1221 4246 parentem]
1240 4179 1302 4238 iege
1310 4193 1364 4256 tum

112 4256 189 4302 obiter
208 4255 289 4302 Livius
308 4255 324 4302 l.
343 4254 459 4302 xxviii.
473 4271 492 4302 a
504 4255 539 4316 7,)
551 4256 617 4302 noris
636 4255 725 4302 colonis
757 4253 993 4314 Dujstiostersaesss,
1005 4251 1084 4304 idest,
1099 4247 1139 4308 qul
1151 4257 1263 4318 umorem
1275 4251 1365 4298 escunt

111 4318 310 4379 massuram,
319 4327 343 4366 et
355 4320 385 4366 de
396 4333 439 4366 suo
448 4319 542 4367 aonsine
552 4319 725 4379 Philippopolin
756 4317 894 4376 sternitque.
929 4317 979 4362 liae
991 4327 1046 4361 soce
1058 4326 1113 4358 usus
1129 4317 1164 4356 est
1177 4307 1296 4382 Virgilius,
1308 4307 1363 4353 AEn.

111 4383 277 4444 distinxerat.
302 4384 348 4430 Sed
358 4383 469 4430 nimirum
482 4384 596 4439 Thessali.
609 4385 649 4443 qui
661 4384 726 4428 illam
759 4380 816 4427 xil.
832 4395 853 4427 v.
871 4379 926 4428 ³in
960 4379 1074 4425 videmur
1090 4374 1168 4420 delere
1185 4383 1255 4446 passe
1270 4367 1302 4416 sd
1321 4385 1365 4418 sss

112 4447 243 4494 urbemhic
254 4447 298 4494 sibi
311 4447 377 4494 reddi
386 4447 513 4508 postulant,
524 4454 590 4495 setus
602 4448 632 4494 de
642 4447 724 4494 indus·
754 4451 879 4506 parenteia,
891 4459 944 4503 que
960 4441 1054 4501 sepiant
1071 4437 1186 4496 glossema
1201 4433 1309 4482 additum
1325 4435 1363 4484 ia·

112 4511 157 4559 tria
177 4519 294 4573 usrpant
313 4525 407 4569 nomen,
427 4519 506 4573 spreto
524 4511 565 4558 illo
581 4510 725 4572 noso,quod
757 4507 915 4570 terpretaade
923 4519 1006 4568 parum
1018 4503 1079 4550 trita
1091 4499 1140 4547 soci
1152 4505 1284 4549 simassi.
