3086 4952
247 329 289 402 72
810 323 903 390 'rm
934 323 1049 388 mvn

411 653 441 710 el
455 647 589 710 vicione
604 646 829 726 tuoepraemiom
843 650 873 708 te
886 645 1055 724 militesque
1066 649 1134 706 tuos
1154 644 1286 706 modom
1307 645 1386 706 duos
1403 661 1447 706 orl

410 731 588 812 Philippum
601 735 783 810 tolosates*
799 729 925 791 Gracile
938 728 1081 790 toreca
1324 771 1325 774 κ

455 813 598 878 XXXV.
619 812 867 876 Adsentiebotur
892 811 941 874 his
966 810 1100 874 consul:
1134 810 1190 874 sed
1215 811 1329 896 pudor,
1359 812 1386 873 si
1414 812 1448 874 in

411 899 538 982 incepto
561 897 743 962 abscederet
767 895 941 973 obsidione,
956 895 1158 958 obcurrebst:
1180 903 1249 957 tots
1260 895 1335 958 inde
1349 895 1449 961 Quint

411 979 1041 1141 sctffisltcictttstttt
1055 986 1451 1148 tribuisset

412 1159 495 1229 rent,
503 1159 541 1216 ut
548 1149 748 1214 misereretur
757 1149 862 1247 gentis
871 1147 1064 1227 AEtolorum,
1073 1147 1157 1212 exire
1165 1147 1288 1231 aliquos
1299 1149 1340 1211 sd
1350 1169 1384 1211 se
1392 1149 1451 1233 jus

415 1237 568 1303 Pbaeness
582 1235 651 1319 ipse
664 1234 887 1318 principesque
900 1231 952 1295 olii
966 1231 1126 1316 extemplo
1137 1232 1254 1316 egressi
1273 1240 1359 1296 sunt.
1384 1231 1452 1315 quil

413 1319 589 1406 provolutis
603 1319 644 1382 sd
657 1318 763 1404 pedes,
777 1319 923 1395 For-tuno,
934 1316 1049 1400 inquit,
1058 1323 1161 1380 oestro
1167 1315 1260 1396 sarit,
1274 1323 1309 1380 ut
1323 1323 1354 1380 et
1365 1319 1421 1380 irae
1430 1335 1453 1380 rr

414 1413 445 1470 et
458 1407 590 1469 motioni
604 1409 773 1484 imperes.
814 1403 999 1478 Eoerrenmt,
1014 1421 1079 1482 que
1085 1401 1221 1481 prodici
1237 1407 1390 1464 ereatura.
1421 1407 1453 1464 et

415 1493 472 1554 boc
484 1490 603 1571 quidem
615 1489 724 1569 reliqui
738 1487 821 1550 uobis
834 1493 889 1564 erl,
901 1491 936 1548 ot
955 1487 1089 1568 iodiyois
1109 1486 1256 1548 occidisse
1277 1505 1315 1549 eo
1332 1486 1454 1549 rideam

414 1575 484 1656 Eoo
498 1581 608 1650 lomes,
622 1578 704 1635 sorte
718 1571 849 1652 qsmdom
867 1569 1052 1633 'nutriendo
1067 1571 1192 1633 Grecis
1202 1569 1302 1648 dmm,
1315 1591 1354 1633 ne
1372 1572 1455 1652 inore

416 1659 535 1739 quidem
550 1656 721 1736 benefacere
735 1655 890 1718 obsistam.
931 1655 1052 1716 Mittite
1064 1658 1202 1718 oratores
1215 1655 1259 1716 od
1274 1656 1432 1732 conculcor,
1453 1685 1456 1736 l

415 1742 554 1806 inducias
576 1740 717 1802 territumb
740 1740 882 1820 temporis
897 1744 1016 1819 petant,
1038 1745 1073 1801 ot
1095 1739 1216 1800 mittere
1239 1739 1353 1820 leyolos
1377 1741 1457 1802 Rom

411 1826 548 1908 possitis,
556 1844 616 1904 per
630 1843 704 1904 quos
715 1824 834 1885 oenotri
847 1823 884 1884 de
904 1823 988 1884 uoltis
1002 1824 1202 1904 permittatis.
1244 1824 1313 1905 Eoo
1334 1825 1418 1906 opud
1436 1843 1457 1886 c<

256 1931 355 1989 neg-o·
417 1911 512 1973 solem
536 1907 714 1988 deprecator
737 1906 931 1988 defensorque
951 1907 1036 1969 vobis
1058 1907 1161 1972 odero.
1206 1906 1266 1985 Ito,
1281 1915 1318 1970 ut
1342 1929 1458 1970 censue

254 1995 353 2068 ΒΜ
420 1991 601 2071 Quinctius,
616 1991 777 2054 leoenrntr
799 2011 858 2053 nec
872 1991 1080 2074 adspernatus
1102 1999 1151 2054 est
1172 1991 1360 2089 legationem
1384 2013 1459 2054 cons

253 2063 358 2103 mount.
418 2077 617 2160 induciisque
638 2075 673 2138 in
695 2074 779 2138 diem
800 2083 918 2138 certam
940 2075 1033 2153 dotis,
1049 2097 1113 2158 quo
1128 2075 1244 2158 legstro
1266 2077 1443 2139 renunciari

420 2163 523 2226 Romo
544 2168 663 2246 posset,
687 2159 791 2222 soluts
814 2159 937 2222 obsidio
964 2165 1023 2237 est,
1043 2169 1075 2222 et
1098 2159 1253 2223 exercitus
1277 2161 1312 2223 in
1336 2161 1460 2224 Phocid=

418 2245 545 2310 missus.
589 2243 712 2310 Consul
740 2265 814 2308 cum
836 2243 874 2306 T.
899 2243 1051 2310 Quinctio
1079 2243 1120 2306 ad
1143 2245 1317 2308 Achaicum
1340 2246 1461 2308 concilii

419 2331 553 2416 AEgium
577 2329 709 2428 trajecit.
737 2328 842 2392 ibide
868 2327 955 2392 Eleis
980 2335 1013 2390 et
1037 2328 1097 2390 de⁰
1122 2329 1284 2395 exsulibus
1308 2330 1462 2392 Laoedaen

420 2416 546 2480 nicrum
560 2413 763 2478 resumendis
777 2421 893 2476 actum.
916 2421 948 2475 et
964 2419 1076 2476 neutra
1091 2413 1230 2498 perfecta
1251 2435 1310 2493 res,
1325 2413 1421 2498 'quia
1442 2435 1463 2476 s

419 2500 529 2584 gmtiae
543 2497 694 2561 reservari
714 2517 784 2559 eam
796 2497 917 2574 thaei,
932 2497 1002 2560 Elei
1049 2517 1139 2560 erse
1164 2498 1236 2582 ipsi,
1250 2519 1346 2583 quam
1367 2519 1424 2583 per
1447 2501 1463 2560 l

420 2604 542 2660 menos,
566 2581 746 2644 meluerunt
767 2579 906 2642 Achaico
932 2519 1090 2644 contrlbui
1119 2583 1261 2648 concilio.
1304 2583 1463 2667 Epiroten

420 2667 515 2764 legati
530 2665 571 2727 ad
585 2663 748 2726 consulem
760 2671 925 2741 venerunt,
940 2686 1021 2748 quos
1035 2687 1100 2729 non
1114 2667 1236 2730 sincera
1249 2667 1312 2730 fide
1326 2667 1359 2730 in
1375 2668 1463 2730 amici

420 2751 517 2812 fiune
533 2747 608 2812 satis
623 2747 806 2811 constabat:
828 2747 960 2811 militem
974 2757 1081 2814 tamen
1103 2751 1228 2815 nullum
1243 2751 1403 2815 Antiocho
1418 2753 1463 2814 der

421 2841 502 2897 rant.
535 2831 670 2932 pecunia
678 2831 800 2917 juvisse
815 2853 889 2896 eum
903 2832 1188 2899 insimulabanturr
1209 2836 1330 2921 legatos
1343 2837 1383 2898 od
1404 2857 1463 2920 regu

422 2939 462 2982 ne
486 2917 549 3016 ipsr
571 2917 699 3000 quidem
722 2917 846 2980 misisse
870 2917 1101 2983 inficiabuntur.
1145 2920 1190 2982 Iis
1211 2920 1404 3006 petentibus,
1420 2931 1457 2982 ut

421 3002 559 3066 omicrtia
572 3002 706 3087 pristina
720 3023 788 3066 esse
808 3001 925 3080 liceret,
939 3003 1104 3088 respondit
1125 3005 1246 3084 consul,
1261 3007 1301 3068 Se
1322 3012 1423 3068 utrum
1444 3009 1463 3066 lt

422 3090 507 3166 tirou,
529 3109 570 3152 oo
585 3093 769 3168 pacatorum
788 3107 838 3150 eos
858 3109 980 3150 mmero
998 3089 1276 3166 inlustrandum
1294 3092 1382 3152 seire.
1417 3091 1463 3151 Se

422 3179 486 3236 tom
500 3173 564 3252 eires
576 3173 623 3233 rei
625 3170 846 3252 jodicemsore.
889 3173 1045 3253 interram
1057 3193 1090 3235 ee
1112 3193 1249 3236 eororam
1264 3195 1366 3237 eorum
1384 3175 1462 3236 Rom

421 3257 558 3336 rejicere.
592 3255 732 3317 inducias
762 3256 806 3318 od
830 3256 866 3317 iel
894 3257 1011 3319 dimum
1039 3259 1204 3340 nouoyioto
1234 3259 1318 3321 dore.
1369 3258 1463 3342 Epire

423 3341 558 3404 Romam
573 3337 661 3400 missi
676 3346 821 3402 senatum
836 3339 991 3404 adierunt
1019 3339 1068 3418 iis,
1083 3341 1193 3426 magis,
1229 3363 1278 3405 uae
1288 3363 1353 3405 non
1364 3341 1463 3404 secissr

423 3423 559 3502 hostilio,
573 3423 792 3501 referentibus,
807 3445 902 3507 quam
918 3425 1128 3509 purgantibus
1148 3447 1194 3505 ea,
1207 3364 1247 3490 le
1267 3425 1384 3510 quibus
1402 3447 1463 3509 argu

423 3509 551 3586 bantur,
582 3527 631 3570 res
656 3529 771 3570 onsum
792 3508 902 3570 datum
924 3517 983 3588 est,
1006 3529 1070 3592 quo
1093 3511 1217 3573 veniam
1239 3511 1423 3595 inpetrasse,
1448 3533 1463 3572 r

424 3613 567 3656 caussam
581 3529 742 3677 probasse,
756 3592 855 3656 videri
868 3601 1007 3676 possent.
1036 3595 1081 3658 Et
1096 3594 1178 3658 Phili
1201 3595 1234 3680 pi
1247 3595 1330 3679 regis
1343 3595 1439 3678 legati
1453 3616 1463 3656 s

424 3677 508 3740 idem
521 3685 648 3760 tempus
670 3677 703 3739 in
722 3684 867 3740 senatum
889 3677 1071 3756 introducti,
1092 3687 1162 3762 grat
1238 3687 1286 3742 tes
1309 3679 1348 3741 de
1373 3679 1463 3741 victo]

424 3761 462 3824 iis
487 3761 680 3846 petentibus,
695 3769 733 3824 ut
754 3761 814 3824 sibi
837 3761 1010 3825 sacrificare
1035 3763 1069 3825 in
1085 3763 1252 3861 Capitolio,
1268 3763 1451 3846 donumque

424 3867 501 3910 auro
515 3845 622 3910 liceret
635 3866 753 3930 ponere
766 3845 800 3908 in
822 3846 890 3909 aede
913 3846 935 3910 J
937 3846 1004 3910 ovis
1023 3846 1149 3932 Optinn
1164 3847 1309 3927 Maximi,
1323 3847 1463 3933 permissu

569 4001 581 4030 ⁸
592 3999 688 4044 nondum
700 4003 732 4043 tot
743 3998 817 4053 urbes,
828 4003 880 4058 quot
892 3997 1031 4058 Philippum,
1041 4005 1119 4059 genter
1129 4005 1171 4046 ele.
1184 3999 1257 4046 (iron.
1270 3999 1338 4045 crer-

514 4065 528 4094 ⁸
537 4068 560 4108 et
571 4063 669 4108 rictoriae
681 4067 697 4106 t.
708 4076 730 4120 ρ.
743 4067 759 4106 t.
771 4075 798 4106 ιι.
811 4067 828 4107 t.
837 4075 860 4108 rs.
871 4062 895 4108 d.
906 4075 928 4108 rs.
939 4061 967 4108 Ρ.
979 4068 997 4108 t.
1006 4078 1031 4123 g.
1045 4063 1072 4108 G.
1082 4064 1164 4109 babere
1177 4062 1243 4108 uocis
1254 4063 1310 4108 incl.
1321 4061 1396 4108 seru

516 4121 602 4172 i’torui
614 4125 708 4184 Kreyss.
722 4123 799 4170 Bekk.
1144 4127 1195 4172 etr
1207 4126 1253 4170 del.
1266 4126 1339 4171 Gron.
1349 4125 1417 4171 Creu.

292 4253 459 4308 7Notrr'rrrlae
479 4247 586 4310 Graeeiae]
613 4249 737 4305 noverca,
749 4250 871 4310 jurandus.
905 4251 950 4298 Sed
968 4251 992 4298 id
1005 4251 1141 4298 vocubulum
1159 4267 1206 4298 nou
1226 4252 1285 4298 solet
1303 4252 1408 4298 sdbiberi
1424 4252 1463 4310 in}

260 4315 553 4372 vtulv.ct,stv11.t.
905 4315 1032 4360 titionibus.
1074 4315 1148 4361 Possis
1170 4317 1247 4374 legere
1269 4317 1370 4362 alteram.
1405 4314 1463 4362 'Ser

291 4381 386 4429 sousa
401 4395 447 4426 rua
462 4383 546 4442 gratia
562 4378 679 4434 reservari¹
692 4373 753 4436 ron]
772 4377 807 4422 Τὸ
824 4391 872 4422 sorr
904 4384 953 4424 erte
982 4379 1037 4437 quis
1062 4379 1140 4424 Achai
1170 4379 1304 4426 maluerunt
1329 4379 1463 4424 hccdoemo

99 4495 100 4500 ,
259 4445 330 4494 debet
341 4443 440 4502 intelligi
452 4443 481 4490 de
496 4459 521 4490 re
532 4441 563 4490 sd
576 4441 763 4488 baeedoemonios
779 4441 871 4486 exsules
903 4442 995 4488 exsules
1014 4443 1057 4488 sibi
1076 4442 1181 4502 obligari,
1198 4457 1269 4501 quam
1283 4443 1403 4498 Romanis,
1420 4451 1463 4489 rest

98 4513 102 4567 l
260 4507 399 4569 pertinente,
407 4508 444 4552 cui
456 4507 481 4556 iu
492 4505 642 4568 sequentibus
651 4512 802 4564 opponuntur
811 4505 870 4552 litei.
904 4505 974 4551 tionis
985 4506 1009 4552 iu
1022 4505 1121 4566 petrium
1132 4506 1253 4552 beneficio.
