3086 4952
252 344 296 404 64
830 335 923 400 'l'l'l'l
956 335 1071 408 LlVll

255 507 390 556 u.c.oo1.
418 497 514 574 atque
543 483 774 572 obpugnationi
799 483 993 570 praeposuit:
1016 485 1150 546 '‘moem
1173 489 1264 545 extra
1289 501 1409 559 muros,
1438 504 1466 565 q:

254 577 283 620 b
296 573 323 620 ⁰·
337 572 391 620 ¹⁹¹·
419 573 616 658 frequentius
630 591 740 657 prope,
761 591 858 653 quam
880 569 989 647 urbsr,
1015 567 1228 646 habitabatur,
1250 567 1299 631 Ti.
1321 567 1466 650 Sempro:

420 660 534 742 Longo
548 655 797 741 obpugnandam
816 653 922 716 dedit:
945 655 1016 716 '‘a'‘
1035 653 1108 716 sinu
1129 652 1278 730 Maliaco,
1293 673 1365 736 quae
1388 652 1466 714 adit:

419 743 507 806 haud
520 743 643 806 facilem
656 761 730 826 pars
744 739 890 816 habebat,
914 739 963 801 M.
979 738 1144 816 Baebium3
1167 737 1207 800 ab
1225 736 1324 800 altero
1341 736 1466 798 amnicu

420 849 515 912 quem
540 827 669 889 Melana
682 833 807 902 vocant,
829 824 979 887 adversus
1002 823 1115 885 Dianae
1140 821 1306 904 templum,
1334 823 1398 904 Ap.
1415 821 1466 882 Cla

420 912 509 976 dium
524 911 684 996 obposuit.
727 911 748 944 ¹⁶
762 909 888 972 Horum
902 929 1019 992 magno
1034 907 1203 970 certamine
1217 905 1301 968 intra
1310 927 1429 990 paucos
1444 905 1466 968 d

419 1005 534 1074 turres,
549 996 733 1079 arietesque,
755 1001 787 1057 et
804 993 884 1056 alius
903 992 1008 1056 omnis
1030 991 1201 1076 adparatus
1223 989 1466 1074 obpugnandam

419 1082 548 1146 urbium
561 1080 735 1166 perficitur.
780 1079 825 1142 Et
835 1099 936 1161 quum
946 1097 1020 1162 ager
1029 1074 1248 1139 Heracleensis
1257 1075 1398 1159 paluster
1407 1095 1466 1137 om:

419 1168 631 1251 frequensque
645 1163 785 1250 proceris
800 1162 975 1240 arboribus,
988 1161 1126 1260 benigne
1140 1161 1182 1223 ad
1196 1181 1290 1222 omne
1308 1179 1411 1244 genus
1435 1181 1466 1243 op

420 1273 492 1315 rum
502 1251 666 1314 materiam
677 1247 919 1334 suppeditabat:
935 1255 1015 1324 tum,
1024 1267 1099 1329 qura
1111 1245 1292 1329 refugerant
1301 1243 1385 1306 iutra
1394 1265 1466 1306 moer

421 1336 533 1414 AEtoli,
555 1335 717 1414 ''deserta
732 1343 827 1418 quse·
842 1333 877 1396 in
897 1331 1055 1396 vestibulo
1077 1329 1165 1394 urbis
1183 1336 1283 1407 erant,
1304 1336 1389 1392 tecta
1408 1329 1466 1391 in:

421 1420 484 1484 rios
500 1442 578 1484 usus
594 1440 658 1485 uon
676 1419 766 1504 tigna
784 1417 879 1516 modo
893 1425 925 1480 et
938 1416 1072 1514 tabulas,
1092 1415 1148 1478 aed
1166 1414 1297 1478 laterem
1319 1435 1457 1498 quoque,

421 1499 1377 1670 tiit:ftttffiitttltititt‘itltin
1404 1604 1466 1646 aa

421 1674 533 1737 urbem
548 1671 796 1757 obpugnabaut:
819 1670 921 1734 AEtoli
935 1679 1045 1734 contra
1058 1669 1153 1732 armis
1169 1691 1202 1732 se
1215 1668 1396 1732 tuebantur.
1425 1689 1466 1730 na

421 1778 522 1840 quum
537 1757 633 1820 ariete
646 1763 852 1840 quaterentur
864 1755 959 1834 muri,
973 1777 1040 1818 non
1057 1754 1188 1837 laqueis,
1210 1753 1230 1784 ⁸¹
1240 1763 1278 1816 ut
1293 1752 1382 1832 solet,
1397 1773 1466 1816 exce

421 1850 472 1904 tos
486 1841 686 1904 declinabant
700 1841 801 1920 ictus3
823 1839 911 1903 ⁸’sed
925 1839 1038 1902 mmati
1059 1839 1251 1922 frequentes,
1272 1837 1400 1922 quidam
1421 1837 1466 1920 igr

421 1925 527 2004 etiam,
542 1947 622 2010 quos
637 1925 804 2023 aggeribus
819 1925 994 2010 injicerent,
1006 1924 1159 2023 ferebant.
1185 1923 1320 1986 fornices
1335 1944 1463 2019 quoque

421 2007 1466 2178 &himiliabit{thamath

422 2181 547 2244 hostem
570 2179 657 2258 locis,
684 2179 851 2243 faciebant.
897 2179 970 2242 Hoc
992 2178 1103 2263 primis
1129 2177 1252 2255 diebus,
1278 2177 1356 2240 dum
1378 2177 1466 2260 integ

422 2265 504 2330 vires
519 2274 619 2344 erant,
634 2273 666 2328 et
679 2265 860 2349 frequentes
875 2272 907 2326 et
921 2263 1045 2348 inpigre
1058 2263 1218 2326 fecerunt:
1241 2261 1275 2324 in
1298 2262 1365 2326 dies
1385 2261 1466 2325 dein<

422 2350 586 2436 pauciores
596 2358 629 2414 et
638 2350 777 2434 segnius.
807 2348 946 2426 Etenim,
959 2347 1177 2431 quammultis
1188 2347 1466 2431 urguerenturreb:

422 2435 510 2532 nulla
524 2456 641 2532 coepes
656 2456 756 2516 aeque,
771 2455 807 2496 ac
818 2433 855 2530 vi·
873 2433 879 2446 '
895 2434 932 2496 'ae
947 2433 1174 2531 conficiebant3
1191 2431 1342 2530 Romanis
1352 2431 1385 2493 in
1397 2453 1466 2514 mag

421 2517 1051 2687 tttmttttttttittttht
1064 2524 1237 2686 {titt
1254 2517 1466 2664 thiat

422 2695 544 2749 urente.
589 2687 650 2748 Per
674 2693 810 2768 quatuor
829 2694 861 2748 et
881 2685 993 2770 viginti
1017 2686 1095 2765 dies,
1119 2687 1164 2750 ito
1184 2695 1222 2750 ut
1241 2685 1365 2749 nullum
1384 2693 1466 2769 temp

422 2791 558 2833 vacuum
578 2768 777 2832 dimicatione
792 2777 885 2848 esset,
907 2770 1057 2834 adversus
1072 2783 1209 2854 quatuor
1222 2793 1239 2835 e
1254 2771 1398 2856 partibus
1417 2771 1466 2833 sin

422 2853 661 2940 obpugnantem
676 2855 801 2918 hostem
814 2864 990 2918 nocturnus
1005 2856 1119 2920 diurno
1134 2857 1338 2919 continuatus
1352 2855 1466 2918 labore

314 2957 317 2962 “
423 2939 535 3006 Quum
549 2939 697 3026 fatigatos
707 2939 775 3024 jam
789 2940 915 3004 AEtolos
931 2940 1025 3003 sciret
1043 2941 1155 3004 consul
1175 2949 1208 3004 et
1227 2963 1266 3004 ex
1289 2942 1410 3004 ratione
1433 2950 1465 3002 te

422 3025 519 3111 poris,
534 3033 566 3089 et
581 3025 668 3110 quod
681 3026 726 3089 ita
740 3025 913 3110 transfugae
928 3025 1147 3102 adfirmabant,
1167 3027 1229 3089 tale
1243 3025 1410 3089 consilium
1431 3025 1465 3086 in

422 3111 529 3174 media
543 3119 636 3174 nocte
651 3109 792 3258 receptui
807 3109 934 3194 signum
949 3110 1047 3189 dedit,
1065 3119 1098 3173 et
1112 3111 1153 3174 ab
1167 3109 1404 3196 obpugnatione
1418 3111 1466 3172 sin

422 3215 533 3258 omnes
547 3195 664 3257 milites
678 3195 717 3258 de
740 3203 831 3258 uctos
845 3215 948 3278 usque
964 3195 1005 3257 ad
1025 3195 1150 3258 tertiam
1170 3195 1233 3258 diei
1253 3195 1365 3258 horam
1388 3195 1466 3278 quie:

422 3279 456 3340 in
470 3278 580 3341 castris
595 3278 707 3342 tenuit.
742 3279 816 3342 inde
839 3287 944 3364 coepta
963 3279 1159 3364 obpugnatio
1183 3279 1224 3342 ad
1241 3279 1378 3343 mediam
1402 3299 1466 3342 rurs

451 3417 562 3474 spartea:
574 3421 639 3462 estro
650 3430 731 3472 maror,
743 3431 793 3477 qao
798 3411 943 3477 frequentias
950 3431 1027 3477 prope,
1038 3433 1105 3478 qaas:
1116 3419 1171 3464 arba
1181 3417 1275 3478 Kreyaa
1291 3423 1381 3477 portes:
1392 3431 1437 3475 pao
1448 3432 1466 3460 e:

419 3475 643 3539 narosfreqseatias
656 3495 725 3540 prope
735 3495 802 3541 paon
812 3482 837 3526 is:
848 3481 903 3527 arbe
911 3480 987 3526 sake
1331 3483 1343 3512 ¹
1354 3495 1369 3526 a
1380 3481 1426 3524 del.
1438 3480 1466 3524 G:

419 3545 433 3574 ⁸
443 3544 576 3604 desertqu
589 3543 646 3590 aaa

292 3650 323 3698 84
339 3651 421 3699 Areos:
433 3659 499 3699 estro
510 3669 590 3708 maroa,
597 3651 797 3716 quaesreqsents'ss
803 3671 872 3716 propa
904 3657 981 3702 culam
992 3671 1014 3710 a,
1024 3671 1095 3716 quam
1104 3657 1230 3702 omiserant
1242 3653 1361 3701 Gronovii.

260 3730 326 3776 paea·
355 3717 409 3762 sris
437 3715 597 3778 habraam]
631 3719 725 3779 Optime
752 3721 872 3766 annotavit
937 3719 968 3766 86
985 3719 1095 3767 'Horam
1105 3735 1185 3780 :nugae
1196 3716 1329 3779 meoniae]
1347 3717 1465 3767 Quumhi

261 3779 391 3825 Glareanus
409 3779 459 3825 hee
478 3795 582 3840 pugnare
602 3797 654 3829 cum
674 3783 703 3828 iia
722 3797 775 3842 que
797 3797 816 3829 e.
840 3785 871 3830 Ἡ
903 3792 974 3830 terse
991 3799 1076 3844 magno
1090 3785 1167 3830 studio
1178 3791 1301 3838 certarent,
1312 3782 1365 3842 quia
1375 3783 1466 3826 mandat

260 3843 392 3889 traduntur.
427 3843 462 3890 lbi
480 3845 543 3890 enim
561 3845 596 3892 Ti.
616 3845 767 3906 Sempronius
783 3849 813 3893 ab
829 3861 872 3893 sua
903 3861 961 3906 opua
973 3847 1209 3908 celeriusperflceret.

260 3916 326 3966 parte
337 3907 425 3967 primus
437 3909 518 3954 urbem
530 3923 612 3967 capere
629 3910 726 3956 dieitur:
744 3919 869 3970 quacapta
932 3911 964 3966 87
981 3909 1155 3972 Desertaqsae]
1168 3907 1466 3957 certissimafironoviiern

260 3969 332 4016 AEtoll
352 3971 490 4031 mnhrgiunt
508 3972 533 4018 ln
549 3987 633 4018 arcem.
667 3973 750 4034 Seripti
766 3983 790 4021 et
806 3976 868 4021 anti·
901 3975 972 4021 datio.
1007 3976 1071 4021 Editi
1091 3976 1161 4034 vulgo
1180 3977 1320 4034 desertaque.
1354 3972 1400 4018 Sed
1425 3973 1466 4020 seri

260 4035 352 4094 quiores
361 4035 417 4082 editi
425 4049 540 4096 proqsoas
548 4038 602 4083 urbs
609 4037 798 4098 habentqaoats'n
807 4041 868 4086 arbe.
902 4039 946 4084 nisi
959 4041 1103 4095 vetustiores,
1116 4041 1195 4098 quales
1207 4053 1292 4098 paucos
1303 4037 1373 4098 hujus
1386 4037 1446 4082 Livii
1460 4053 1466 4096 1

261 4095 325 4145 llino
337 4100 448 4145 emendat
459 4100 605 4146 Gronovius:
632 4108 727 4161 partem,
744 4117 790 4162 qao
804 4111 870 4148 estro
902 4103 931 4148 tis
943 4103 1064 4156 habemus,
1076 4118 1122 4149 non
1135 4113 1234 4149 utuntur
1244 4101 1405 4162 diphthongis,
1414 4111 1439 4145 ut
1449 4102 1466 4146 ir

259 4177 334 4210 steros
346 4160 491 4224 frequentias
507 4178 577 4224 prope
588 4179 654 4224 queas
671 4167 695 4210 ιἰι
714 4168 769 4212 arte
780 4168 870 4212 habito·
906 4181 956 4227 qsoe
967 4175 991 4212 et
1002 4183 1044 4228 que
1056 4181 1149 4226 prorsus
1160 4167 1223 4212 idem
1235 4166 1272 4211 ait.

261 4227 337 4273 issar.
373 4227 441 4274 lianc
458 4227 647 4274 emendationem
665 4230 757 4288 egregie
777 4229 871 4276 firmant
935 4231 966 4277 88
988 4231 1019 4276 Ut
1035 4227 1102 4291 solet]
1122 4231 1171 4276 Nec
1190 4231 1267 4276 minua
1284 4231 1352 4280 bene.
1367 4235 1392 4275 st
1406 4230 1466 4275 solea

260 4288 311 4336 hare
332 4293 403 4337 verba
423 4306 443 4338 c.
462 4292 500 4346 24,
512 4293 596 4351 quibus
615 4293 752 4338 describitur
763 4307 792 4338 ea
809 4308 869 4352 para,
903 4307 987 4354 nempe
998 4295 1038 4354 qui
1050 4303 1222 4355 oppugnantur.
1257 4293 1435 4339 EtsicGelenii
1448 4293 1464 4338 li

260 4367 313 4412 qua
321 4369 336 4400 a
347 4356 382 4401 Ti
396 4356 533 4416 Sempronio
544 4359 736 4416 oppugnabatur:
752 4371 807 4417 para
818 4373 870 4414 aaa,
903 4371 955 4404 cum
968 4373 1037 4404 unoe
1048 4359 1204 4404 Gronovianis
1215 4365 1239 4404 et
1251 4365 1329 4402 nostro
1342 4357 1400 4401 vica

259 4419 693 4526 upraedtsesaesrraartemerans.
935 4421 966 4470 sa
983 4423 1028 4469 Sed
1044 4427 1127 4469 amoti
1138 4417 1284 4483 frequentas]
1313 4420 1395 4479 Adlice
1418 4434 1466 4466 oms

341 4483 363 4527 A
373 4485 425 4530 sias
439 4480 551 4544 Maliaco]
571 4485 683 4532 Restituit
701 4485 817 4532 llearniua
829 4499 869 4530 vo·
902 4487 1055 4546 “supetat
1069 4487 1105 4532 vel
1115 4487 1180 4532 aliud
1192 4485 1250 4546 quid
1259 4485 1342 4532 simile.
