3108 4982
512 339 600 405 mn.
623 339 696 404 xu.
710 319 712 324 ’
727 337 822 402 car.
846 337 911 403 111.
1277 423 1285 435 ,
1323 351 1387 414 247

121 492 231 641 ili
243 486 1221 661 &stipiti-titini?iitiifiitlittillli
1236 513 1265 624 l·
1277 513 1303 626 ἓ·
1315 515 1370 626 ill:

126 662 211 726 oiroo
233 660 374 724 maximo
399 679 474 722 cum
497 657 663 734 columnis,
686 657 803 739 quibus
826 657 1059 741 superstabant,
1088 660 1221 724 evertit:

127 746 138 778 ¹
149 745 278 830 fastigia
291 745 414 828 aliquot
427 741 630 826 templorum,
643 761 662 804 a
675 740 868 804 culminibus
891 740 1037 826 abrupta,
1052 742 1134 806 l‘oede
1157 743 1221 808 dis-

127 831 254 915 sipavit.
299 829 413 912 ltaque
438 827 473 890 in
493 825 674 910 prodigium
687 846 778 888 versa
791 846 828 888 ea
846 833 1029 910 tempestas,
1044 828 1221 911 procurari-

128 937 193 999 que
221 913 382 998 anispioes
405 911 582 996 jusserunt.
615 909 711 972 simul
733 918 939 994 procuratum
961 918 1020 989 est,
1049 912 1137 994 quod
1164 913 1221 976 tri-

128 999 243 1084 pedem
264 997 390 1061 mulum
413 997 513 1062 Reate
531 1003 643 1058 natum
666 994 853 1057 nunciatum
873 1001 950 1073 erat,
968 994 1022 1058 ‘et
1043 1017 1062 1058 a
1085 995 1220 1060 Formiis

128 1083 230 1148 sedem
250 1081 410 1167 Apollinis
430 1101 467 1144 ac
493 1079 611 1144 Caieloe
636 1079 675 1142 de
695 1079 775 1142 ooelo
795 1087 923 1143 tactam.
953 1079 995 1143 ob
1019 1101 1056 1144 ea
1076 1081 1221 1166 prodigia

127 1167 242 1266 viginti
254 1165 368 1230 hostiis
382 1164 554 1248 majoribus
574 1163 785 1227 saorifioatum
803 1170 863 1241 est,
877 1172 910 1227 el
924 1163 1009 1227 diem
1023 1185 1125 1228 uuum
1143 1187 1220 1252 sup-

127 1251 257 1338 phoatio
271 1251 342 1314 suit.
387 1250 448 1313 Per
467 1249 594 1312 eosdem
616 1248 684 1312 dies
706 1269 746 1312 ex
759 1247 859 1310 literis
872 1249 913 1312 A.
926 1249 1066 1312 Terentii
1079 1271 1220 1334 proprae-

127 1337 207 1400 toris
222 1335 397 1419 cognitum,
414 1334 449 1398 P.
466 1332 690 1418 Sempronium
713 1332 747 1396 in
770 1331 918 1396 ulteriore
932 1333 1104 1416 provincia,
1119 1355 1220 1418 quum

126 1421 203 1506 plus
219 1441 339 1484 annum
353 1439 438 1503 aeger
451 1417 574 1496 fixisset,
586 1425 749 1481 mortuum
763 1437 842 1480 esse.
872 1437 909 1480 eo
922 1417 1077 1480 maturius
1092 1418 1125 1481 in
1143 1419 1220 1482 His-

127 1505 265 1652 nr
282 1501 980 1652 run
1232 1583 1368 1622 m

130 1673 302 1738 Pharnacis
316 1694 438 1758 regum,
450 1679 483 1736 et
496 1670 506 1704 ¹
518 1671 716 1734 Rhodiorum
727 1670 928 1754 querentium
940 1670 979 1734 de
995 1671 1220 1758 Sinopensium
1233 1655 1277 1685 Μ’

126 1757 227 1822 clade.
271 1757 411 1904 Philippi
425 1777 553 1840 quoque
568 1755 673 1840 legati,
688 1764 721 1819 et
739 1755 942 1835 Achaeorum,
965 1763 997 1819 et
1018 1756 1221 1820 Lsoodoemo-

125 1843 263 1922 niorum,
279 1842 340 1906 sub
353 1863 364 1904 ι
387 1861 438 1904 em
454 1849 583 1926 tempus
595 1847 760 1904 venerumt.
781 1839 849 1919 'iis,
863 1840 953 1926 prius
966 1840 1088 1906 Marcio
1101 1841 1220 1922 audito,

125 1927 182 2012 qui
211 1927 253 1990 ad
281 1948 332 1990 res
363 1925 499 1990 Graeoiae
536 1924 798 2008 Maoodoniaeque
825 1925 972 1989 visendas
1000 1925 1117 1990 missus
1142 1934 1220 2006 erat,

123 2033 280 2097 responsa
293 2011 369 2074 data
382 2017 469 2074 suut.
512 2009 599 2074 Asiae
614 2009 743 2093 regibus
757 2030 793 2072 so
808 2009 943 2073 Rhodiis
955 2031 1146 2096 responsum
1161 2018 1220 2091 est,

123 2097 249 2182 legatos
263 2095 306 2158 ad
319 2116 373 2158 eas
385 2116 436 2158 res
447 2094 595 2158 visendas
609 2093 783 2157 missurum
798 2101 954 2157 senatum.

172 2179 240 2244 111.
263 2180 315 2243 De
331 2179 478 2265 Philippo
500 2185 630 2243 auxerat
648 2199 757 2242 curam
778 2177 933 2242 Marcius.
961 2199 1037 2242 nam
1051 2178 1096 2243 ita
1109 2179 1221 2244 lenisse

281 2345 514 2410 *purissimorum
527 2349 595 2396 Cres.
743 2347 1012 2396 condemnaris·
1022 2347 1098 2396 assu

157 2501 175 2548 2
192 2501 221 2548 ls
231 2501 325 2562 posticis
332 2495 474 2562 pariendas]
487 2499 584 2560 Aliquot
594 2497 674 2560 scripti
684 2513 741 2559 por-
774 2497 815 2558 qui
834 2497 925 2544 tsmdlu
941 2497 1050 2546 Romsns
1067 2509 1132 2546 arms
1150 2499 1343 2558 samositanus,
1360 2507 1386 2548 ut

125 2565 203 2611 silas.-
221 2565 284 2623 qnod
306 2565 401 2624 quidem
423 2564 499 2623 magis
518 2563 595 2624 placet
612 2562 740 2609 Gronovio.
773 2569 864 2608 oonstst
875 2576 903 2609 er
917 2561 1019 2620 lustino,
1030 2563 1046 2609 l.
1058 2561 1196 2610 xxxvlu.
1209 2563 1266 2611 ιθ.

127 2628 205 2674 Nobis
227 2627 362 2674 utrumlibet
383 2641 456 2688 parvo
475 2626 610 2673 discrimine
633 2627 740 2673 habetur.
805 2625 821 2680 7
848 2627 986 2674 Rhodiorum
1007 2630 1147 2690 qssrsssllsss
1175 2629 1203 2675 ds
1232 2627 1387 2688 Siaopnslsn

127 2693 189 2738 Tam
201 2692 265 2738 enim
278 2691 387 2738 sidentur
404 2700 459 2751 apte
478 2691 524 2738 diri
541 2693 625 2751 postlos'
641 2693 741 2752 parietes
773 2687 850 2751 clade]
877 2691 991 2741 uuonan
1010 2691 1052 2738 illa
1072 2691 1103 2738 sit
1118 2691 1282 2752 Sinopensium
1300 2691 1387 2748 clades,

125 2757 211 2802 domus
222 2757 257 2802 vel
269 2756 333 2811 ndis,
346 2769 417 2816 qusm
427 2757 520 2815 posttea
529 2762 614 2815 portes.
773 2769 889 2816 nusquam
901 2755 968 2802 dooet
981 2755 1068 2802 livius.
1094 2757 1150 2803 iisse
1161 2756 1201 2802 ille
1209 2755 1279 2802 vertit
1289 2769 1302 2802 e
1314 2755 1385 2816 Poly·

157 2819 175 2867 3
197 2821 303 2880 Fostigio
318 2821 404 2880 oliqssol
423 2821 554 2880 lessplorsss
573 2835 588 2866 o
609 2819 742 2866 nlnlsidas
773 2818 820 2878 bio,
831 2819 872 2878 qui
882 2820 952 2865 serbo
964 2833 1012 2865 rem
1025 2820 1107 2879 tangit,
1121 2819 1176 2880 Lag.
1188 2818 1226 2866 ol.
1261 2821 1307 2865 Sed
1319 2819 1385 2866 Gre-

124 2879 238 2944 adr-pto]
264 2883 394 2942 lastigium
411 2891 447 2929 est
464 2883 506 2928 illa
516 2897 569 2942 pars
580 2882 635 2929 teeti
647 2897 700 2941 qun
716 2882 741 2929 lu
773 2895 814 2928 eus
831 2883 929 2942 scriptor
948 2881 1046 2930 sortasse
1064 2883 1088 2929 in
1107 2883 1136 2930 lia
1148 2899 1200 2944 qua
1217 2883 1387 2929 interciderunt

124 2948 277 2994 altitudinem
295 2947 417 2994 extollitur
436 2947 574 3006 trisngularl
593 2945 642 2993 iere
659 2945 740 2992 tonna.
773 2953 848 2992 totum
859 2946 980 3004 negotium
997 2947 1131 3006 eapliearst.
1166 2947 1276 3006 ’Sinope
1287 2961 1302 2992 a
1313 2947 1386 2992 Pisar-

126 3011 181 3057 Vid.
205 3009 312 3057 Martiali
336 3011 439 3058 Lesioon
467 3011 492 3057 lu
520 3024 576 3056 sore
603 3011 741 3072 Postigia..
774 3023 840 3064 nare,
855 3011 921 3068 eujus
939 3010 1009 3056 modo
1021 3009 1046 3054 in
1061 3009 1148 3057 notali
1165 3010 1254 3056 mentio
1270 3010 1332 3057 lacta
1342 3017 1385 3068 est,

125 3075 182 3120 Sola
202 3083 282 3120 autem
301 3075 442 3134 templorum
460 3083 521 3120 tecta
543 3073 650 3134 lastigats
667 3081 742 3130 ersnt,
774 3081 842 3132 rapta
861 3071 944 3128 iuerat,
962 3073 1031 3132 eique
1048 3081 1072 3119 et
1084 3073 1254 3119 successoribus
1269 3075 1319 3134 ejus
1336 3087 1386 3120 ser·

125 3153 199 3198 qaum
209 3147 340 3184 ceterorum
348 3139 500 3185 udiliriorum
509 3139 648 3198 teotsplsna
656 3146 741 3183 essent.
774 3137 840 3196 vivit,
851 3137 926 3184 donee
938 3135 1097 3182 Mithridatico
1109 3135 1170 3182 bello
1181 3151 1194 3182 a
1207 3136 1304 3182 Lucullo
1315 3151 1385 3198 eape-

126 3199 316 3263 lndessstlgs'ass
327 3211 461 3250 reseuemr
472 3201 533 3250 inter
540 3203 641 3248 bonnm
649 3201 742 3248 divinos
774 3211 846 3248 retus.
880 3200 967 3246 Rhodii
983 3199 1047 3246 iliam
1063 3208 1134 3246 antea
1150 3200 1218 3248 tutati
1234 3200 1327 3247 inerant
1342 3202 1385 3248 sd·

126 3267 214 3312 cesari
226 3267 342 3322 decretos,
354 3266 414 3312 Phil.
428 3266 459 3312 ll.
474 3281 497 3312 u.
509 3265 561 3314 110.
580 3266 632 3312 Vid.
644 3267 742 3312 etSuet.
775 3279 855 3312 rernm
871 3265 1033 3312 Mithridatem
1049 3265 1120 3326 hujus
1136 3265 1262 3312 Pharnssis
1278 3273 1384 3325 patrem:

124 3330 150 3376 in
163 3329 224 3376 Cu.
244 3345 263 3376 c.
280 3329 321 3389 81,
339 3339 363 3376 et
382 3329 414 3376 ihi
437 3330 607 3376 Casauhonum.
643 3329 741 3386 Colores,
774 3337 798 3374 el
821 3343 884 3375 nune
905 3329 1021 3375 auxilium
1045 3329 1066 3376 el
1089 3329 1152 3388 quod
1177 3337 1274 3390 possunt
1297 3328 1384 3386 lerunt,

124 3395 189 3452 quod
201 3393 239 3440 hio
251 3394 426 3452 distinguitura
436 3393 535 3452 fastigio,
545 3393 605 3439 nihil
616 3393 680 3439 aliud
691 3407 742 3440 esse
773 3407 853 3452 preoes
864 3394 894 3439 sd
908 3393 1033 3439 Romanos.

125 3465 211 3517 potest,
223 3471 295 3516 quam
307 3457 362 3504 teeti
374 3471 427 3518 pars
444 3457 548 3512 interior.
560 3471 613 3516 que
624 3457 741 3516 reliquum
805 3457 821 3504 8
837 3459 879 3513 lis,
887 3459 954 3518 prlas
964 3457 1054 3504 Horolo
1070 3457 1148 3504 ssds'to
1158 3487 1165 3502 .
1175 3487 1182 3502 .
1193 3487 1199 3502 .
1211 3469 1317 3517 responso
1328 3457 1385 3504 dolo

124 3521 253 3567 editicium
265 3521 331 3580 tegit.
343 3521 384 3568 sed
396 3520 489 3582 fastigio
500 3523 605 3581 subjecta
616 3529 658 3567 est.
772 3517 837 3581 mat]
873 3521 956 3582 Opera
978 3520 1080 3580 pretium
1102 3527 1138 3566 est
1157 3533 1305 3580 cognoscere,
1327 3521 1385 3580 quid

156 3585 223 3632 sm
235 3599 249 3631 a
261 3586 359 3633 Formiis
375 3586 446 3631 aedesr
462 3587 576 3644 Apollinis
594 3599 622 3631 oc
641 3581 739 3646 Caieta]
772 3598 908 3644 responsum
931 3584 962 3630 sit
984 3583 1084 3630 Arhais.
1124 3583 1154 3632 ld
1176 3585 1243 3631 docet
1265 3583 1383 3644 Polybius,

125 3647 304 3696 Partionlsmao
314 3655 401 3694 temere
412 3649 538 3695 sustulerat
547 3647 662 3708 Sigonius.
681 3649 740 3695 Esus
774 3647 829 3706 Lep.
843 3647 880 3694 ol.
901 3647 980 3694 Aehoei
993 3655 1042 3692 turn
1054 3655 1162 3706 gentiles
1174 3649 1261 3694 bellum
1272 3649 1384 3696 advenas

124 3713 230 3760 absenti
243 3712 362 3758 Gronosio
373 3713 535 3772 reposuimus:
552 3727 581 3760 eo
591 3713 666 3771 magis
677 3713 740 3772 quod
774 3712 910 3766 Messenios,
921 3713 1055 3771 petebanta
1063 3719 1153 3767 sensio.
1162 3713 1224 3768 atsi
1236 3711 1286 3758 lieri
1299 3719 1384 3772 posset,

124 3775 185 3824 vict.
197 3777 257 3822 liber
270 3775 341 3822 habet
351 3783 374 3823 st
386 3776 479 3824 Caieta.
514 3779 587 3824 Recte
604 3777 666 3823 idem
679 3777 740 3822 Gro·
771 3775 860 3822 auxilia
870 3775 914 3822 sibi
925 3773 1008 3821 adhoc
1017 3775 1383 3824 bellurnexlmderemitterentr

124 3841 208 3886 novius
220 3840 330 3898 ablegare
338 3839 431 3886 ridetur
439 3841 660 3902 prepositionenso.
684 3839 741 3885 Vult
772 3839 808 3884 sin
820 3839 905 3894 minus,
917 3839 1067 3900 providerent
1077 3849 1148 3896 certe,
1159 3855 1190 3886 ne
1201 3841 1253 3900 quis
1269 3853 1299 3885 ex
1316 3839 1384 3886 ltalia

125 3903 207 3950 Livius
219 3904 295 3950 odem
308 3903 431 3962 Apollinis,
443 3913 494 3950 tum
507 3905 614 3959 Porsniis,
626 3913 676 3950 tum
686 3903 740 3949 cal·
772 3915 837 3949 arms
848 3903 1022 3949 trumentumse
1035 3903 1158 3950 Messenen
1170 3911 1333 3964 comportoret.
1351 3903 1383 3949 ht

123 3977 177 4024 eta,
190 3969 221 4014 de
233 3967 292 4013 eoelo
304 3975 398 4014 tactam.
773 3965 853 4012 Patres
863 3967 945 4013 ostiensi
962 3979 990 4013 eo
1009 3969 1071 4026 quod
1084 3968 1163 4014 heht!
1181 3968 1274 4014 altiores
1286 3965 1382 4026 spiritus

156 4033 173 4078 ὅ
190 4027 283 4090 Prista]
303 4031 368 4090 Lege
379 4031 430 4078 sine
440 4031 488 4078 ulla
497 4030 642 4078 dubitatione
651 4032 740 4090 prim.
771 4039 889 4088 gererent,
900 4045 943 4078 neo
954 4031 1056 4090 pendere
1068 4031 1093 4080 ln
1104 4033 1213 4078 omnibus
1231 4045 1261 4077 ea
1278 4029 1382 4089 ipsorum

127 4095 178 4141 lion
193 4103 217 4141 et
234 4095 294 4140 ratio
312 4095 362 4154 ipsa
378 4097 468 4154 prohat,
483 4103 506 4141 et
522 4095 582 4140 aller
596 4093 658 4140 infra
677 4095 740 4140 loeus
773 4102 832 4139 nutu
844 4094 938 4151 vellent,
950 4103 974 4140 et
985 4095 1095 4154 pleraque
1111 4109 1153 4156 per
1173 4107 1198 4141 se
1216 4093 1261 4155 ipsi
1280 4093 1381 4139 sdmini-

124 4159 195 4218 plane
205 4159 315 4218 geminus
326 4157 390 4212 huie,
402 4173 422 4204 a.
432 4159 473 4216 w,
483 4159 618 4219 Legationes
626 4159 707 4204 deindo
716 4159 740 4204 s's
771 4165 880 4213 struent,
901 4159 1079 4218 responderunt,
1091 4157 1182 4205 etiamsi
1204 4157 1382 4214 lacedemonii,

124 4229 228 4270 molan
239 4224 429 4270 mussant.-
446 4237 525 4284 regan
535 4225 621 4282 primns
632 4223 740 4269 Enosis
771 4229 812 4266 aul
824 4223 914 4282 Argivi,
927 4231 967 4268 aut
979 4223 1103 4278 Corinthii,
1111 4223 1140 4268 als
1151 4223 1212 4268 iisse
1221 4221 1382 4279 abjungerent,

124 4293 148 4332 et
159 4287 304 4332 Ariarathis.
770 4285 850 4331 mirari
863 4287 961 4332 Acheos
972 4301 1019 4332 non
1031 4287 1123 4342 dehere,
1135 4285 1154 4330 si
1172 4283 1231 4330 nihil
1243 4283 1272 4328 sd
1284 4297 1309 4328 se
1328 4295 1382 4331 eam

157 4349 299 4396 ommis
317 4355 340 4396 el
357 4349 485 4396 rimmo
501 4346 592 4410 regom]
620 4347 651 4394 lli
671 4360 738 4407 reges
770 4361 819 4394 rens
832 4351 947 4408 pertinere
960 4349 1039 4396 l’stres
1048 4351 1168 4396 ducerent.
1201 4347 1255 4398 Quo
1271 4359 1382 4408 responso

122 4421 181 4458 tune
193 4413 282 4458 bellum
293 4413 405 4458 adversus
412 4425 462 4458 sese
471 4421 553 4459 mutuo
563 4413 683 4473 gerebant,
692 4425 739 4471 qua
769 4413 833 4458 velut
845 4414 937 4473 signum
950 4411 1084 4460 delectionis
1096 4412 1245 4466 sustulerant,
1253 4417 1287 4465 ut,
1297 4409 1316 4456 si
1328 4412 1382 4472 quia

123 4477 154 4522 de
166 4491 192 4523 se
203 4477 257 4522 virle
277 4476 357 4536 Polyb.
376 4475 401 4522 ln
421 4477 531 4538 iisrerpt.
546 4477 600 4536 leg.
613 4477 644 4522 dl
659 4483 683 4522 et
697 4475 736 4522 oo.
768 4475 838 4522 vellet
856 4479 885 4522 ab
900 4476 1036 4522 hoheorum
1053 4474 1150 4522 concilio
1169 4475 1285 4530 recedere,
1296 4475 1321 4522 id
1337 4475 1382 4524 sibi

124 4541 258 4588 Phaniares
270 4553 311 4585 res
334 4547 385 4586 erat
404 4537 481 4597 Ponti,
502 4539 646 4587 Mithridatis
666 4539 736 4594 illius,
769 4554 810 4598 pes
825 4539 943 4586 Βοωιηοι
956 4538 1112 4584 lieereseiret.
1146 4539 1356 4597 vittameno.
