3070 4962
763 323 987 392 EPITOMAE

331 507 365 549 se
379 503 519 548 mumoue
531 501 628 558 uerso,
643 479 687 542 od
699 484 868 542 transtrum
881 475 969 538 acuis
983 472 1112 536 obuiam
1134 473 1272 552 corporis
1285 471 1438 552 pondere,

333 569 477 634 incubuit.
524 569 578 629 Cn.
608 565 780 645 Pompeius,
807 563 840 623 in
863 560 1004 622 Siciliam
1031 577 1099 620 cum
1128 557 1255 637 imperio
1280 578 1301 618 a
1326 563 1439 620 matu

334 657 453 731 missus,
467 653 522 716 Co.
536 651 711 726 Carbonem
727 648 779 729 qui
786 643 1064 728 flerumuliebriter
1074 647 1200 704 mortem
1212 642 1295 718 tulit,
1312 649 1439 723 coptum

336 739 456 802 occidit.
500 737 521 767 ³¹
536 737 632 811 Sulla,
648 735 781 796 dictator
798 729 915 812 sactus,
939 727 1019 808 quood
1038 747 1123 790 neoto
1142 745 1285 806 umqttom
1300 727 1440 807 fecerat,

337 845 404 886 cum
419 821 559 902 fascibus
581 819 688 900 oipinti
713 822 844 898 mutuor
860 814 1021 896 processit.
1065 811 1199 872 ”Rebus
1213 813 1301 872 nouis
1314 813 1441 892 reipub

339 911 404 970 lieu
416 913 529 970 statum
542 903 742 984 coafirnraoit,
757 901 946 964 tribunorum
955 895 1056 977 plebis
1074 901 1254 976 potestatem
1268 897 1399 974 miserit,
1412 903 1441 958 et

339 1011 423 1055 omne
429 991 485 1072 jus
500 991 596 1070 ispum
604 986 805 1068 serendarum
815 983 937 1046 ademit
960 979 1144 1061 Pontificum
1158 1000 1373 1061 oopus-umque
1381 983 1442 1043 col·

340 1077 448 1158 lepium
473 1074 641 1155 ampliauit,
667 1076 702 1133 ul
725 1075 823 1132 esseut
847 1067 1035 1150 quindecim·
1075 1071 1213 1127 seruolum
1237 1085 1277 1126 es·
1304 1067 1441 1146 equestri

341 1161 446 1224 ordine
459 1158 629 1240 suppleuit:
646 1155 890 1238 proscriptorum
902 1151 1004 1214 liberis
1004 1150 1062 1230 jus
1070 1149 1272 1231 petendorum
1287 1151 1441 1212 bonorum

341 1247 464 1326 eripuit,
488 1249 518 1305 et
542 1243 619 1305 bona
642 1261 745 1303 eorum
769 1237 924 1311 uendidit;
957 1234 1027 1297 ”ea
1050 1231 1157 1316 quibus
1174 1235 1316 1316 plurima
1333 1237 1441 1316 prima

341 1331 456 1412 rapuit.
475 1327 496 1358 ¹⁴
505 1327 663 1390 redactum
678 1331 722 1388 est
735 1323 905 1387 sestertium
919 1327 967 1384 ter
973 1320 1084 1382 millies
1092 1319 1289 1400 quiopeuties.
1328 1321 1367 1392 Q.
1379 1321 1441 1384 Lu·

344 1417 471 1478 cretium
488 1411 627 1493 Ofellam,
643 1410 828 1472 consulatum
851 1406 996 1468 adamus
1018 1405 1202 1466 voluntatem
1223 1423 1314 1466 utam
1331 1411 1441 1485 petere

344 1520 460 1576 ausum,
468 1497 565 1579 jussit
579 1495 677 1558 occidi
690 1495 722 1556 iu
727 1493 800 1574 soro
812 1519 821 1554 .·
844 1497 884 1569 et,
900 1510 991 1572 quum
999 1491 1055 1552 boc
1068 1488 1192 1571 indique
1193 1488 1297 1569 ferret
1304 1491 1441 1570 popolus

344 1585 508 1658 Romnum,
524 1582 664 1643 concione
675 1579 835 1654 aduocato,
848 1597 880 1638 se
884 1576 1015 1656 jussisse
1030 1574 1120 1636 dicit.
1167 1575 1221 1636 Cn.
1231 1575 1401 1655 Pompeios
1410 1577 1441 1637 in

344 1667 457 1748 Afiioa
475 1667 528 1728 Co.
544 1665 711 1730 Domitiam
718 1663 926 1742 proscriptum
941 1665 970 1722 et
985 1657 1147 1736 Hiarbom‚
1160 1679 1261 1740 repem
1272 1659 1440 1737 Numidia,

345 1753 453 1814 bellum
478 1750 643 1824 molientes,
668 1749 764 1808 uictos
789 1745 920 1819 oceidil‚·
942 1750 982 1822 et,
1007 1749 1137 1824 quotuor
1159 1749 1190 1805 et
1211 1744 1323 1824 oipinti
1344 1764 1441 1806 amoos

344 1841 443 1912 uanus,
467 1831 566 1894 odbuc
589 1851 677 1912 eqsoes
690 1831 855 1908 Romanus,
879 1829 960 1912 quod
982 1829 1057 1890 ualli
1079 1829 1258 1910 contigerat,
1272 1848 1312 1890 ez·
1326 1827 1442 1910 Africa

345 1917 552 1998 triumpltooit.
595 1915 617 1947 '³
632 1917 686 1979 Cu.
702 1915 867 1978 Norbanus
890 1914 1059 1977 coruuloris
1087 1913 1287 1994 proscriptus,
1310 1915 1346 1976 in
1366 1913 1442 1976 urbe

344 2003 451 2066 thodo
477 2022 567 2084 quum
587 2001 896 2082 comprehenderetur,
910 2000 975 2080 ipse
993 2017 1026 2060 se
1041 1997 1161 2062 occidit.
1204 1999 1348 2074 Mutilus,
1363 2019 1441 2060 ursus

345 2087 588 2170 suprascriptis,
603 2088 681 2149 clam
696 2087 795 2168 capite
810 2085 954 2166 adoperto
975 2081 997 2116 ⁸⁸
1009 2083 1052 2144 od
1066 2085 1204 2164 posticas
1225 2083 1304 2145 sedes
1323 2083 1442 2145 Baetice

345 2175 452 2236 uraris
461 2192 550 2256 quum
561 2173 744 2248 accessisset,
760 2171 909 2233 admissus
918 2173 1040 2246 nonest,
1052 2169 1123 2250 quia
1135 2169 1441 2249 illumproseriptam

346 2260 470 2335 diceret,
482 2259 623 2338 itaquese
635 2255 809 2336 transfodit,
821 2261 850 2317 et
859 2256 1067 2336 saopuioesuo
1074 2251 1441 2335 soresacorisrespersit.

346 2341 369 2375 ⁸¹
380 2344 468 2406 Sulla
483 2341 597 2406 Nolam
612 2343 644 2404 iu
654 2341 777 2403 Samnio
788 2341 910 2439 recepit.
939 2337 1175 2438 ippodropiuta
1185 2343 1298 2418 septem
1310 2339 1442 2438 &pianes

346 2421 1443 2590 uutdttltltttf:limitelimite
1524 2489 1525 2496 ‘

347 2597 421 2658 bem
444 2615 559 2677 quoque
581 2596 614 2656 in
627 2595 717 2672 Asia,
732 2615 797 2674 qtae
815 2595 881 2657 sola
904 2593 977 2655 urbs
985 2599 1058 2674 post
1080 2594 1193 2656 victum
1220 2593 1443 2656 Mithridatem

346 2701 434 2743 arom
448 2679 609 2758 retinebat,
624 2685 803 2762 eopopnala
815 2680 980 2760 dirutaque
990 2683 1070 2741 suot.

855 2907 933 2980 XO.

391 3093 478 3156 Sulla
493 3091 631 3169 decessit,
646 3091 795 3172 bouesque
816 3089 845 3152 ei
865 3109 885 3150 a
907 3095 1015 3152 senatu
1028 3087 1151 3151 babitus
1168 3094 1224 3168 est,
1238 3095 1274 3152 ut
1288 3091 1323 3153 io
1337 3110 1442 3172 campo

347 3179 469 3240 Martio
497 3177 685 3257 smeliretur.
728 3175 778 3237 M.
802 3175 950 3236 AEmilius
971 3174 1114 3254 Lepidm
1137 3193 1227 3255 paam
1250 3181 1324 3238 octa
1350 3177 1444 3239 Sallus

348 3267 479 3324 tentaret
489 3261 670 3337 rescindere,
682 3259 789 3322 bellum
799 3259 964 3322 sucitavit.-
979 3264 1010 3321 et
1020 3279 1040 3320 a
1053 3259 1089 3331 Q.
1102 3259 1210 3322 Catulo
1219 3260 1337 3342 collepa
1347 3261 1443 3324 ltalia

341 3347 452 3426 pulsus
474 3350 519 3406 est
531 3371 541 3406 .·
564 3349 594 3406 et
607 3345 642 3406 in
655 3343 813 3420 Sardinia,
827 3341 955 3423 suestra
972 3343 1080 3405 bellum
1093 3345 1225 3421 niolitm,
1239 3347 1351 3425 periit.
1393 3347 1443 3409 Μ.

347 3427 735 3510 unumquempiam
750 3428 885 3491 Galliam
899 3427 1061 3508 obtinebat,
1071 3449 1091 3490 o
1105 3429 1159 3492 (lu.
1169 3429 1315 3511 Pompeio
1326 3431 1443 3494 accim

215 3579 245 3625 :tt
264 3579 329 3626 Sulla
340 3609 346 3622 .
358 3611 364 3623 .
375 3610 382 3624 .
394 3573 795 3638 qudnmouqumseseratcum
858 3579 891 3626 Si
909 3579 934 3626 0.
947 3577 1082 3642 Norbanus]
1100 3579 1176 3640 Vulgo
1190 3581 1231 3626 Cu.
1251 3581 1298 3627 Sed
1317 3595 1347 3628 ex
1367 3583 1442 3629 tuus

177 3639 281 3703 saucibus
292 3643 373 3703 uiginti
383 3649 481 3704 quatuor
490 3639 612 3702 maeotii]
638 3643 738 3690 Solitum
750 3642 795 3689 hoc
827 3643 1443 3704 capitolinturetiqutsqmmutinensemmmsnu·

184 3706 343 3760 dictatoribus,
355 3713 381 3752 ut
393 3715 508 3752 testentur
518 3705 579 3753 Piut.
587 3707 612 3753 in
621 3707 700 3762 Fubio,
712 3707 793 3766 Polyb.
825 3707 918 3764 mentis,
927 3708 952 3756 c.
958 3709 1119 3768 reponendum
1127 3722 1177 3755 esse
1187 3709 1297 3768 Sigonius
1306 3719 1396 3767 mouet,
1405 3711 1441 3757 eui

183 3772 198 3816 Ι.
213 3771 258 3817 111.
272 3770 340 3824 a87.
375 3769 794 3832 ltuquevelemvitepitotuonuu·
825 3772 1025 3832 mentiturepud
1038 3772 1168 3820 fleureium
1180 3773 1294 3820 Pithoeus.

185 3843 227 3890 tor.
240 3835 276 3880 uei
288 3833 382 3893 aliquod
394 3833 432 3879 hic
444 3834 527 3880 vitium
538 3843 582 3882 est.
858 3835 890 3882 36
907 3837 947 3884 Aa
953 3838 1053 3897 porticu
1063 3833 1137 3897 odes]
1156 3837 1217 3883 Ante
1236 3837 1363 3896 sigonium
1379 3839 1443 3897 iege·

216 3899 248 3946 32
260 3899 335 3946 Rebus
343 3900 405 3946 umis
416 3899 545 3957 retpoottsa
553 3895 795 3960 etatumeontmaait]
828 3901 1057 3962 uturodpaotieum
1067 3903 1130 3948 adiu
1164 3901 1207 3946 iiie
1224 3901 1248 3946 in
1262 3909 1309 3948 vet.
1322 3902 1362 3948 tib.
1376 3917 1442 3963 tepe-

185 3963 241 4010 Sine
263 3964 311 4010 ullu
339 3962 484 4008 dubitatione
510 3963 652 4010 mentimur
677 3963 795 4010 amnonis
826 3965 858 4009 rit
879 3965 910 4010 ad
930 3966 1037 4025 posticias
1058 3966 1125 4012 ada.
1159 3965 1210 4010 Nee
1234 3965 1305 4012 iliter
1328 3965 1442 4012 Pithoeus.

184 4027 318 4074 emendanti
332 4028 417 4088 tegibus
427 4027 495 4073 noris.
828 4027 917 4074 Notum
928 4030 1044 4076 estasim
1062 4042 1109 4076 uon
1128 4027 1173 4076 diei
1189 4029 1220 4075 de
1236 4029 1331 4088 privetu
1349 4039 1376 4076 et
1388 4045 1441 4090 pto·

216 4091 248 4138 ³³
267 4085 685 4154 Exquibmplarimaprimoraputt]
711 4090 793 4138 Oii'en·
825 4091 966 4140 tenedotuo.

185 4153 259 4200 ditri
271 4159 349 4215 primo.
384 4155 432 4202 Nee
444 4153 572 4214 opituletur
583 4155 723 4210 Gronovius,
736 4155 792 4202 dum
856 4155 888 4210 ³7
906 4157 971 4203 Sulla
992 4157 1076 4204 Nolon
1097 4157 1121 4203 iu
1143 4153 1247 4216 Sento]
1276 4155 1333 4203 Nou
1350 4165 1400 4204 tem
1418 4159 1442 4204 t·

184 4232 213 4264 ex
225 4220 314 4278 eliquat
328 4220 394 4266 codd.
406 4220 474 4265 effert
489 4220 589 4278 plurima
606 4221 708 4278 prumia,
720 4219 792 4266 intes·
826 4221 923 4276 Samio,
943 4234 1014 4280 quum
1029 4235 1046 4267 a
1072 4220 1209 4266 Samriitibus
1236 4219 1278 4278 qui
1297 4220 1442 4268 inusserunt.

184 4290 335 4341 pressiusque
352 4285 450 4343 pratas.
485 4283 591 4330 Postume
611 4281 699 4341 sliquid
720 4283 793 4330 intes·
826 4283 1133 4344 Suanpit.l.1.XX111.
1167 4283 1332 4330 Gnonortos.

183 4345 247 4398 cidit,
260 4355 285 4390 ut
297 4347 361 4391 sulio
373 4348 447 4393 dictus
459 4346 530 4392 tuerit
546 4345 647 4406 plurimu
664 4346 740 4405 ptimo
755 4361 792 4394 te·
857 4347 890 4396 38
909 4349 1070 4409 Quadraginta
1080 4343 1281 4409 septembrium]
1300 4347 1442 4396 imotrsset
1524 4401 1525 4406 ,

183 4407 267 4463 puisse.
281 4408 365 4454 deinde
377 4417 454 4456 ceusu
465 4411 489 4457 in
502 4411 620 4470 publicum
632 4410 757 4469 redegisse.
825 4413 914 4474 uiginti.
926 4413 946 4458 si
966 4413 1074 4472 Appiano
1092 4413 1165 4460 tideus
1183 4419 1207 4458 et
1225 4409 1271 4460 ime
1289 4413 1441 4462 vedommu

214 4467 244 4512 st
262 4469 388 4517 deaatmn
398 4479 432 4518 est
442 4477 569 4521 srrmrtton
588 4480 623 4520 ter
634 4474 716 4521 militm
726 4477 793 4535 qutu-
825 4490 867 4534 pet
876 4489 901 4522 te
913 4475 1012 4522 videtur.

178 4527 277 4587 gentius]
297 4531 382 4577 Merces
393 4537 483 4592 argenti
498 4535 630 4592 tuomst,
641 4537 716 4584 uncie
728 4539 751 4584 4.
