3108 4982
489 341 577 406 LIB.
600 341 673 406 XL.
704 339 801 406 CAP.
822 342 863 406 V.
1323 348 1386 411 249

130 493 249 557 coelum
263 491 398 556 tendam
412 492 509 571 Deos,
524 499 562 554 ut
576 493 692 554 ferrent
705 513 809 576 opem,
824 491 933 556 orabat
941 501 962 556 ⁶.
987 493 1073 556 serox
1094 492 1220 558 interim
1233 511 1262 560 υ.
1275 513 1301 560 c.
1313 513 1368 568 cro.

131 577 260 654 semina,
270 577 310 640 ad
325 576 427 639 multo
436 585 509 639 ante
523 575 764 661 praecogitatum
771 577 914 640 revoluta
921 576 1053 655 facinus,
1062 599 1220 641 venenum
1233 577 1261 622 Α»
1274 578 1300 624 ⁰·
1316 577 1367 624 ¹⁸2

131 663 236 740 diluit,
265 662 447 744 ferrumque
475 659 612 746 promit:
642 669 684 738 et,
709 659 814 744 posito
842 660 876 722 in
899 669 1073 746 conspectu
1093 662 1219 810 poculo,

132 746 314 829 strictisque
343 744 467 830 gladiis,
496 745 596 822 Mors,
621 743 735 827 inquit,
758 765 820 807 unc
836 746 970 808 vindmia
989 752 1043 809 est.
1119 747 1156 809 ic
1178 747 1222 809 cd

131 837 261 894 mortem
280 833 326 893 lue
344 835 433 892 sunt:
456 849 516 910 quc
530 849 671 910 quemque
686 829 805 891 animus
815 828 894 908 sert,
912 829 1033 912 effispite
1049 831 1220 911 superbiam

131 917 259 996 regiam.
300 913 534 996 Apite‚juvenes
546 913 615 989 mci,
629 914 775 994 primum,
800 915 851 994 qui
871 914 1000 993 majores
1018 916 1100 992 estis,
1121 919 1220 996 capite

123 1000 270 1080 serram
292 997 673 1078 cutlscseitcpoculcm,si
689 999 810 1078 sequior
821 997 1012 1077 morsjuoct.
1055 999 1100 1061 Et
1110 999 1218 1062 hostes

132 1083 273 1160 aderam,
295 1091 328 1146 et
356 1090 467 1145 auctor
490 1080 601 1144 mortis
625 1081 773 1144 instabat.
816 1081 881 1144 Alii
907 1081 968 1144 alio
991 1082 1054 1145 leto
1079 1083 1218 1148 absumti

132 1167 332 1230 semianimes
348 1188 365 1229 e
381 1187 459 1229 nave
473 1164 721 1250 praecipitantur.
740 1165 810 1264 ipsa
824 1165 947 1244 deinde,
957 1165 1060 1230 virum
1070 1167 1218 1231 comitem

130 1251 243 1314 mortis
262 1250 436 1335 complexa,
455 1250 488 1313 in
511 1271 596 1313 mare
624 1269 692 1313 sese
710 1249 833 1334 dejecit.
863 1271 941 1312 nave
959 1271 1059 1314 vacua
1082 1252 1217 1316 dominis

132 1343 531 1482 regllipilii‘lusslmrilrocitas
552 1417 699 1481 facinoris
717 1438 832 1482 novam
851 1418 938 1482 velut
954 1418 1113 1482 flammam
1134 1420 1218 1504 regis

133 1504 260 1566 invidiae
316 1504 397 1582 ecit,
412 1511 450 1566 ut
463 1502 558 1587 vulgo
573 1503 679 1588 ipsum
698 1501 796 1566 libero
836 1524 875 1566 ue
889 1502 958 1588 ejus
973 1511 1217 1567 exsecrarentur.
1277 1545 1283 1552 -

134 1609 209 1672 quoe
222 1587 297 1650 dine
310 1527 398 1652 brevi
412 1587 453 1652 ab
472 1587 620 1652 omnibus
636 1587 708 1651 Diis
728 1609 808 1650 exau
842 1595 894 1666 toe,
908 1595 946 1651 ut
964 1587 1088 1652 saeviret
1102 1587 1169 1673 ipse
1183 1587 1216 1651 in

134 1693 230 1736 suum
252 1673 447 1758 sanguinem,
473 1672 652 1736 effecerunt.
696 1673 828 1735 Perseus
852 1672 947 1750 enim,
968 1693 1068 1756 quum
1091 1671 1125 1736 in
1150 1672 1216 1736 dies
1230 1697 1306 1744 Persei
1319 1697 1344 1744 r„

132 1757 234 1841 magis
247 1767 388 1821 cerneret
404 1757 541 1820 savorem
556 1757 805 1842 dignitatemque
827 1756 981 1820 Demetrii
1004 1756 1108 1820 statiis
1131 1757 1217 1842 apud
1229 1761 1324 1838 missu

132 1842 346 1906 Macedonum
358 1841 595 1905 multitudinem
605 1863 752 1919 crescere,
766 1849 799 1904 et
807 1842 939 1939 gratiam
950 1842 1036 1928 apud
1047 1842 1217 1921 Romanos,
1229 1825 1332 1872 “⁰⁸³²

9 1959 11 1968 ν
131 1926 192 1990 sibi
205 1949 294 2012 spem
310 1927 431 1990 nullam
445 1925 533 2010 regni
549 1947 722 2011 superesse,
738 1926 799 1989 nisi
813 1949 846 1988 ιιι
867 1927 992 2004 scalere,
1007 1935 1105 2004 ratus,
1120 1925 1161 1990 ad
1182 1927 1217 1990 id

131 2033 233 2074 unum
250 2033 361 2075 omues
376 2011 581 2096 cogitationes
604 2010 749 2074 intendit.
780 2019 919 2074 ceterum
939 2032 1039 2094 quum
1061 2032 1094 2073 se
1115 2033 1155 2074 ne
1177 2011 1217 2074 ad

131 2095 166 2158 id
180 2096 319 2179 quidem,
334 2095 420 2179 quod
435 2095 456 2127 ¹*
467 2095 611 2158 muliebri
625 2095 784 2179 cogitabat
798 2095 913 2174 animo,
926 2095 1001 2158 satis
1021 2116 1078 2178 per
1097 2117 1130 2158 se
1141 2095 1217 2158 vali·

132 2179 212 2242 dum
231 2179 380 2257 crederet,
403 2179 543 2265 singulos
567 2180 740 2242 amicorum
754 2179 853 2264 patris
875 2187 996 2242 tentare
1020 2179 1217 2242 sermonibus

130 2263 293 2349 perplexis
307 2263 430 2327 institit.
451 2273 483 2328 et
491 2264 595 2350 primo
613 2264 742 2347 quidam
754 2285 793 2326 ex
804 2263 854 2326 his
873 2261 1133 2347 adspernantium
1156 2263 1217 2325 tale

131 2349 209 2432 quid
233 2369 307 2412 uam
334 2349 468 2448 speciem
491 2349 707 2434 praebuerunt,
721 2347 796 2431 quia
819 2347 892 2494 plus
916 2347 949 2410 in
968 2345 1131 2410 Demetrio
1150 2345 1218 2431 spei

130 2371 302 2518 ponebant.
316 2433 440 2512 demde,
455 2441 614 2498 crescente
624 2433 656 2496 in
677 2433 743 2495 dies
760 2432 819 2496 Phi
832 2431 900 2517 ippi
911 2431 983 2495 odio
998 2429 1031 2494 in
1047 2431 1217 2510 Romanos,

132 2518 185 2580 cui
201 2519 332 2582 Persem
353 2517 540 2603 indulgeret,
557 2517 738 2582 Demetrius
761 2538 886 2580 summa
908 2537 967 2601 ope
991 2515 1217 2594 adversaretur,

131 2601 358 2686 prospicientes
372 2602 477 2666 animo
492 2603 613 2666 exitum
634 2601 753 2665 incauti
774 2623 793 2664 a
806 2601 915 2664 fraude
930 2602 1068 2664 fraterna
1079 2599 1217 2686 juvenis,

132 2686 356 2770 adjuvandum,
381 2687 468 2770 quod
496 2687 641 2750 listurum
669 2695 745 2765 erat,
771 2686 842 2766 rati,
870 2686 1100 2770 fovendamque
1127 2705 1217 2770 spem

130 2771 328 2856 potentioris,
344 2773 458 2836 Perseo
482 2793 515 2836 se
540 2771 729 2856 adjungunt.
759 2771 780 2807 ¹¹
792 2778 896 2834 cetera
916 2770 950 2833 in
965 2791 1060 2834 suum
1082 2789 1217 2854 quoeque

131 2865 259 2940 tempus
282 2857 404 2942 ιςειιάιι
427 2855 586 2920 dillenmt.
610 2856 644 2918 in
663 2855 833 3002 ppesentia
854 2854 967 2939 placet,
992 2854 1079 2918 omni
1099 2875 1118 2917 ο
1183 2853 1216 2916 in

131 2941 293 3004 Romanos
306 2940 434 3004 accendi
451 2961 569 3026 regem,
588 2939 662 3024 inpe
688 2940 759 3023 'que
779 2940 820 3002 ad
841 2939 971 3002 masilia
985 2939 1069 3014 belli,
1145 2959 1217 3020 quse

125 3023 194 3108 jam
220 3046 278 3088 sua
296 3033 410 3110 sponte
437 3025 579 3088 animum
604 3023 795 3087 inclinasset.
838 3022 951 3099 Simul,
970 3031 1007 3084 ut
1036 3021 1217 3084 Demetrius
1231 3033 1364 3080 Demersus

130 3109 164 3172 in
176 3109 243 3172 dies
254 3109 430 3194 suspectior
438 3119 531 3188 esset,
541 3131 580 3172 ex
588 3109 765 3194 composito
778 3127 937 3171 sermones
949 3105 969 3138 ¹⁸
977 3107 1018 3168 ad
1026 3104 1217 3190 spretionem
1229 3098 1361 3207 paaupe-

132 3193 349 3256 llomanomm
358 3193 534 3258 trahebant.
553 3193 598 3257 ibi
609 3215 709 3277 quum
720 3193 886 3256 aliimores
895 3199 928 3254 et
941 3190 1088 3254 instituta
1097 3209 1217 3266 eorum,
1268 3189 1275 3204 ‘

8 3317 9 3320 =
130 3277 183 3341 alii
207 3299 259 3341 res
277 3287 393 3362 gestas,
417 3277 469 3340 alii
491 3279 628 3362 speciem
652 3277 752 3363 ipsius
774 3276 873 3355 urbis,
897 3275 1041 3339 nondum
1060 3281 1218 3338 exornatae

131 3383 235 3446 neque
255 3362 392 3446 publicis
416 3383 519 3461 neque
537 3362 668 3448 privatis
691 3361 779 3440 locis,
799 3361 851 3425 alii
873 3359 1015 3445 singulos
1037 3357 1218 3444 principum

131 3447 315 3524 eluderent3
329 3447 456 3531 juvenis
470 3455 628 3525 incautus,
638 3454 670 3510 et
683 3467 787 3509 amore
801 3445 938 3509 nominis
949 3444 1092 3522 Romani,
1106 3451 1139 3505 et
1152 3463 1218 3506 cer-

132 3531 252 3594 tamine
267 3530 417 3594 adversus
433 3531 572 3608 fratrem,
587 3531 693 3594 omnia
707 3529 825 3594 tuendo
845 3537 1028 3613 suspectum
1042 3549 1075 3590 se
1091 3527 1173 3612 patri
1186 3535 1219 3590 et

131 3623 350 3700 opportunum
361 3615 545 3678 criminibus
559 3615 700 3678 faciebat.
745 3615 856 3697 ltaque
870 3635 909 3676 ex
950 3619 1031 3674 rtem
1046 3619 1219 3695 cumpater

132 3699 277 3764 omnium
293 3699 331 3762 de
346 3699 440 3762 rebus
453 3699 604 3762 Romanis
615 3697 817 3762 consiliorum
828 3697 909 3760 habe
950 3704 974 3758 t.
993 3703 1081 3758 totus
1096 3695 1129 3758 iu
1145 3696 1218 3759 Per-

132 3803 316 3859 seaversus‚
330 3805 403 3846 cum
418 3805 455 3846 eo
469 3783 675 3868 cogitationes
685 3783 753 3866 ejus
762 3782 806 3844 rei
822 3779 888 3844 dies
901 3801 937 3843 ac
951 3787 1060 3842 noctes
1111 3779 1218 3844 'tabat

133 3867 315 3944 Redierant,
326 3889 406 3950 quos
420 3869 500 3932 sorte
515 3867 643 3930 miserat
657 3865 690 3929 in
706 3867 875 3929 Bastarnas
891 3863 931 3928 ad
943 3801 1129 3927 arcesseiiffis
1142 3885 1219 3928 aux·

132 3951 195 4030 ilis,
210 3951 493 4036 adduxerantque*
515 3951 588 4016 inde
610 3949 732 4014 nobiles
751 3949 895 4034 juvenes,
912 3956 944 4012 et
965 3946 1043 4033 regii
1065 3948 1219 4032 quosdam

164 4125 289 4180 ”tendens
301 4139 364 4184 specs
374 4129 399 4170 st
412 4119 560 4184 Dllssrrcst
571 4123 659 4170 matut.
672 4121 745 4168 fleon.
758 4121 826 4167 Cres.
922 4113 1135 4180 duarumque
1150 4117 1222 4164 Gron.

167 4273 195 4320 ll
225 4270 361 4320 'Muliebri
447 4269 533 4334 ιιιιιίιο]
552 4273 628 4328 Molli,
652 4271 743 4326 timido,
809 4269 839 4316 1³
855 4270 894 4316 As
903 4271 1034 4329 spretisssss
1047 4259 1208 4322 Rosam]
1226 4263 1314 4322 Sps-stis
1329 4277 1382 4322 per·

131 4337 218 4398 lgusso
229 4337 317 4392 salmo,
329 4337 369 4396 qul
381 4351 429 4384 nou
441 4350 499 4384 vers
508 4337 602 4394 virtute,
613 4335 655 4384 sed
666 4335 743 4382 oecul-
775 4347 828 4380 rsrs
839 4347 883 4379 sos
894 4341 937 4386 est,
948 4345 1046 4392 quaque
1064 4328 1126 4374 baud
1138 4325 1233 4398 formae
1250 4325 1305 4374 alibi
1317 4325 1383 4374 lsslls

132 4401 163 4447 tis
175 4401 235 4446 dolis
246 4409 398 4460 grussmtur.
776 4397 912 4456 reperistur.
946 4395 970 4441 Si
990 4409 1017 4440 es
1034 4391 1173 4451 displicebit.
1185 4390 1236 4448 lege
1253 4407 1305 4437 eum
1322 4391 1383 4438 Gro-

167 4464 197 4511 18
214 4461 332 4524 msera]
360 4465 446 4510 Pietas
464 4477 493 4508 es
511 4477 564 4522 que
583 4477 636 4510 mos
657 4477 745 4508 memo·
777 4453 1240 4518 noviocostessptlssssqsutmtionem.

132 4535 216 4575 natur
227 4529 251 4574 iu
264 4528 388 4588 prasentia
399 4525 540 4586 pennensis.
