3118 5002
489 313 577 379 LIB.
603 315 696 380 XLI.
729 315 828 382 CAP.
856 319 903 383 ll.
1325 327 1388 390 299

118 461 310 564 presidium
341 461 504 541 stativum,
531 463 698 548 repentina
726 466 840 530 cohors
870 463 1053 531 Placentina
1076 467 1223 554 obposita
1236 481 1369 538 ucors

119 559 206 614 mter
220 567 307 612 mare
322 556 355 611 et
369 555 490 610 castras
504 555 547 626 et,
561 557 599 612 ut
614 549 698 613 idem
712 549 918 635 aquatoribus
934 551 975 614 ed
991 551 1124 616 fluvium
1138 562 1222 618 esset
1235 546 1263 594 Α·
1275 547 1303 596 ⁰·
1317 545 1369 602 ¹⁷⁸

118 634 321 720 praesidium,
344 629 393 696 M.
408 632 564 696 AEbutius
583 633 733 697 tribunus
756 634 895 698 militum
918 637 1066 701 secundae
1087 637 1221 723 legionis

119 721 205 782 duos
230 717 412 816 manipulos
437 717 576 781 militum
600 715 734 802 adjicere
749 719 861 806 jussus
880 727 940 784 est.
983 721 1021 784 T.
1036 729 1069 784 et
1087 721 1125 786 Ο.
1141 723 1220 787 AElii

119 804 246 866 tribuni
265 803 405 866 militum
426 802 584 887 legionem
603 803 740 882 tertiam,
756 823 827 888 quoe
845 804 1047 888 pabulatores
1067 814 1099 869 et
1119 806 1220 892 ligna·

119 899 210 952 tores
224 896 376 966 tueretur,
390 887 452 966 via,
467 907 541 971 quae
555 887 735 970 Aquileiam
749 889 819 967 sert,
835 889 999 953 duxerant.
1042 890 1094 954 Ab
1108 893 1219 956 eadem

119 973 252 1057 regione
274 972 360 1035 mille
384 973 482 1036 femie
502 991 657 1056 passuum
681 981 785 1036 castra
807 981 896 1036 erant
915 975 1101 1039 Gallorum:
1123 976 1219 1040 ‘Cat-

120 1057 247 1120 melusd
261 1075 320 1144 pro
336 1053 447 1142 regulo
460 1064 528 1120 erat
547 1055 651 1120 tribus
668 1057 774 1121 haud⁸
796 1055 933 1143 amplius
957 1059 1098 1124 millibus
1117 1079 1218 1125 arma·

124 1150 244 1206 torum.

167 1226 213 1292 11.
236 1227 323 1305 Istri,
345 1233 383 1290 ut
402 1225 542 1311 primum
557 1225 598 1288 ad
610 1225 714 1289 lacum
728 1221 851 1289 Timavi
866 1235 969 1290 castra
983 1235 1058 1294 sunt
1074 1230 1219 1296 Romana
1231 1239 1285 1286 luri
1294 1243 1382 1288 tumul·

120 1319 219 1390 mota,
248 1312 311 1397 ipsi
340 1319 415 1396 post
444 1310 558 1374 collem
588 1311 713 1374 occulto
739 1310 809 1374 loco
838 1313 1065 1390 consederunt3
1088 1321 1120 1376 et
1142 1315 1216 1380 inde
1230 1312 1372 1380 eumenem

120 1396 261 1480 obliquis
276 1395 443 1460 itineribus
456 1415 571 1480 agmen
586 1394 810 1479 sequebantur,
829 1395 862 1458 in
878 1415 1006 1458 omnem
1020 1398 1216 1463 occasionem
1230 1376 1351 1478 {om

118 1481 255 1544 intentis
277 1501 337 1544 nec
359 1480 535 1564 quidquam
564 1499 629 1558 eos,
658 1499 730 1563 quaa
756 1487 839 1542 terra
868 1477 1009 1564 marique
1038 1491 1215 1566 agerentur,

117 1565 258 1628 fallebat.
282 1566 344 1628 Pos
380 1587 454 1628 uam
469 1563 621 1628 stationes
634 1563 788 1628 invalidas
799 1585 868 1628 esse
879 1585 939 1650 pro
950 1563 1071 1645 castris,
1085 1566 1216 1632 ⁸eorum

116 1649 216 1713 turba
230 1649 357 1713 inermis
390 1650 540 1734 frequens
554 1649 638 1713 inter
653 1657 755 1712 castra
770 1657 803 1712 et
817 1669 902 1712 mare
913 1651 1132 1731 mercantium,
1147 1653 1215 1717 sine

116 1735 186 1798 ullo
209 1734 350 1798 terrestri
372 1742 429 1798 aut
447 1733 606 1798 maritimo
626 1733 836 1814 munimento,
850 1735 1018 1814 viderunt3
1039 1733 1105 1800 duo
1120 1737 1216 1802 simul

116 1819 274 1904 praesidia,
298 1819 491 1884 Placentiam
504 1819 656 1897 cohortis,
671 1825 703 1882 et
721 1819 958 1904 manipulorum
978 1821 1126 1885 secunde
1137 1823 1215 1908 legi-

116 1904 198 1983 onis,
213 1905 455 1990 adgrediuntur.
499 1903 627 1967 Nebula
641 1903 799 1966 matutina
813 1913 934 1968 texerat
946 1903 1128 1991 inceptum:
1151 1927 1215 1992 que

116 1989 277 2053 dilabente
301 1989 343 2053 ad
364 1989 507 2074 primum
530 1996 672 2073 teporem
693 1988 778 2067 solis,
800 1987 989 2074 ‘perlucens
999 1990 1068 2074 jam
1083 1991 1214 2076 aliquid,

115 2074 239 2138 incerta
265 2081 384 2152 tomen,
407 2083 446 2136 ut
471 2073 562 2152 solet,
585 2073 651 2151 lux,
677 2073 814 2158 speciem
838 2074 982 2136 omnium
1004 2074 1213 2160 multiplicem

115 2157 258 2222 intuenti
270 2158 417 2236 reddens,
431 2167 502 2221 tum
516 2178 643 2242 quoque
657 2157 808 2220 frustrata
818 2159 989 2236 Romanos,
998 2159 1101 2221 multo
1114 2161 1214 2245 majo-

114 2265 186 2306 rem
202 2243 252 2322 iis,
266 2263 363 2326 quam
376 2251 452 2321 erat,
466 2243 609 2306 hostium
623 2241 722 2304 aciem
737 2242 887 2306 ostendit.
924 2263 988 2326 qua
1009 2243 1110 2306 territi
1134 2245 1213 2307 utri-

115 2349 221 2412 usque
244 2327 390 2391 stationis
412 2327 527 2390 milites
550 2326 673 2412 ingenti
692 2326 835 2389 tumultu
854 2347 956 2412 quum
970 2327 1005 2389 in
1018 2335 1123 2390 castra
1139 2350 1214 2392 con-

115 2413 286 2498 fugissent,
300 2413 386 2476 baud
400 2412 508 2498 paullo
523 2411 567 2476 ibi
581 2412 666 2498 plus,
681 2431 779 2496 quam
794 2413 881 2496 quod
893 2431 1003 2475 secum
1016 2411 1078 2497 ipsi
1092 2413 1214 2476 adtule-

115 2505 201 2576 runt,
216 2497 344 2561 terroris
369 2498 523 2561 lecerunt.
568 2497 653 2560 Nam
675 2514 781 2580 neque
805 2497 919 2577 dicere,
943 2497 1022 2582 quid
1045 2495 1213 2582 ringissent,

116 2603 179 2645 nec
192 2583 474 2666 percunctantibus
488 2577 618 2645 reddere
632 2600 823 2667 responsum
846 2591 1015 2668 poterantr
1038 2589 1071 2646 ct
1095 2583 1214 2648 clamor

116 2667 153 2730 in
221 2666 278 2730 rtis
303 2669 353 2750 (ut
374 2667 432 2731 nbi
454 2666 543 2730 nulla
564 2673 647 2729 esset
662 2667 766 2746 statio,
781 2689 853 2751 quae
869 2668 1040 2731 sustineret
1053 2668 1211 2754 inpetum)

116 2771 159 2814 su
192 2753 326 2817 ebaturr
347 2760 380 2816 et
393 2751 595 2815 concursatio
608 2751 643 2814 in
658 2752 793 2816 obscum
807 2753 1016 2816 incidentium
1031 2753 1164 2817 aliorum
1178 2753 1212 2818 in

3 2867 6 2882 ·
117 2835 197 2900 alios
210 2837 368 2900 incernam
381 2837 508 2915 fecerat,
523 2857 563 2899 sn
579 2836 680 2900 hostis
693 2837 909 2900 intravollum
924 2845 1017 2901 esset.
1062 2838 1138 2901 Una
1151 2858 1212 2901 vox

117 2921 307 2985 audiebatur
319 2923 360 2986 ad
373 2941 459 2985 mare
473 2921 666 2985 vocantium.
695 2921 735 2984 ld
748 2921 829 2984 forte
843 2930 961 2984 temere
975 2922 1015 2985 sb
1029 2943 1095 2984 uno
1108 2923 1212 2984 excla-
1227 2945 1331 3004 suffiunt
1341 2947 1371 2991 su

116 3013 242 3069 matum
255 3007 332 3070 totis
347 3007 467 3092 passim
481 3006 672 3091 personabat
689 3006 811 3069 eastris.
856 3003 969 3103 ltaque
989 3005 1104 3090 primo,
1125 3005 1213 3069 velut
1226 3023 1290 3054 mue

111 3091 199 3176 jussi
220 3091 254 3154 id
278 3091 389 3170 lacere,
411 3091 506 3177 pauci
529 3089 651 3170 armati,
674 3089 776 3175 major
797 3109 870 3175 pars
893 3109 1039 3168 mermes,
1064 3090 1105 3152 ad
1126 3109 1213 3154 mare
1226 3071 1336 3118 ΒΜ·

118 3175 315 3240 decurrunt:
338 3177 411 3240 dein
430 3175 548 3261 plures,
569 3183 730 3260 postremo
754 3195 854 3260 prope
872 3195 992 3253 omnes,
1008 3182 1040 3237 et
1054 3173 1124 3273 ipse
1138 3195 1213 3238 con-

118 3260 190 3338 sul;
213 3283 325 3344 quum,
338 3262 457 3324 frustra
476 3279 621 3324 revocare
700 3259 799 3323 'entes
822 3267 965 3337 conatus,
987 3280 1046 3322 nec
1070 3281 1114 3322 rm
1155 3259 1213 3338 rio,

118 3367 179 3408 nec
195 3345 391 3425 auctoritate,
413 3366 473 3409 nec
494 3344 676 3430 precibusa
712 3353 898 3422 extremum,
913 3343 1073 3408 valuisset.
1151 3366 1212 3408 nus

2 3475 6 3485 .
118 3429 272 3493 remansit
285 3427 335 3494 M.
347 3429 490 3494 Licinius
506 3428 631 3507 Strabo,
646 3429 794 3492 tribunus
808 3427 946 3492 militum
956 3429 1058 3492 tertiae
1068 3427 1212 3526 legionis,

118 3513 215 3578 'curn
240 3511 343 3578 tribus
366 3513 465 3600 signis
488 3513 528 3578 ab
548 3511 672 3598 legione
691 3535 749 3576 sua
761 3513 899 3578 relictus.
945 3511 1053 3593 Hunc,
1066 3536 1100 3576 ιιι
1113 3535 1213 3578 vacua

117 3609 224 3704 castra
236 3597 348 3684 inpetu
362 3600 456 3678 facto,
473 3597 559 3678 IstrI‚
573 3619 675 3682 quum
689 3597 769 3661 alius
781 3606 922 3661 armano
933 3597 972 3661 iis
983 3617 1077 3661 nemo
1086 3598 1212 3663 obviam

328 3745 344 3784 ‘¹
357 3751 473 3799 Carmelus
484 3751 557 3799 Groo.
568 3749 636 3795 cres.
830 3751 843 3780 ⁸
854 3753 895 3794 ost
905 3745 980 3794 (leon.

441 3809 534 3875 ‘fons
545 3815 613 3860 rosa
624 3814 704 3860 am
714 3811 813 3873 nrm.
825 3811 903 3858 aar.

153 3955 304 4004 temeres
312 3971 356 4016 pro
364 3957 442 4016 regulo
452 3951 515 4016 erat]
535 3953 592 4002 llaec
601 3954 668 4000 nobi
680 3967 732 4000 sus·
758 3950 869 4015 srequersr
896 3953 958 3999 inter
984 3957 1062 4000 rostro
1088 3959 1111 4000 el
1138 3969 1199 4000 mors
1222 3955 1375 4000 maruntium.

120 4027 259 4080 pertarum.
293 4017 369 4066 Possis
382 4028 588 4078 tamenutcunque
600 4017 731 4077 explicare:
766 4019 849 4064 Forum
869 4017 975 4076 intellige
993 4017 1124 4076 emporium
1140 4017 1207 4073 illud
1227 4017 1289 4078 quod
1309 4017 1375 4062 breui

119 4083 243 4130 Carsuelus
263 4083 359 4144 quidam
377 4085 429 4130 loco
450 4083 534 4143 reguli,
551 4083 590 4142 qui
614 4082 663 4142 ipse
684 4095 732 4128 non
765 4081 918 4142 perfrequens
931 4080 1017 4126 laetum
1030 4079 1101 4127 luisse
1113 4077 1255 4140 disitsupra
1268 4079 1355 4126 Livius.

119 4149 210 4201 aderat,
232 4147 256 4193 in
279 4149 307 4192 iis
328 4147 409 4193 castris
429 4155 480 4193 erat
499 4161 553 4192 cum
573 4147 647 4192 tribus
666 4145 731 4192 baud
797 4143 813 4191 6
832 4145 953 4191 Perlucerss
967 4141 1019 4206 jum
1036 4145 1131 4205 aliquid,
1151 4147 1238 4190 inemo
1256 4149 1375 4196 temesae

118 4212 222 4270 amplius
241 4211 344 4258 millibus
362 4220 513 4258 armatorum.
547 4211 620 4258 Haud
637 4211 733 4270 amplius
764 4209 828 4266 solet,
840 4205 891 4269 lur]
911 4208 963 4256 bur
973 4210 1023 4268 J'nm
1037 4209 1116 4268 aliqua
1133 4221 1163 4252 ex
1181 4214 1247 4266 parte
1265 4219 1373 4266 perrum-

118 4275 167 4334 legi
186 4277 310 4334 jusserunt
331 4273 476 4322 rloreseuus
495 4281 519 4320 et
540 4274 672 4321 Gronovius
689 4286 731 4333 pro
765 4287 823 4334 pens
843 4273 967 4328 obstantia,
988 4272 1077 4318 incerta
1097 4279 1183 4322 ῑιιιιειι,
1197 4276 1222 4314 ut
1239 4269 1298 4315 solet
1314 4283 1374 4326 esse,

118 4347 161 4386 out
172 4341 277 4398 ampliss.
764 4351 837 4396 quum
849 4336 940 4382 nebulis
952 4335 1108 4382 dilabentibus
1120 4332 1175 4378 oriri
1188 4331 1278 4394 incipit.

152 4403 271 4449 dEorsss
292 4403 360 4449 turbu
379 4405 470 4450 inermis
484 4395 606 4463 frequens]
628 4400 730 4460 Egregie
796 4399 811 4454 7
830 4399 886 4447 Cum
897 4401 970 4447 tribus
981 4393 1065 4507 ⁸1·qu
1084 4398 1143 4442 Cum
1156 4395 1230 4442 tribus
1238 4393 1373 4457 manipulis.

119 4467 169 4514 Jos.
187 4467 291 4526 Scaliger
299 4463 379 4527 sonus
389 4482 432 4527 pro
443 4481 525 4513 eorum.
559 4465 731 4525 Totamperio·
764 4463 817 4512 Vid.
830 4471 878 4512 not.
891 4465 914 4520 2,
926 4463 983 4510 adl.
995 4459 1039 4507 XX
1064 4459 1143 4507 lll.n.
1157 4457 1180 4506 l.

119 4531 177 4577 dum
189 4531 223 4577 sir
235 4530 321 4578 format
329 4531 461 4578 Gronovius
471 4545 476 4575 ι
487 4527 565 4590 sorsss
574 4529 642 4576 turdo
651 4529 732 4576 iseross'
