3094 4954
211 286 274 350 112
800 278 894 344 ΤΙΤῙ
917 275 1033 342 LIVIl

212 449 243 498 υ.
254 450 281 497 c.
292 447 347 496 sos.
375 427 549 493 contendit.
592 427 644 490 Ex
656 426 767 492 cestris
787 427 977 510 Pergamum
989 422 1140 487 remissus
1153 421 1195 486 ud
1207 429 1407 486 commestus
1421 445 1481 486 ex-

212 513 243 562 b
254 515 281 561 ⁰·
294 513 347 562 ¹⁹⁰·
376 513 560 600 pediendos,
573 511 689 576 bsdito
704 512 875 589 frumento,
895 509 1013 594 quibus
1023 508 1162 592 jusserat
1175 507 1298 585 consul,
1312 507 1346 570 in
1361 508 1480 570 eedem

378 597 492 662 stativs
505 595 608 660 rediit.
639 595 724 674 inde,
744 595 886 680 plurium
900 593 1023 658 diensm
1036 592 1222 676 praeparatis
1237 591 1373 670 cibariis,
1397 613 1481 654 con-

379 681 485 746 silium
498 688 565 744 erat
578 680 624 744 ire
637 681 679 744 ad
692 680 829 758 hostem,
842 678 1030 763 priusquam
1045 675 1146 739 hiems
1160 675 1364 760 obprimeret.
1413 677 1480 738 Re-

216 774 346 886 iffi?
380 767 432 915 pa
445 773 548 828 castra
561 765 644 828 circa
656 764 809 849 Thyatira
822 771 931 826 erant:
953 761 999 825 ibi
1013 782 1113 844 quum
1126 761 1269 824 audisset
1280 760 1479 838 Antiochus,

217 903 241 948 n

242 915 292 948 rum
410 849 611 935 .Scipionem
625 869 747 933 aegrum
766 848 888 912 Elaeam
907 845 1058 923 delatum,
1078 843 1210 942 legatos,
1231 845 1287 928 qui
1305 844 1411 908 lilium
1436 846 1480 907 ad

216 965 322 1012 „mm
382 957 456 999 eum
484 934 679 1011 reducerent,
707 931 804 996 misit.
847 931 924 994 Non
947 929 1051 994 solum
1076 929 1319 1026 an1mo¹patrio
1344 937 1479 1014 gratum

382 1041 511 1097 munus,
526 1017 582 1080 sed
596 1016 719 1101 corpori
734 1037 861 1164 qqoque
874 1013 999 1078 salubre
1011 1013 1163 1098 gaudium
1181 1014 1260 1076 lustr
1277 1013 1479 1096 satiamsque

381 1103 510 1168 tandem
535 1103 703 1187 complexu
727 1101 794 1178 fi··‚
821 1101 1017 1176 Ηαηιησὶαὶο,
1044 1097 1159 1182 inquit,
1181 1099 1304 1180 gratim
1330 1099 1400 1180 regi
1430 1118 1480 1160 me

382 1209 492 1270 apere:
515 1186 630 1269 referre
640 1186 778 1268 pretim
790 1185 884 1248 alim
897 1203 977 1248 moso
989 1203 1050 1246 non
1056 1201 1157 1263 posse,
1168 1201 1258 1264 quom
1270 1188 1306 1246 ut
1317 1181 1479 1260 mam,

382 1293 420 1336 ne
434 1279 506 1336 ante
518 1273 552 1334 in
565 1273 661 1334 eciem
673 1269 844 1347 descmdot,
859 1271 969 1350 ‘pum
978 1269 1030 1329 ια*
1044 1267 1077 1329 in
1087 1272 1191 1329 costra
1200 1285 1247 1330 mc
1256 1267 1371 1330 redisse
1385 1267 1479 1328 mdi-

383 1359 452 1420 erit.
497 1355 699 1439 Quamquam
713 1352 876 1438 sexaginta
890 1351 954 1415 duo
967 1349 1087 1414 milliou
1099 1349 1255 1435 peditum,
1264 1349 1339 1435 plus
1354 1351 1479 1414 duode-

383 1440 446 1504 cim
459 1439 557 1504 millia
571 1439 714 1524 equitum
728 1437 850 1502 animos
864 1435 1024 1500 interdum
1039 1435 1080 1498 ad
1094 1455 1184 1520 spem
1201 1435 1381 1500 certaminis
1400 1436 1479 1498 faci-

383 1525 499 1604 ebant3
520 1533 626 1588 motus
645 1531 752 1588 tomen
765 1521 945 1586 Antiochus
963 1519 1045 1583 tanti
1066 1519 1253 1584 auctoritate
1266 1519 1335 1599 viri,
1357 1520 1392 1583 in
1411 1542 1479 1604 quo

384 1610 426 1674 sd
448 1609 584 1674 incertos
607 1607 683 1672 belli
706 1614 839 1672 eventus
862 1605 966 1670 omnis
990 1605 1127 1668 fortunae
1149 1613 1299 1690 posuerat
1322 1604 1479 1682 subsidia,

384 1692 523 1777 ‘recepit
545 1702 604 1771 ae,¹
619 1699 836 1776 transgressus
851 1689 1028 1774 Phrygium
1042 1710 1178 1768 amnem,
1197 1689 1365 1774 oimaque⁷
1381 1689 1479 1774 Mag·

384 1777 515 1856 nesiam,
530 1797 603 1860 quae
616 1775 657 1839 ad
669 1775 816 1860 Sipylum
829 1778 888 1853 est,
902 1773 1011 1859 posuit
1026 1781 1147 1838 casm:
1170 1781 1212 1853 et,
1232 1796 1283 1852 ne,
1303 1773 1351 1838 si·
1372 1783 1479 1838 extru-

385 1863 459 1926 here
473 1869 539 1924 tem
562 1881 601 1924 us
613 1859 718 1938 vellet,
731 1859 931 1922 munimenta
940 1859 1076 1922 Romani
1089 1865 1258 1936 tentarent,
1266 1859 1386 1923 fossam
1400 1858 1479 1922 'sex

385 1945 513 2010 cubita·
558 1953 635 2024 tem,
650 1943 817 2009 duodecim
830 1943 926 2008 lutam
951 1965 1052 2028 quum
1069 1943 1222 2022 duxisset,
1243 1952 1332 2008 extre
1355 1944 1479 2030 duplex

385 2031 504 2097 vallum
518 2031 611 2095 fossae
626 2028 852 2094 circumdedit:
874 2027 1022 2092 interiore
1038 2027 1127 2092 lubro
1151 2049 1279 2092 murum
1292 2049 1366 2092 cum
1379 2030 1478 2092 turri-

385 2116 447 2180 bus
469 2115 586 2180 crebris
611 2114 727 2201 objecit
733 2139 744 2194 3
765 2113 851 2179 unde
873 2113 963 2178 focile
985 2113 1083 2178 arceri
1105 2113 1242 2178 transitu
1261 2113 1354 2178 fossoe
1372 2115 1477 2178 hostis

385 2207 629 2385 miilvrn.
652 2283 784 2366 consur,
807 2285 890 2350 ono
906 2285 1059 2370 myrum
1078 2305 1185 2370 regem
1199 2305 1268 2349 esse
1279 2291 1377 2364 rann,
1399 2307 1477 2383 cop-

385 2371 485 2436 tinuis
500 2371 665 2436 itineribus
680 2371 793 2455 quinto
807 2372 857 2435 die
872 2371 914 2434 ad
929 2371 1117 2456 Hyrcanum
1133 2391 1281 2468 campum
1300 2370 1476 2434 descendit.

385 2455 461 2520 inde
484 2477 585 2540 quum
606 2455 784 2539 profectum
810 2455 960 2534 audisset,
983 2463 1111 2519 secutus
1130 2455 1262 2540 vestrgia
1281 2455 1360 2518 citro
1375 2455 1476 2538 Phry-

619 2669 629 2700 2

385 2707 579 2791 aliarumque
594 2706 738 2791 gentium
760 2646 912 2792 sagittarii
931 2646 1078 2793 eqriiiiesm
1073 2709 1257 2792 intermixti)
1278 2709 1476 2774 tumultuose

386 2813 478 2855 amne
492 2792 633 2876 trajecto,
647 2791 682 2854 in
696 2792 848 2856 stationes
862 2793 1008 2878 inpetum
1021 2795 1173 2859 fecerunt.
1210 2794 1316 2858 Primo
1328 2795 1476 2859 turbave-

385 2884 463 2940 runt
486 2875 723 2962 incompositos.
759 2877 883 2957 deinde,
907 2900 1007 2962 quum
1034 2879 1161 2978 longius
1191 2887 1349 2943 certamen
1375 2879 1475 2958 fieret,

386 2963 632 3041 'Romanorum
647 2983 687 3026 ex
700 2963 888 3048 propinquis
911 2963 1022 3028 castris
1043 2964 1127 3028 leodi
1150 2964 1302 3042 subsidio,
1323 2974 1476 3028 cresceret

385 3069 547 3127 numerus,
568 3047 656 3132 regii,
677 3047 752 3112 fessi
770 3047 839 3132 jem
858 3057 891 3114 et
911 3047 1019 3133 plures
1039 3070 1104 3113 non
1120 3049 1323 3128 sustinentes,
1336 3049 1476 3134 recipere

386 3153 420 3196 se
434 3133 549 3210 conati,
563 3132 646 3196 circs
658 3131 761 3218 ripam
775 3133 888 3213 amnis,
899 3133 1086 3218 priusquam
1095 3134 1215 3200 flumen
1225 3133 1476 3220 ingrederentur,

385 3215 426 3280 sb
441 3215 635 3279 instantibus
648 3223 738 3302 tergo
751 3216 872 3302 aliquot
891 3219 1048 3282 interfecti
1067 3226 1153 3283 sunt.
1197 3219 1338 3282 Biduum
1361 3219 1476 3283 deinde

386 3299 548 3364 silentium
568 3299 639 3378 fuit,
663 3301 784 3366 neutris
808 3303 1114 3388 transgredientibus
1138 3323 1273 3368 emnem.
1295 3303 1387 3367 tertio
1443 3313 1476 3367 st

386 3385 436 3448 die
452 3383 588 3448 Romani
603 3384 698 3450 simul
712 3407 822 3451 omnes
837 3388 1025 3474 transgressi
1039 3395 1125 3468 sunt,
1147 3395 1180 3452 et
1198 3389 1264 3452 duo
1277 3387 1376 3451 millis
1400 3391 1476 3451 ereb

385 3478 419 3534 et
432 3467 625 3568 quingentos
638 3491 753 3554 pessus
768 3471 808 3536 ab
823 3473 1106 3623 mmmmm
1119 3481 1231 3536 cestre.
1274 3472 1474 3537 Metuntibus

385 3563 418 3620 et
430 3554 603 3618 mumendo
618 3555 791 3642 occupatis,
811 3557 872 3622 trin
960 3557 967 3572 '
1008 3557 1130 3622 delecte
1148 3557 1293 3643 equitum
1316 3557 1475 3644 peditum-

380 3706 393 3736 ⁸
405 3704 479 3749 urimo
489 3703 559 3750 solues
570 3703 649 3752 nesse
694 3703 740 3753 ‘st
751 3705 797 3753 del.
810 3706 905 3768 Kreyas.
917 3706 994 3754 Behk.
1059 3709 1075 3739 u
1085 3707 1231 3768 septuaginta
1241 3705 1314 3752 millia
1325 3705 1396 3751 tiron.
1405 3705 1474 3752 Cres.

381 3769 397 3800 ¹
406 3766 460 3814 add
473 3775 496 3814 et
508 3766 606 3828 Kreyss.
619 3767 696 3816 lielrk.
851 3773 865 3813 1
876 3773 938 3819 circe
949 3769 1015 3818 lind.
1176 3769 1245 3818 'sil
1256 3771 1309 3816 dsss
1320 3769 1390 3815 tiron.
1403 3769 1472 3815 Cres.

691 3837 705 3866 Ι
714 3833 797 3881 cstttts
808 3833 872 3881 End.
974 3830 1068 3895 l’senso
1080 3833 1146 3880 Eud.

252 3957 269 4002 t
288 3955 360 4005 nm
371 3955 432 4002 stis
443 3953 533 4018 moa]
552 3957 620 4004 Delet
629 3959 761 4007 Gronovius
772 3961 831 4008 otio·
896 3961 912 4016 7
929 3963 973 4010 Ser
992 3957 1086 4024 utitis]
1109 3962 1159 4010 isc.
1177 3959 1308 4008 Gronovius
1324 3973 1338 4008 e
1355 3959 1474 4006 'l'husnseo

220 4033 271 4064 rsus
281 4017 418 4078 particulam
430 4025 522 4080 etque
534 4022 688 4068 ustarldetur
699 4036 729 4068 es
740 4023 769 4070 lis
780 4039 832 4084 que
864 4025 990 4086 legendum
1009 4034 1090 4072 monet
1108 4041 1148 4073 ses
1166 4027 1258 4072 cstitr:
1282 4031 1310 4070 ut
1327 4023 1415 4072 iolrae.
1432 4025 1473 4080 40,

222 4081 328 4141 proxime
339 4083 481 4143 precedunt,
492 4099 559 4145 quase
570 4090 595 4130 ut
606 4087 720 4132 suadeam.
864 4089 941 4150 longos
958 4095 1069 4150 quatem
1085 4091 1169 4136 euttts.
1203 4088 1263 4135 Sane
1275 4090 1326 4148 jsm
1343 4089 1472 4134 observari-

253 4145 269 4191 d
286 4145 380 4206 Recepit
390 4161 414 4193 sr
426 4153 579 4208 transgressas
590 4148 717 4209 Phrygium
733 4147 831 4214 mssa]
864 4167 917 4199 mus
935 4153 965 4200 sd
985 4154 1001 4199 l.
1013 4153 1079 4200 xxi.
1091 4154 1145 4208 eit,
1162 4160 1186 4200 et
1196 4151 1287 4199 xxxi.
1300 4166 1319 4198 c.
1331 4151 1369 4206 dl,
1382 4151 1473 4198 Livium

223 4207 286 4268 laege
304 4223 358 4256 com
378 4210 496 4258 Grouorlo
514 4217 577 4257 trosss
597 4211 722 4273 Phrygium
739 4229 832 4261 mun.
864 4217 934 4263 malle
956 4217 991 4263 uti
1016 4217 1042 4264 in
1067 4217 1294 4277 mensuro-quarto
1320 4229 1382 4272 cuo,
1402 4226 1473 4274 quam

222 4271 246 4319 ls
263 4273 339 4320 sannis
356 4281 392 4320 est
407 4274 524 4330 Straboni,
541 4275 557 4320 l.
574 4273 645 4320 Xlll.
657 4289 679 4334 p.
691 4275 747 4332 did,
760 4278 833 4324 reteri
865 4287 939 4326 sexto.

221 4337 317 4384 nomine
330 4338 423 4398 llyllus
458 4337 487 4384 ln
500 4338 614 4384 llermum
626 4339 751 4387 delabitur.
785 4339 832 4387 l‘li-
897 4341 1115 4405 b'ltossossrsas]
1135 4342 1237 4392 Videtur
1254 4351 1309 4391 sats
1329 4343 1373 4390 hor
1389 4357 1472 4390 nornen

221 4399 283 4510 pipp,
296 4401 311 4448 l.
324 4401 353 4447 V.
365 4415 385 4448 c.
397 4403 436 4462 29,
449 4401 568 4464 Phrygem
584 4403 613 4450 ab
632 4401 704 4462 llyllo
715 4403 834 4452 diversum
865 4407 980 4454 excidisse
991 4409 1073 4456 voeuls
1084 4415 1114 4456 et.
