3086 4952
374 329 463 396 LIB.
489 329 632 397 XXXV.
666 331 762 398 CAP.
789 335 952 400 xxxvl.
1322 347 1363 412 81

110 479 173 552 Qui
189 477 471 558 messuerit,
487 477 548 542 ”et
571 499 659 542 amm
677 481 835 546 marmus
855 483 1347 565 murmurosorum

106 565 170 626 ss‘da'
192 563 325 626 nditrorr
345 563 605 644 αάριιιαίιιιιοιι
622 585 696 628 esee.
740 565 864 630 Honor
884 574 1018 632 ounotos
1041 570 1144 654 cepit:
1166 569 1346 636 aduisa

108 647 330 725 meminerant,
355 668 430 710 eum
456 647 574 731 quibus
595 648 753 713 mendatis
775 651 925 716 exissent.
966 653 1136 738 Tyrannus
1157 656 1199 722 ab

107 731 187 796 laevo
208 753 312 796 oornu
329 731 486 796 veniebat.
530 732 553 766 ¹⁸
564 733 685 798 Ponere
709 733 816 798 hastas
840 735 963 820 equites
984 737 1198 804 Alexamenus

102 815 206 901 jubet,
220 825 255 879 et
269 837 304 880 se
319 814 446 880 intueri.
474 815 595 901 oolligit
618 826 651 880 et
669 818 737 903 ipse
756 819 899 884 animum
918 821 1085 886 oonfusurn
1098 831 1197 890 unte

107 900 300 986 cogitatione
313 900 369 964 rei.
412 901 587 985 Postquam
605 903 759 988 adpropin
783 904 889 984 uebat,
903 905 1048 990 inpetum
1064 908 1148 986 facit,
1163 916 1196 974 et

107 987 261 1049 transfixo
274 1007 368 1134 qquo,
383 992 555 1070 tyrannum
570 986 727 1052 deturbat.
794 997 936 1054 amntem
951 991 1072 1074 equites
1086 993 1194 1058 eonfo-
1207 1012 1327 1060 umorem

104 1070 208 1134 diunt.
241 1091 276 1134 m
312 1079 355 1134 trs
374 1069 491 1134 frustra
519 1069 553 1134 in
586 1071 713 1136 loricam
734 1072 851 1138 ictibus
880 1074 972 1154 datis,
1002 1076 1131 1140 tandem
1159 1077 1194 1142 in
1207 1075 1287 1123 Nesto

104 1155 229 1218 nudum
245 1175 363 1239 eorpus
377 1154 508 1220 vulnera
531 1165 762 1254 perueneruntr
791 1166 834 1237 et,
846 1158 1032 1244 priusquam
1049 1182 1069 1226 a
1091 1162 1195 1226 medis

104 1240 171 1302 soie
186 1240 439 1318 subcrureretur,
452 1241 632 1324 exsprrsvit.

146 1323 312 1388 XXXVI.
332 1324 547 1388 Alexamenus
566 1347 641 1390 cum
663 1325 813 1390 omnibus
834 1326 952 1390 AEtolis
971 1327 1067 1392 citato
1092 1331 1194 1414 gradu

103 1408 145 1504 ad
158 1431 279 1494 regrum
292 1410 511 1494 occupandam
525 1409 639 1494 pergit.
683 1410 835 1496 Corporis
848 1412 1006 1490 custodes,
1028 1435 1130 1496 quum
1143 1435 1194 1480 rea

103 1515 137 1554 ιιι
164 1493 266 1557 oeulis
293 1501 465 1578 ger-ersten,
493 1515 592 1580 pavor
618 1493 722 1579 primo
750 1496 851 1581 oepitr
874 1495 997 1576 deinde,
1023 1505 1194 1582 postquam

102 1577 189 1642 abire
203 1577 389 1642 AEtolorum
403 1599 516 1663 agmen
528 1579 644 1658 videre,
658 1587 852 1644 eoncurrunt
862 1580 903 1644 ad
911 1580 1056 1646 relictum
1066 1584 1193 1667 tyranni

99 1829 168 1915 pro,
183 1831 297 1917 poem
312 1831 419 1911 amis,
432 1840 543 1896 vocae
560 1832 594 1896 n
612 1771 991 1899 mmmmqlillrmi
1014 1835 1137 1915 anot,
1159 1845 1192 1902 et

99 1915 202 1979 oratio
217 1917 326 1980 habita
347 1915 484 2002 tempori
504 1917 714 1996 conveniens3
732 1918 913 2003 frequentes
935 1919 1008 1984 inde
1028 1921 1144 1986 retenti
1157 1922 1192 1988 irr

100 2001 198 2064 armis
211 2001 335 2064 AEtoii‘¹
349 2001 418 2066 sine
433 2001 548 2086 injuria
560 2002 758 2086 cujusquam.
781 2004 847 2082 sed,
862 2011 899 2068 ut
913 2004 1055 2090 oportuit
1066 2005 1101 2070 in
1115 2027 1192 2070 eon·

99 2085 171 2148 silio
196 2085 306 2149 fraude
327 2094 443 2171 ooepto,
464 2086 570 2150 omnia
588 2087 623 2150 in
642 2089 862 2152 maturandam
883 2089 1055 2174 perniciem
1069 2111 1191 2170 eorum,

99 2169 156 2252 qui
171 2170 324 2250 fecerant,
339 2179 415 2234 sunt
428 2179 506 2234 acta.
549 2171 628 2236 Dux
641 2172 728 2257 regia
741 2172 883 2238 inclusus
902 2173 986 2238 diem
1007 2195 1044 2238 so
1065 2181 1191 2239 noctem

98 2253 133 2316 in
149 2253 334 2318 scrutandis
347 2255 501 2318 thesauris
513 2255 641 2340 tyranni
656 2256 832 2320 consumsit
843 2279 852 2319 t
873 2257 985 2335 AEtoli,
999 2258 1087 2320 velut
1099 2266 1192 2342 capta

96 2339 192 2417 urbe,
204 2359 304 2436 quam
318 2337 461 2404 liberasse
474 2339 574 2405 videri
587 2339 747 2418 volebant,
761 2340 795 2402 in
809 2341 951 2424 predam
965 2340 1058 2404 versi.
1090 2341 1193 2406 Simul

97 2423 277 2510 indigrutns
303 2423 359 2502 rei,
388 2423 481 2488 simul
507 2431 699 2504 contemtus,
727 2424 850 2488 animos
878 2423 1126 2489 Laoedaemoniis
1151 2427 1192 2494 sd

97 2507 285 2572 coeundum
311 2507 395 2572 iecit.
431 2509 483 2574 aiii
508 2509 621 2590 drcere,
647 2509 862 2574 exturbandos
882 2509 1019 2590 AEtolos,
1041 2517 1074 2574 et
1097 2509 1191 2576 liber-

96 2601 209 2671 tatem,
223 2615 325 2677 quum
339 2593 464 2658 restitui
477 2594 646 2673 videretur,
661 2593 867 2680 interceptam
885 2595 1098 2680 repetendum.
1127 2597 1190 2676 elii,

97 2679 395 2826 udtsqehpuipgendae
409 2679 454 2742 rei
468 2687 562 2777 esset,
576 2679 654 2778 regii
667 2679 790 2778 generis
812 2679 949 2764 aliquem
967 2679 1032 2744 ¹'itr
1051 2681 1189 2766 speciem
1420 2735 1429 2748 ,,

212 2785 255 2826 en
278 2783 345 2827 um.
389 2763 566 2828 Laoonrous
591 2785 660 2848 ejus
686 2773 793 2862 strrprs
820 2771 888 2828 erat
906 2785 987 2849 puer
1006 2765 1189 2846 admodum,
1204 2779 1354 2828 imoens-

98 2847 275 2911 eduoatus⁸
289 2869 364 2912 cum
378 2847 484 2912 liberis
500 2847 636 2933 tyranni.
670 2869 745 2912 eum
767 2871 802 2912 ιιι
822 2871 941 2932 equum
954 2849 1135 2998 inffiunt'·
1146 2859 1188 2930 et,
1202 2844 1235 2954 33
1248 2845 1324 2954 5⁰⁰¹·

98 2932 196 3028 armis
210 2932 362 3017 adreptis,
370 2933 497 2998 AEtolos
510 2954 608 3018 vagos
622 2955 679 3018 per
691 2933 804 2998 urbem
814 2933 953 2997 caedunt.
1070 2955 1189 3019 regiam
1203 2923 1300 3018 AElh„

98 3017 268 3082 invadunt.
302 3017 348 3082 ibi
368 3017 599 3082 Alexamenum
613 3039 688 3081 cum
701 3017 813 3103 paucis
833 3017 1032 3081 resistentem
1057 3019 1190 3082 obtrrm·

98 3111 183 3165 oant.
228 3101 333 3166 AEtoli
367 3103 455 3168 ciros
491 3101 725 3168 ”Chalcioecon
763 3101 931 3186 (Minervae
960 3109 1011 3168 est
1042 3103 1199 3188 templum

130 3257 143 3284 θ
153 3260 188 3300 est
200 3252 247 3299 dei.
261 3252 334 3300 Gran.
346 3253 415 3300 Cret.
439 3249 510 3314 sarto
519 3259 553 3302 sai
563 3252 640 3301 sets,
827 3245 1004 3314 ‘lfrsqueats'ias
1015 3253 1031 3297 i.
1042 3252 1137 3298 retestia
1148 3253 1195 3300 Μ.

99 3317 185 3364 M
197 3317 274 3364 (iton.
286 3317 355 3364 Crer.
825 3317 937 3364 'edoctas
949 3313 1043 3376 Kreyss.
1054 3315 1131 3361 Beklr.

130 3455 162 3502 Ἃ
180 3455 238 3501 ’m
256 3469 322 3500 sae·
339 3455 454 3504 adlisos
467 3449 664 3514 minurpssst]
682 3453 715 3500 Et
746 3453 844 3499 debetur
855 3451 963 3504 Galerio,
975 3451 1016 3511 qrd
1027 3463 1056 3498 ea
1068 3449 1246 3511 sooexemplarl
1258 3448 1356 3510 protulit

100 3531 179 3564 meum
199 3518 325 3564 eonsilium
342 3533 390 3564 non
407 3519 475 3566 onies
490 3519 628 3574 intuebitur,
643 3517 685 3564 sed
701 3531 715 3563 e
746 3529 799 3562 eam
813 3515 938 3564 lectionem
948 3527 1018 3574 quarn
1031 3515 1132 3562 editores
1143 3521 1224 3574 postea
1238 3527 1354 3576 reoepere.

99 3595 142 3627 soa
150 3581 244 3642 aliquid
252 3581 354 3638 alienet,
361 3582 424 3642 quod
432 3595 522 3629 moram
530 3581 600 3628 iaciat
610 3580 715 3642 imperiis
747 3580 815 3626 Prius
824 3593 987 3639 perpaucorum
999 3579 1072 3626 toria
1099 3576 1154 3623 Non
1165 3577 1264 3624 absurde
1275 3585 1356 3624 monet

100 3647 167 3692 areis.
747 3643 797 3690 ise.
809 3643 941 3689 Gronovius
960 3641 1032 3688 recidi
1050 3655 1117 3701 posse
1132 3641 1270 3700 perticulam
1287 3648 1318 3698 at,
1328 3647 1356 3688 ut

131 3709 163 3756 25
179 3709 270 3756 Parere
281 3704 372 3768 imos]
390 3707 503 3769 intelligit
519 3707 635 3768 Sigonius,
646 3707 714 3754 recli-
746 3714 821 3754 totum
833 3707 877 3752 hoe
891 3707 1023 3752 membrum
1040 3704 1185 3764 intelligatur
1202 3718 1244 3766 per
1262 3704 1355 3766 apposi-

100 3787 156 3819 oare
166 3786 195 3819 ae
207 3773 333 3818 demittere
349 3772 435 3828 iratas,
451 3781 478 3818 ut
493 3773 569 3819 soient
579 3771 596 3818 li
608 3771 648 3830 qui
659 3770 714 3818 iroa·
746 3771 835 3818 tionem
847 3769 982 3829 adunatim
993 3767 1184 3828 procedentibus.

100 3845 147 3880 rem
164 3835 273 3882 invasori
290 3843 354 3883 suot
386 3835 457 3886 Quod
468 3843 587 3882 utrorum
604 3843 714 3894 putamus
779 3833 810 3888 27
826 3833 853 3880 Si
864 3833 972 3893 extempio
979 3833 1060 3893 positia
1070 3827 1153 3894 maru]
1171 3831 1195 3880 di
1206 3831 1256 3892 lpse
1269 3831 1356 3878 Alexa·

101 3913 159 3953 use.
175 3900 196 3946 ai
214 3913 267 3946 rem
285 3900 360 3960 ipsam
372 3907 511 3960 spememoa,
522 3907 546 3946 et
558 3897 649 3958 Polybii
661 3911 715 3944 serr-
747 3911 830 3944 menus
852 3895 933 3956 positis
959 3895 1030 3942 armis
1048 3903 1151 3942 voesaset
1172 3895 1202 3942 sd
1221 3896 1356 3942 ooneionem

100 3976 161 4018 sur,
171 3977 245 4023 qaem
264 3963 303 4009 hie
314 3963 394 4024 promi
411 3963 482 4010 dubio
493 3963 562 4008 vertit
573 3971 666 4014 nosterr
682 3961 717 4008 its
749 3960 948 4018 lacedemonios,
959 3967 983 4006 et
994 3959 1123 4008 orationem
1135 3959 1234 4020 tempori
1245 3957 1356 4006 moreni·

101 4026 238 4072 dabitemus
258 4039 289 4073 sn
307 4039 336 4072 es
356 4025 417 4072 Livii
436 4039 503 4072 mens
518 4025 597 4072 tuerit
630 4025 716 4074 Ponere
748 4034 826 4071 entem
844 4023 975 4070 habuissetr
992 4023 1096 4070 retinens
1111 4031 1189 4070 tameo
1205 4029 1230 4068 et
1246 4021 1291 4067 iroe
1305 4021 1357 4080 ipso

100 4091 165 4136 mrim
182 4091 264 4137 tore·
274 4105 304 4136 ex
316 4090 339 4136 vl
353 4089 431 4138 Latini
443 4089 564 4144 murronis,
574 4095 610 4135 est
620 4103 659 4134 eas
674 4088 716 4134 de·
748 4095 860 4148 tempore,
871 4095 896 4132 et
914 4087 1058 4146 aliquamdiu
1077 4093 1165 4148 postes,
1182 4085 1316 4144 trequentes
1331 4083 1358 4130 la

102 4167 187 4212 ponere
203 4163 228 4200 et
246 4155 358 4214 abiioers:
377 4161 412 4206 ot,
423 4167 445 4198 r.
456 4167 479 4213 g.
491 4153 515 4200 irs
534 4153 576 4198 illo
594 4153 644 4199 loeo
663 4151 715 4198 iibri
747 4150 925 4205 armisditolos‚
936 4151 978 4197 sed
989 4149 1022 4197 ite
1033 4157 1059 4196 ut
1070 4149 1158 4197 nemini
1170 4145 1341 4208 injurisderei.

104 4215 218 4265 mni.
236 4217 293 4274 ed,
314 4218 353 4264 uiri
373 4217 456 4264 itidem
470 4217 549 4263 Livius
565 4231 648 4277 parum
663 4215 715 4261 ieli-
779 4215 810 4262 28
827 4212 880 4260 'Is
898 4210 1004 4275 metiens]
1030 4214 1077 4264 Qui
1094 4213 1128 4259 rei
1146 4211 1255 4272 gerenda
1272 4223 1358 4257 nomeu

103 4281 160 4326 eires
173 4282 342 4342 interpretatus
358 4281 484 4340 Polybium
502 4287 550 4326 est:
569 4281 717 4327 Moeedmuss
747 4277 957 4338 auctoritatemque
968 4278 1134 4324 commodaret.

103 4345 243 4408 ῥύῃ,
254 4347 327 4393 tutis
340 4347 431 4406 pultis.
443 4359 537 4406 morsm
549 4345 665 4406 iosgttsdo
675 4345 717 4388 isr-
780 4342 811 4389 Ν
824 4341 963 4388 Cisalcioeeos
969 4341 1094 4399 (Miserae
1099 4336 1329 4397 rasomonorum
1331 4331 1358 4398 )]

104 4409 227 4466 pods-mia
244 4417 303 4466 eros,
313 4411 404 4472 gladiis
414 4405 629 4469 remgsrsrsp'stet.
663 4406 716 4454 vid.
749 4405 827 4465 Atque
838 4405 893 4452 inde
907 4405 942 4450 iiii
958 4404 1046 4464 templo
1063 4413 1156 4449 nomen.
1189 4395 1285 4461 χόλιος
1295 4401 1360 4448 euim

105 4479 155 4516 aar.
166 4473 193 4520 31
206 4475 410 4521 adiilumloenm.
752 4483 790 4526 aa,
802 4466 867 4525 οἶκος
877 4470 960 4516 domu

137 4535 170 4583 Β
183 4539 214 4586 Xt
223 4545 377 4600 sperem
388 4531 471 4596 tuse]
490 4533 567 4595 liujus
577 4532 621 4580 loei
633 4533 720 4580 sanitas
