<?xml version="1.0" encoding="UTF-8"?>
<!DOCTYPE html PUBLIC "-//W3C//DTD XHTML 1.0 Transitional//EN"
    "http://www.w3.org/TR/xhtml1/DTD/xhtml1-transitional.dtd">
<html xmlns="http://www.w3.org/1999/xhtml" xml:lang="en" lang="en">
 <head>
  <title>
</title>
<meta http-equiv="Content-Type" content="text/html;charset=utf-8" />
  <meta name='ocr-system' content='tesseract 3.04.00' />
  <meta name='ocr-capabilities' content='ocr_page ocr_carea ocr_par ocr_line ocrx_word'/>
</head>
<body>
  <div class='ocr_page' id='page_1' title='image "./tliviipatavinih01crevgoog/tliviipatavinih01crevgoog_0112.png"; bbox 0 0 3094 4954; ppageno 0'>
   <div class='ocr_carea' id='block_1_1' title="bbox 251 299 1064 372">
    <p class='ocr_par' dir='ltr' id='par_1_1' title="bbox 251 299 1064 372">
     <span class='ocr_line' id='line_1_1' title="bbox 251 299 1064 372; baseline -0.004 0"><span class='ocrx_word' id='word_1_1' title='bbox 251 309 311 372; x_wconf 79' lang='lat'><strong>102</strong></span> <span class='ocrx_word' id='word_1_2' title='bbox 833 301 926 368; x_wconf 77' lang='lat' dir='ltr'><strong>&#39;l&#39;l&#39;l&#39;l</strong></span> <span class='ocrx_word' id='word_1_3' title='bbox 949 299 1064 370; x_wconf 72' lang='lat' dir='ltr'><strong>alvu</strong></span> 
     </span>
    </p>
   </div>
   <div class='ocr_carea' id='block_1_2' title="bbox 244 447 1484 3150">
    <p class='ocr_par' dir='ltr' id='par_1_2' title="bbox 250 447 1484 2220">
     <span class='ocr_line' id='line_1_2' title="bbox 250 447 1484 532; baseline -0.008 -10"><span class='ocrx_word' id='word_1_4' title='bbox 250 475 279 522; x_wconf 89' lang='grc' dir='ltr'><strong>υ.</strong></span> <span class='ocrx_word' id='word_1_5' title='bbox 291 475 317 520; x_wconf 88' lang='lat' dir='ltr'><strong>c.</strong></span> <span class='ocrx_word' id='word_1_6' title='bbox 329 475 383 522; x_wconf 77' lang='lat' dir='ltr'><strong>aaa</strong></span> <span class='ocrx_word' id='word_1_7' title='bbox 413 451 578 516; x_wconf 77' lang='lat' dir='ltr'><strong>Eudamus</strong></span> <span class='ocrx_word' id='word_1_8' title='bbox 592 453 710 529; x_wconf 86' lang='lat' dir='ltr'><strong>hostes,</strong></span> <span class='ocrx_word' id='word_1_9' title='bbox 724 449 852 514; x_wconf 89' lang='lat' dir='ltr'><strong>claudas</strong></span> <span class='ocrx_word' id='word_1_10' title='bbox 861 449 1107 531; x_wconf 71' lang='lat' dir='ltr'><strong>mutilatasque‘¹</strong></span> <span class='ocrx_word' id='word_1_11' title='bbox 1122 465 1218 510; x_wconf 86' lang='lat' dir='ltr'><strong>naves</strong></span> <span class='ocrx_word' id='word_1_12' title='bbox 1232 447 1350 532; x_wconf 88' lang='lat' dir='ltr'><strong>apertis</strong></span> <span class='ocrx_word' id='word_1_13' title='bbox 1363 448 1484 512; x_wconf 85' lang='lat' dir='ltr'><strong>navibu</strong></span> 
     </span>
     <span class='ocr_line' id='line_1_3' title="bbox 250 530 1484 619; baseline -0.005 -18"><span class='ocrx_word' id='word_1_14' title='bbox 250 541 278 587; x_wconf 72' lang='grc' dir='ltr'><strong>Α·</strong></span> <span class='ocrx_word' id='word_1_15' title='bbox 291 540 317 586; x_wconf 79' lang='lat'><strong>⁰·</strong></span> <span class='ocrx_word' id='word_1_16' title='bbox 331 539 382 589; x_wconf 64' lang='grc' dir='ltr'><strong>Μ</strong></span> <span class='ocrx_word' id='word_1_17' title='bbox 412 537 551 600; x_wconf 84' lang='lat' dir='ltr'><strong>remulco</strong></span> <span class='ocrx_word' id='word_1_18' title='bbox 565 537 737 614; x_wconf 86' lang='lat' dir='ltr'><strong>trahentes,</strong></span> <span class='ocrx_word' id='word_1_19' title='bbox 746 535 860 619; x_wconf 77' lang='lat' dir='ltr'><strong>viginti</strong></span> <span class='ocrx_word' id='word_1_20' title='bbox 870 533 978 618; x_wconf 91' lang='lat' dir='ltr'><strong>paullo</strong></span> <span class='ocrx_word' id='word_1_21' title='bbox 986 531 1123 616; x_wconf 80' lang='lat' dir='ltr'><strong>amplius</strong></span> <span class='ocrx_word' id='word_1_22' title='bbox 1133 530 1272 616; x_wconf 77' lang='lat' dir='ltr'><strong>integras</strong></span> <span class='ocrx_word' id='word_1_23' title='bbox 1283 531 1484 596; x_wconf 67' lang='lat' dir='ltr'><strong>abmdenter</strong></span> 
     </span>
     <span class='ocr_line' id='line_1_4' title="bbox 412 615 1484 706; baseline -0.004 -22"><span class='ocrx_word' id='word_1_24' title='bbox 412 643 430 684; x_wconf 86' lang='lat' dir='ltr'><strong>e</strong></span> <span class='ocrx_word' id='word_1_25' title='bbox 444 621 524 684; x_wconf 91' lang='lat' dir='ltr'><strong>turri</strong></span> <span class='ocrx_word' id='word_1_26' title='bbox 536 619 693 706; x_wconf 68' lang='lat' dir='ltr'><strong>pretoriae</strong></span> <span class='ocrx_word' id='word_1_27' title='bbox 707 619 796 684; x_wconf 82' lang='lat' dir='ltr'><strong>navis</strong></span> <span class='ocrx_word' id='word_1_28' title='bbox 809 618 935 682; x_wconf 87' lang='lat' dir='ltr'><strong>silentio</strong></span> <span class='ocrx_word' id='word_1_29' title='bbox 948 618 1042 694; x_wconf 86' lang='lat' dir='ltr'><strong>iacto,</strong></span> <span class='ocrx_word' id='word_1_30' title='bbox 1051 617 1231 697; x_wconf 68' lang='lat' dir='ltr'><strong>Eamque,</strong></span> <span class='ocrx_word' id='word_1_31' title='bbox 1245 615 1360 700; x_wconf 90' lang='lat' dir='ltr'><strong>inquit,</strong></span> <span class='ocrx_word' id='word_1_32' title='bbox 1375 623 1404 680; x_wconf 82' lang='lat' dir='ltr'><strong>et</strong></span> <span class='ocrx_word' id='word_1_33' title='bbox 1416 639 1484 699; x_wconf 75' lang='lat' dir='ltr'><strong>epra</strong></span> 
     </span>
     <span class='ocr_line' id='line_1_5' title="bbox 408 700 1484 788; baseline -0.005 -19"><span class='ocrx_word' id='word_1_34' title='bbox 408 707 494 788; x_wconf 77' lang='lat' dir='ltr'><strong>pisam</strong></span> <span class='ocrx_word' id='word_1_35' title='bbox 507 707 710 786; x_wconf 77' lang='lat' dir='ltr'><strong>spectandum</strong></span> <span class='ocrx_word' id='word_1_36' title='bbox 724 705 869 786; x_wconf 81' lang='lat' dir='ltr'><strong>copeaeite</strong></span> <span class='ocrx_word' id='word_1_37' title='bbox 883 703 999 766; x_wconf 71' lang='lat' dir='ltr'><strong>omlis!</strong></span> <span class='ocrx_word' id='word_1_38' title='bbox 1042 700 1276 764; x_wconf 79' lang='lat' dir='ltr'><strong>consurrexere</strong></span> <span class='ocrx_word' id='word_1_39' title='bbox 1289 722 1411 780; x_wconf 88' lang='lat' dir='ltr'><strong>omnes,</strong></span> <span class='ocrx_word' id='word_1_40' title='bbox 1425 723 1484 764; x_wconf 91' lang='lat' dir='ltr'><strong>con</strong></span> 
     </span>
     <span class='ocr_line' id='line_1_6' title="bbox 412 783 1482 874; baseline -0.004 -22"><span class='ocrx_word' id='word_1_41' title='bbox 412 789 556 874; x_wconf 86' lang='lat' dir='ltr'><strong>templati</strong></span> <span class='ocrx_word' id='word_1_42' title='bbox 578 810 619 852; x_wconf 94' lang='lat' dir='ltr'><strong>ue</strong></span> <span class='ocrx_word' id='word_1_43' title='bbox 641 788 662 820; x_wconf 82' lang='lat'><strong>&#39;⁴</strong></span> <span class='ocrx_word' id='word_1_44' title='bbox 672 787 913 873; x_wconf 81' lang='lat' dir='ltr'><strong>trepidationem</strong></span> <span class='ocrx_word' id='word_1_45' title='bbox 935 787 1106 870; x_wconf 76' lang='lat' dir='ltr'><strong>fugamque</strong></span> <span class='ocrx_word' id='word_1_46' title='bbox 1133 783 1285 863; x_wconf 88' lang='lat' dir='ltr'><strong>hostium,</strong></span> <span class='ocrx_word' id='word_1_47' title='bbox 1310 807 1369 869; x_wconf 91' lang='lat' dir='ltr'><strong>pro</strong></span> <span class='ocrx_word' id='word_1_48' title='bbox 1437 808 1482 848; x_wconf 91' lang='lat' dir='ltr'><strong>un</strong></span> 
     </span>
     <span class='ocr_line' id='line_1_7' title="bbox 412 809 1484 1037; baseline -0.004 -17"><span class='ocrx_word' id='word_1_49' title='bbox 412 809 942 1022; x_wconf 57' lang='lat' dir='ltr'><strong>inclinentur</strong></span> <span class='ocrx_word' id='word_1_50' title='bbox 962 869 1242 1037; x_wconf 54' lang='lat' dir='ltr'><strong>notun</strong></span> <span class='ocrx_word' id='word_1_51' title='bbox 1388 871 1484 1017; x_wconf 64' lang='lat' dir='ltr'><strong>th</strong></span> 
     </span>
     <span class='ocr_line' id='line_1_8' title="bbox 413 1035 1484 1125; baseline -0.007 -20"><span class='ocrx_word' id='word_1_52' title='bbox 413 1042 524 1106; x_wconf 90' lang='lat' dir='ltr'><strong>clitum</strong></span> <span class='ocrx_word' id='word_1_53' title='bbox 547 1040 681 1125; x_wconf 81' lang='lat' dir='ltr'>insequi,</span> <span class='ocrx_word' id='word_1_54' title='bbox 708 1039 813 1124; x_wconf 91' lang='lat' dir='ltr'><strong>quoad</strong></span> <span class='ocrx_word' id='word_1_55' title='bbox 835 1046 986 1124; x_wconf 89' lang='lat' dir='ltr'><strong>putarent</strong></span> <span class='ocrx_word' id='word_1_56' title='bbox 1007 1044 1125 1116; x_wconf 90' lang='lat' dir='ltr'><strong>tutum,</strong></span> <span class='ocrx_word' id='word_1_57' title='bbox 1141 1035 1250 1120; x_wconf 84' lang='lat' dir='ltr'><strong>jussit.</strong></span> <span class='ocrx_word' id='word_1_58' title='bbox 1292 1037 1484 1120; x_wconf 77' lang='lat' dir='ltr'><strong>Aliquamdn</strong></span> 
     </span>
     <span class='ocr_line' id='line_1_9' title="bbox 413 1119 1484 1210; baseline -0.006 -21"><span class='ocrx_word' id='word_1_59' title='bbox 413 1125 513 1190; x_wconf 88' lang='lat' dir='ltr'><strong>secuti</strong></span> <span class='ocrx_word' id='word_1_60' title='bbox 527 1133 620 1188; x_wconf 81' lang='lat' dir='ltr'><strong>sunt:</strong></span> <span class='ocrx_word' id='word_1_61' title='bbox 643 1135 813 1210; x_wconf 88' lang='lat' dir='ltr'><strong>postquam</strong></span> <span class='ocrx_word' id='word_1_62' title='bbox 826 1131 918 1187; x_wconf 82' lang='lat' dir='ltr'><strong>terrae</strong></span> <span class='ocrx_word' id='word_1_63' title='bbox 931 1119 1207 1206; x_wconf 69' lang='lat' dir='ltr'><strong>adpropinquabat</strong></span> <span class='ocrx_word' id='word_1_64' title='bbox 1221 1121 1393 1200; x_wconf 81' lang='lat' dir='ltr'><strong>Hannibal,</strong></span> <span class='ocrx_word' id='word_1_65' title='bbox 1408 1123 1484 1184; x_wconf 85' lang='lat' dir='ltr'><strong>verit</strong></span> 
     </span>
     <span class='ocr_line' id='line_1_10' title="bbox 413 1204 1484 1354; baseline -0.006 -80"><span class='ocrx_word' id='word_1_66' title='bbox 413 1231 453 1326; x_wconf 67' lang='lat' dir='ltr'><strong>pe</strong></span> <span class='ocrx_word' id='word_1_67' title='bbox 468 1210 703 1274; x_wconf 88' lang='lat' dir='ltr'><strong>includerentur</strong></span> <span class='ocrx_word' id='word_1_68' title='bbox 717 1215 812 1272; x_wconf 86' lang='lat' dir='ltr'><strong>vento</strong></span> <span class='ocrx_word' id='word_1_69' title='bbox 826 1207 860 1270; x_wconf 91' lang='lat' dir='ltr'><strong>in</strong></span> <span class='ocrx_word' id='word_1_70' title='bbox 873 1205 1015 1304; x_wconf 80' lang='lat' dir='ltr'><strong>hpstium</strong></span> <span class='ocrx_word' id='word_1_71' title='bbox 1027 1226 1092 1284; x_wconf 87' lang='lat' dir='ltr'><strong>ora,</strong></span> <span class='ocrx_word' id='word_1_72' title='bbox 1113 1204 1154 1267; x_wconf 89' lang='lat' dir='ltr'><strong>ad</strong></span> <span class='ocrx_word' id='word_1_73' title='bbox 1169 1205 1352 1270; x_wconf 82' lang='lat' dir='ltr'><strong>Eudamum</strong></span> <span class='ocrx_word' id='word_1_74' title='bbox 1372 1208 1484 1354; x_wconf 48' lang='lat' dir='ltr'><strong>respecti</strong></span> 
     </span>
     <span class='ocr_line' id='line_1_11' title="bbox 414 1295 1406 1476; baseline -0.004 -34"><span class='ocrx_word' id='word_1_75' title='bbox 414 1295 1406 1476; x_wconf 48' lang='lat' dir='ltr'><strong>„trinrantrssnunufflffltnn</strong></span> 
     </span>
     <span class='ocr_line' id='line_1_12' title="bbox 413 1457 1484 1546; baseline -0.004 -20"><span class='ocrx_word' id='word_1_76' title='bbox 413 1483 511 1546; x_wconf 91' lang='lat' dir='ltr'><strong>quam</strong></span> <span class='ocrx_word' id='word_1_77' title='bbox 542 1463 622 1525; x_wconf 88' lang='lat' dir='ltr'><strong>ahus</strong></span> <span class='ocrx_word' id='word_1_78' title='bbox 649 1461 748 1524; x_wconf 86' lang='lat' dir='ltr'><strong>alium</strong></span> <span class='ocrx_word' id='word_1_79' title='bbox 762 1465 963 1537; x_wconf 75' lang='lat' dir='ltr'><strong>accusantes,</strong></span> <span class='ocrx_word' id='word_1_80' title='bbox 984 1457 1082 1541; x_wconf 85' lang='lat' dir='ltr'><strong>quod,</strong></span> <span class='ocrx_word' id='word_1_81' title='bbox 1111 1479 1212 1542; x_wconf 91' lang='lat' dir='ltr'><strong>quum</strong></span> <span class='ocrx_word' id='word_1_82' title='bbox 1235 1457 1403 1542; x_wconf 85' lang='lat' dir='ltr'><strong>potuisset,</strong></span> <span class='ocrx_word' id='word_1_83' title='bbox 1432 1483 1484 1523; x_wconf 77' lang='lat' dir='ltr'><strong>nor</strong></span> 
     </span>
     <span class='ocr_line' id='line_1_13' title="bbox 413 1541 1484 1694; baseline -0.002 -1"><span class='ocrx_word' id='word_1_84' title='bbox 413 1547 517 1693; x_wconf 71' lang='lat' dir='ltr'><strong>3h¹¹³⁸</strong></span> <span class='ocrx_word' id='word_1_85' title='bbox 541 1547 703 1694; x_wconf 58' lang='lat' dir='ltr'><strong>*iim-⁰2⁸³</strong></span> <span class='ocrx_word' id='word_1_86' title='bbox 727 1553 783 1608; x_wconf 62' lang='lat'><strong>‘¹¹¹‘</strong></span> <span class='ocrx_word' id='word_1_87' title='bbox 806 1541 1307 1690; x_wconf 52' lang='lat' dir='ltr'><strong>“ttththhtilhlit</strong></span> <span class='ocrx_word' id='word_1_88' title='bbox 1324 1544 1484 1692; x_wconf 59' lang='lat' dir='ltr'><strong>ifflfflin‘</strong></span> 
     </span>
     <span class='ocr_line' id='line_1_14' title="bbox 412 1649 1484 1812; baseline 0.001 -36"><span class='ocrx_word' id='word_1_89' title='bbox 412 1649 792 1797; x_wconf 46' lang='lat' dir='ltr'><strong>vehiaqrpciafipqppeppp</strong></span> <span class='ocrx_word' id='word_1_90' title='bbox 801 1650 900 1810; x_wconf 54' lang='lat' dir='ltr'><strong>duum</strong></span> <span class='ocrx_word' id='word_1_91' title='bbox 910 1649 1484 1812; x_wconf 51' lang='lat' dir='ltr'><strong>conjhngi&#39;veteringiaecleaui&#39;ddaffi</strong></span> 
     </span>
     <span class='ocr_line' id='line_1_15' title="bbox 434 1795 1484 1882; baseline 0 -22"><span class='ocrx_word' id='word_1_92' title='bbox 434 1797 550 1860; x_wconf 89' lang='lat' dir='ltr'><strong>rimum</strong></span> <span class='ocrx_word' id='word_1_93' title='bbox 565 1805 704 1882; x_wconf 89' lang='lat' dir='ltr'><strong>cuperet.</strong></span> <span class='ocrx_word' id='word_1_94' title='bbox 746 1796 801 1876; x_wconf 87' lang='lat' dir='ltr'><strong>Et,</strong></span> <span class='ocrx_word' id='word_1_95' title='bbox 816 1797 850 1860; x_wconf 80' lang='lat' dir='ltr'><strong>sd</strong></span> <span class='ocrx_word' id='word_1_96' title='bbox 870 1806 930 1860; x_wconf 78' lang='lat' dir='ltr'><strong>ne‘</strong></span> <span class='ocrx_word' id='word_1_97' title='bbox 949 1819 979 1860; x_wconf 85' lang='lat' dir='ltr'><strong>er</strong></span> <span class='ocrx_word' id='word_1_98' title='bbox 994 1797 1093 1860; x_wconf 86' lang='lat' dir='ltr'><strong>facere</strong></span> <span class='ocrx_word' id='word_1_99' title='bbox 1111 1795 1245 1859; x_wconf 89' lang='lat' dir='ltr'><strong>hberum</strong></span> <span class='ocrx_word' id='word_1_100' title='bbox 1265 1803 1359 1876; x_wconf 85' lang='lat' dir='ltr'><strong>esset,</strong></span> <span class='ocrx_word' id='word_1_101' title='bbox 1382 1799 1484 1860; x_wconf 86' lang='lat' dir='ltr'><strong>Rhodi</strong></span> 
     </span>
     <span class='ocr_line' id='line_1_16' title="bbox 411 1819 1484 1966; baseline 0 -22"><span class='ocrx_word' id='word_1_102' title='bbox 411 1819 621 1945; x_wconf 66' lang='lat' dir='ltr'><strong>dhanclitum</strong></span> <span class='ocrx_word' id='word_1_103' title='bbox 636 1903 709 1944; x_wconf 92' lang='lat' dir='ltr'><strong>cum</strong></span> <span class='ocrx_word' id='word_1_104' title='bbox 722 1881 835 1965; x_wconf 79' lang='lat' dir='ltr'><strong>viginti</strong></span> <span class='ocrx_word' id='word_1_105' title='bbox 848 1881 982 1944; x_wconf 84' lang='lat' dir='ltr'><strong>navibus</strong></span> <span class='ocrx_word' id='word_1_106' title='bbox 996 1881 1138 1944; x_wconf 86' lang='lat' dir='ltr'><strong>rostratis</strong></span> <span class='ocrx_word' id='word_1_107' title='bbox 1149 1881 1190 1944; x_wconf 92' lang='lat' dir='ltr'><strong>ad</strong></span> <span class='ocrx_word' id='word_1_108' title='bbox 1205 1881 1317 1944; x_wconf 78' lang='lat' dir='ltr'><strong>Patara</strong></span> <span class='ocrx_word' id='word_1_109' title='bbox 1330 1890 1363 1946; x_wconf 89' lang='lat' dir='ltr'><strong>et</strong></span> <span class='ocrx_word' id='word_1_110' title='bbox 1378 1882 1484 1966; x_wconf 79' lang='lat' dir='ltr'><strong>Megia</strong></span> 
     </span>
     <span class='ocr_line' id='line_1_17' title="bbox 412 1965 1484 2050; baseline 0 -22"><span class='ocrx_word' id='word_1_111' title='bbox 412 1974 465 2028; x_wconf 88' lang='lat' dir='ltr'><strong>ten</strong></span> <span class='ocrx_word' id='word_1_112' title='bbox 478 1975 607 2050; x_wconf 90' lang='lat' dir='ltr'><strong>portum</strong></span> <span class='ocrx_word' id='word_1_113' title='bbox 621 1965 787 2030; x_wconf 87' lang='lat' dir='ltr'><strong>miserunt.</strong></span> <span class='ocrx_word' id='word_1_114' title='bbox 831 1965 1014 2030; x_wconf 81' lang='lat' dir='ltr'><strong>Eudamum</strong></span> <span class='ocrx_word' id='word_1_115' title='bbox 1028 1985 1101 2028; x_wconf 89' lang='lat' dir='ltr'><strong>cum</strong></span> <span class='ocrx_word' id='word_1_116' title='bbox 1117 1973 1238 2050; x_wconf 84' lang='lat' dir='ltr'><strong>septem</strong></span> <span class='ocrx_word' id='word_1_117' title='bbox 1251 1965 1385 2030; x_wconf 88' lang='lat' dir='ltr'><strong>navibus</strong></span> <span class='ocrx_word' id='word_1_118' title='bbox 1399 1968 1484 2030; x_wconf 85' lang='lat' dir='ltr'><strong>maxi</strong></span> 
     </span>
     <span class='ocr_line' id='line_1_18' title="bbox 411 2049 1484 2135; baseline 0 -23"><span class='ocrx_word' id='word_1_119' title='bbox 411 2050 472 2112; x_wconf 88' lang='lat' dir='ltr'><strong>mis</strong></span> <span class='ocrx_word' id='word_1_120' title='bbox 490 2072 529 2114; x_wconf 87' lang='lat' dir='ltr'><strong>ex</strong></span> <span class='ocrx_word' id='word_1_121' title='bbox 548 2071 586 2114; x_wconf 87' lang='lat' dir='ltr'><strong>ea</strong></span> <span class='ocrx_word' id='word_1_122' title='bbox 608 2051 717 2128; x_wconf 88' lang='lat' dir='ltr'><strong>classe,</strong></span> <span class='ocrx_word' id='word_1_123' title='bbox 737 2049 789 2114; x_wconf 92' lang='lat' dir='ltr'><strong>cui</strong></span> <span class='ocrx_word' id='word_1_124' title='bbox 813 2050 992 2135; x_wconf 79' lang='lat' dir='ltr'><strong>praesuerat,</strong></span> <span class='ocrx_word' id='word_1_125' title='bbox 1013 2049 1145 2113; x_wconf 87' lang='lat' dir='ltr'><strong>Samum</strong></span> <span class='ocrx_word' id='word_1_126' title='bbox 1163 2049 1263 2114; x_wconf 82' lang='lat' dir='ltr'><strong>redire</strong></span> <span class='ocrx_word' id='word_1_127' title='bbox 1281 2049 1323 2114; x_wconf 87' lang='lat' dir='ltr'><strong>ad</strong></span> <span class='ocrx_word' id='word_1_128' title='bbox 1336 2052 1484 2114; x_wconf 84' lang='lat' dir='ltr'><strong>Romano</strong></span> 
     </span>
     <span class='ocr_line' id='line_1_19' title="bbox 406 2134 1484 2220; baseline 0 -22"><span class='ocrx_word' id='word_1_129' title='bbox 406 2135 592 2218; x_wconf 82' lang='lat' dir='ltr'><strong>jusserunt3</strong></span> <span class='ocrx_word' id='word_1_130' title='bbox 613 2143 660 2213; x_wconf 88' lang='lat' dir='ltr'><strong>ut,</strong></span> <span class='ocrx_word' id='word_1_131' title='bbox 675 2143 832 2220; x_wconf 89' lang='lat' dir='ltr'><strong>quantum</strong></span> <span class='ocrx_word' id='word_1_132' title='bbox 845 2134 987 2213; x_wconf 86' lang='lat' dir='ltr'><strong>consilio,</strong></span> <span class='ocrx_word' id='word_1_133' title='bbox 1001 2141 1157 2218; x_wconf 89' lang='lat' dir='ltr'><strong>quantum</strong></span> <span class='ocrx_word' id='word_1_134' title='bbox 1171 2134 1356 2200; x_wconf 85' lang='lat' dir='ltr'><strong>auctoritate</strong></span> <span class='ocrx_word' id='word_1_135' title='bbox 1369 2135 1484 2200; x_wconf 84' lang='lat' dir='ltr'><strong>valeret</strong></span> 
     </span>
    </p>

    <p class='ocr_par' dir='ltr' id='par_1_3' title="bbox 244 2218 1484 3150">
     <span class='ocr_line' id='line_1_20' title="bbox 411 2218 1209 2316; baseline 0.003 -34"><span class='ocrx_word' id='word_1_136' title='bbox 411 2241 481 2282; x_wconf 91' lang='lat' dir='ltr'><strong>com</strong></span> <span class='ocrx_word' id='word_1_137' title='bbox 506 2220 613 2284; x_wconf 89' lang='lat' dir='ltr'><strong>elleret</strong></span> <span class='ocrx_word' id='word_1_138' title='bbox 628 2221 790 2284; x_wconf 83' lang='lat' dir='ltr'><strong>Romanos</strong></span> <span class='ocrx_word' id='word_1_139' title='bbox 804 2220 845 2283; x_wconf 92' lang='lat' dir='ltr'><strong>ad</strong></span> <span class='ocrx_word' id='word_1_140' title='bbox 859 2221 972 2284; x_wconf 88' lang='lat' dir='ltr'><strong>Patara</strong></span> <span class='ocrx_word' id='word_1_141' title='bbox 985 2218 1209 2316; x_wconf 69' lang='lat' dir='ltr'><strong>obpugnanda.</strong></span> 
     </span>
     <span class='ocr_line' id='line_1_21' title="bbox 523 2303 1484 2390; baseline 0 -23"><span class='ocrx_word' id='word_1_142' title='bbox 523 2305 563 2368; x_wconf 94' lang='lat' dir='ltr'><strong>V.</strong></span> <span class='ocrx_word' id='word_1_143' title='bbox 587 2305 741 2390; x_wconf 81' lang='lat' dir='ltr'><strong>Magnam</strong></span> <span class='ocrx_word' id='word_1_144' title='bbox 755 2305 898 2370; x_wconf 69' lang='lat' dir='ltr'><strong>laetitiam</strong></span> <span class='ocrx_word' id='word_1_145' title='bbox 914 2303 1066 2368; x_wconf 84' lang='lat' dir='ltr'><strong>Romanis</strong></span> <span class='ocrx_word' id='word_1_146' title='bbox 1079 2324 1147 2387; x_wconf 85' lang='lat' dir='ltr'><strong>Jam</strong></span> <span class='ocrx_word' id='word_1_147' title='bbox 1169 2303 1259 2388; x_wconf 86' lang='lat' dir='ltr'><strong>prius</strong></span> <span class='ocrx_word' id='word_1_148' title='bbox 1281 2303 1417 2368; x_wconf 87' lang='lat' dir='ltr'><strong>nuncius</strong></span> <span class='ocrx_word' id='word_1_149' title='bbox 1432 2305 1484 2368; x_wconf 48' lang='lat' dir='ltr'><strong>vic¹</strong></span> 
     </span>
     <span class='ocr_line' id='line_1_22' title="bbox 410 2387 1484 2473; baseline 0 -21"><span class='ocrx_word' id='word_1_150' title='bbox 410 2389 510 2469; x_wconf 81' lang='lat' dir='ltr'><strong>toriae,</strong></span> <span class='ocrx_word' id='word_1_151' title='bbox 532 2390 644 2454; x_wconf 88' lang='lat' dir='ltr'><strong>deinde</strong></span> <span class='ocrx_word' id='word_1_152' title='bbox 659 2391 815 2456; x_wconf 89' lang='lat' dir='ltr'><strong>adventus</strong></span> <span class='ocrx_word' id='word_1_153' title='bbox 834 2389 949 2454; x_wconf 89' lang='lat' dir='ltr'><strong>adtulit</strong></span> <span class='ocrx_word' id='word_1_154' title='bbox 967 2387 1175 2452; x_wconf 86' lang='lat' dir='ltr'><strong>Rhodiorum.</strong></span> <span class='ocrx_word' id='word_1_155' title='bbox 1211 2397 1244 2452; x_wconf 91' lang='lat' dir='ltr'><strong>et</strong></span> <span class='ocrx_word' id='word_1_156' title='bbox 1267 2388 1446 2473; x_wconf 86' lang='lat' dir='ltr'><strong>adparebat,</strong></span> <span class='ocrx_word' id='word_1_157' title='bbox 1470 2413 1484 2452; x_wconf 86' lang='lat' dir='ltr'><strong>s</strong></span> 
     </span>
     <span class='ocr_line' id='line_1_23' title="bbox 410 2472 1483 2558; baseline -0.002 -22"><span class='ocrx_word' id='word_1_158' title='bbox 410 2493 447 2536; x_wconf 88' lang='lat' dir='ltr'><strong>ea</strong></span> <span class='ocrx_word' id='word_1_159' title='bbox 467 2493 542 2536; x_wconf 89' lang='lat' dir='ltr'><strong>cura</strong></span> <span class='ocrx_word' id='word_1_160' title='bbox 566 2474 700 2537; x_wconf 85' lang='lat' dir='ltr'><strong>Rhodiis</strong></span> <span class='ocrx_word' id='word_1_161' title='bbox 723 2474 830 2538; x_wconf 89' lang='lat' dir='ltr'><strong>demta</strong></span> <span class='ocrx_word' id='word_1_162' title='bbox 854 2481 947 2551; x_wconf 87' lang='lat' dir='ltr'><strong>esset,</strong></span> <span class='ocrx_word' id='word_1_163' title='bbox 963 2493 1080 2536; x_wconf 87' lang='lat' dir='ltr'><strong>vacuos</strong></span> <span class='ocrx_word' id='word_1_164' title='bbox 1103 2493 1157 2536; x_wconf 87' lang='lat' dir='ltr'><strong>eos</strong></span> <span class='ocrx_word' id='word_1_165' title='bbox 1179 2480 1250 2536; x_wconf 87' lang='lat' dir='ltr'><strong>tuta</strong></span> <span class='ocrx_word' id='word_1_166' title='bbox 1271 2472 1340 2558; x_wconf 78' lang='lat' dir='ltr'><strong>qiua</strong></span> <span class='ocrx_word' id='word_1_167' title='bbox 1358 2474 1483 2558; x_wconf 64' lang='lat' dir='ltr'><strong>regioni:</strong></span> 
     </span>
     <span class='ocr_line' id='line_1_24' title="bbox 410 2555 1483 2642; baseline 0.002 -22"><span class='ocrx_word' id='word_1_168' title='bbox 410 2557 508 2620; x_wconf 88' lang='lat' dir='ltr'><strong>maria</strong></span> <span class='ocrx_word' id='word_1_169' title='bbox 526 2565 760 2640; x_wconf 73' lang='lat' dir='ltr'><strong>praestaturos⁸.</strong></span> <span class='ocrx_word' id='word_1_170' title='bbox 797 2557 863 2635; x_wconf 86' lang='lat' dir='ltr'><strong>sed,</strong></span> <span class='ocrx_word' id='word_1_171' title='bbox 884 2557 1036 2642; x_wconf 86' lang='lat' dir='ltr'><strong>profectio</strong></span> <span class='ocrx_word' id='word_1_172' title='bbox 1051 2555 1201 2622; x_wconf 77' lang='lat' dir='ltr'><strong>Antiochi</strong></span> <span class='ocrx_word' id='word_1_173' title='bbox 1215 2557 1256 2622; x_wconf 93' lang='lat' dir='ltr'><strong>ab</strong></span> <span class='ocrx_word' id='word_1_174' title='bbox 1271 2557 1433 2637; x_wconf 80' lang='lat' dir='ltr'><strong>Sardibus,</strong></span> <span class='ocrx_word' id='word_1_175' title='bbox 1455 2581 1483 2622; x_wconf 75' lang='lat' dir='ltr'><strong>nl</strong></span> 
     </span>
     <span class='ocr_line' id='line_1_25' title="bbox 410 2639 1482 2723; baseline 0.005 -22"><span class='ocrx_word' id='word_1_176' title='bbox 410 2640 663 2723; x_wconf 86' lang='lat' dir='ltr'><strong>obprimerentur</strong></span> <span class='ocrx_word' id='word_1_177' title='bbox 687 2639 781 2704; x_wconf 85' lang='lat' dir='ltr'><strong>urbes</strong></span> <span class='ocrx_word' id='word_1_178' title='bbox 803 2641 980 2720; x_wconf 72' lang='lat' dir='ltr'><strong>maritimae,</strong></span> <span class='ocrx_word' id='word_1_179' title='bbox 1001 2641 1021 2674; x_wconf 80' lang='lat'><strong>&#39;&#39;</strong></span> <span class='ocrx_word' id='word_1_180' title='bbox 1032 2641 1198 2706; x_wconf 81' lang='lat' dir='ltr'><strong>abscedere</strong></span> <span class='ocrx_word' id='word_1_181' title='bbox 1222 2641 1366 2706; x_wconf 80' lang='lat' dir='ltr'><strong>erutodia</strong></span> <span class='ocrx_word' id='word_1_182' title='bbox 1395 2643 1482 2706; x_wconf 84' lang='lat' dir='ltr'><strong>Ionia</strong></span> 
     </span>
     <span class='ocr_line' id='line_1_26' title="bbox 409 2722 657 2872; baseline 0.006 -2"><span class='ocrx_word' id='word_1_183' title='bbox 409 2722 862 2872; x_wconf 61' lang='lat' dir='ltr'><strong>a</strong></span> 
     </span>
     <span class='ocr_line' id='line_1_27' title="bbox 245 2855 1481 2978; baseline 0.011 -32"><span class='ocrx_word' id='word_1_184' title='bbox 245 2900 374 2976; x_wconf 55' lang='lat' dir='ltr'><strong>suranus</strong></span> <span class='ocrx_word' id='word_1_185' title='bbox 408 2891 588 2956; x_wconf 88' lang='lat' dir='ltr'><strong>Antiochus</strong></span> <span class='ocrx_word' id='word_1_186' title='bbox 597 2914 662 2958; x_wconf 92' lang='lat' dir='ltr'><strong>non</strong></span> <span class='ocrx_word' id='word_1_187' title='bbox 674 2893 848 2958; x_wconf 88' lang='lat' dir='ltr'><strong>civitatium</strong></span> <span class='ocrx_word' id='word_1_188' title='bbox 857 2855 1280 2978; x_wconf 79' lang='lat' dir='ltr'><strong>mbdo,quaechcaseerant,</strong></span> <span class='ocrx_word' id='word_1_189' title='bbox 1290 2896 1481 2960; x_wconf 90' lang='lat' dir='ltr'><strong>contraheba</strong></span> 
     </span>
     <span class='ocr_line' id='line_1_28' title="bbox 244 2964 1480 3124; baseline 0.002 -84"><span class='ocrx_word' id='word_1_190' title='bbox 244 2964 350 3073; x_wconf 43' lang='lat' dir='ltr'><strong>{effi</strong></span> <span class='ocrx_word' id='word_1_191' title='bbox 365 2965 396 3012; x_wconf 73' lang='lat'><strong>“¹</strong></span> <span class='ocrx_word' id='word_1_192' title='bbox 407 2977 575 3124; x_wconf 75' lang='lat' dir='ltr'><strong>praesidia3</strong></span> <span class='ocrx_word' id='word_1_193' title='bbox 598 2979 654 3042; x_wconf 88' lang='lat' dir='ltr'><strong>sed</strong></span> <span class='ocrx_word' id='word_1_194' title='bbox 668 2979 709 3042; x_wconf 92' lang='lat' dir='ltr'><strong>ad</strong></span> <span class='ocrx_word' id='word_1_195' title='bbox 730 2979 884 3058; x_wconf 86' lang='lat' dir='ltr'><strong>Pmsiam,</strong></span> <span class='ocrx_word' id='word_1_196' title='bbox 906 2979 1068 3064; x_wconf 75' lang='lat' dir='ltr'><strong>Bithynice</strong></span> <span class='ocrx_word' id='word_1_197' title='bbox 1089 3001 1207 3065; x_wconf 74' lang='lat' dir='ltr'><strong>regem,</strong></span> <span class='ocrx_word' id='word_1_198' title='bbox 1228 2980 1355 3044; x_wconf 89' lang='lat' dir='ltr'><strong>miserat</strong></span> <span class='ocrx_word' id='word_1_199' title='bbox 1373 2981 1480 3065; x_wconf 83' lang='lat' dir='ltr'><strong>legato</strong></span> 
     </span>
     <span class='ocr_line' id='line_1_29' title="bbox 244 3063 1480 3150; baseline 0.004 -25"><span class='ocrx_word' id='word_1_200' title='bbox 244 3092 351 3139; x_wconf 55' lang='lat' dir='ltr'><strong>,mim</strong></span> <span class='ocrx_word' id='word_1_201' title='bbox 419 3069 585 3147; x_wconf 74' lang='lat' dir='ltr'><strong>uerasque,</strong></span> <span class='ocrx_word' id='word_1_202' title='bbox 595 3063 712 3147; x_wconf 86' lang='lat' dir='ltr'><strong>quibus</strong></span> <span class='ocrx_word' id='word_1_203' title='bbox 723 3065 893 3128; x_wconf 85' lang='lat' dir='ltr'><strong>transitum</strong></span> <span class='ocrx_word' id='word_1_204' title='bbox 903 3063 937 3128; x_wconf 90' lang='lat' dir='ltr'><strong>in</strong></span> <span class='ocrx_word' id='word_1_205' title='bbox 948 3064 1058 3128; x_wconf 83' lang='lat' dir='ltr'><strong>Asiam</strong></span> <span class='ocrx_word' id='word_1_206' title='bbox 1070 3065 1285 3130; x_wconf 85' lang='lat' dir='ltr'><strong>Romanorum</strong></span> <span class='ocrx_word' id='word_1_207' title='bbox 1296 3064 1480 3150; x_wconf 88' lang='lat' dir='ltr'><strong>increpabat</strong></span> 
     </span>
    </p>
   </div>
   <div class='ocr_carea' id='block_1_3' title="bbox 407 3147 1479 3316">
    <p class='ocr_par' dir='ltr' id='par_1_4' title="bbox 407 3147 1479 3316">
     <span class='ocr_line' id='line_1_30' title="bbox 413 3147 1479 3231; baseline 0.004 -22"><span class='ocrx_word' id='word_1_208' title='bbox 413 3147 521 3210; x_wconf 85' lang='lat' dir='ltr'><strong>Venire</strong></span> <span class='ocrx_word' id='word_1_209' title='bbox 544 3167 594 3210; x_wconf 85' lang='lat' dir='ltr'><strong>eos</strong></span> <span class='ocrx_word' id='word_1_210' title='bbox 615 3147 658 3212; x_wconf 86' lang='lat' dir='ltr'><strong>ad</strong></span> <span class='ocrx_word' id='word_1_211' title='bbox 680 3151 781 3212; x_wconf 86' lang='lat' dir='ltr'><strong>omnio</strong></span> <span class='ocrx_word' id='word_1_212' title='bbox 804 3170 899 3231; x_wconf 76' lang='lat' dir='ltr'><strong>repen</strong></span> <span class='ocrx_word' id='word_1_213' title='bbox 920 3150 1063 3228; x_wconf 82' lang='lat' dir='ltr'><strong>tollenda,</strong></span> <span class='ocrx_word' id='word_1_214' title='bbox 1085 3156 1119 3212; x_wconf 87' lang='lat' dir='ltr'><strong>st</strong></span> <span class='ocrx_word' id='word_1_215' title='bbox 1138 3151 1253 3214; x_wconf 72' lang='lat' dir='ltr'><strong>murem</strong></span> <span class='ocrx_word' id='word_1_216' title='bbox 1272 3170 1397 3231; x_wconf 67' lang='lat' dir='ltr'><strong>mptum</strong></span> <span class='ocrx_word' id='word_1_217' title='bbox 1412 3153 1479 3213; x_wconf 82' lang='lat' dir='ltr'><strong>orbi</strong></span> 
     </span>
     <span class='ocr_line' id='line_1_31' title="bbox 407 3233 1479 3316; baseline 0.006 -24"><span class='ocrx_word' id='word_1_218' title='bbox 407 3233 644 3311; x_wconf 63' lang='lat' dir='ltr'><strong>invenenatus·</strong></span> <span class='ocrx_word' id='word_1_219' title='bbox 657 3233 837 3312; x_wconf 71' lang='lat' dir='ltr'><strong>Hostanen,</strong></span> <span class='ocrx_word' id='word_1_220' title='bbox 851 3235 1010 3316; x_wconf 74' lang='lat' dir='ltr'><strong>imperium</strong></span> <span class='ocrx_word' id='word_1_221' title='bbox 1027 3239 1113 3298; x_wconf 79' lang='lat' dir='ltr'><strong>earet.</strong></span> <span class='ocrx_word' id='word_1_222' title='bbox 1156 3235 1331 3316; x_wconf 70' lang='lat' dir='ltr'><strong>Philippum</strong></span> <span class='ocrx_word' id='word_1_223' title='bbox 1345 3242 1375 3298; x_wconf 86' lang='lat' dir='ltr'><strong>et</strong></span> <span class='ocrx_word' id='word_1_224' title='bbox 1389 3235 1479 3298; x_wconf 76' lang='lat' dir='ltr'><strong>Nobi</strong></span> 
     </span>
    </p>
   </div>
   <div class='ocr_carea' id='block_1_4' title="bbox 465 3366 1408 3492">
    <p class='ocr_par' dir='ltr' id='par_1_5' title="bbox 465 3366 1408 3492">
     <span class='ocr_line' id='line_1_32' title="bbox 465 3366 1408 3428; baseline 0.012 -20"><span class='ocrx_word' id='word_1_225' title='bbox 465 3366 710 3425; x_wconf 75' lang='lat' dir='ltr'><strong>tsssslilneqseGron.</strong></span> <span class='ocrx_word' id='word_1_226' title='bbox 723 3367 792 3414; x_wconf 80' lang='lat' dir='ltr'><strong>Cres.</strong></span> <span class='ocrx_word' id='word_1_227' title='bbox 886 3368 987 3416; x_wconf 64' lang='lat' dir='ltr'><strong>*ntra</strong></span> <span class='ocrx_word' id='word_1_228' title='bbox 998 3367 1074 3414; x_wconf 73' lang='lat' dir='ltr'><strong>beka.</strong></span> <span class='ocrx_word' id='word_1_229' title='bbox 1170 3371 1330 3428; x_wconf 73' lang='lat' dir='ltr'><strong>&#39;praetitaroa</strong></span> <span class='ocrx_word' id='word_1_230' title='bbox 1341 3369 1408 3418; x_wconf 78' lang='lat' dir='ltr'><strong>Cres.</strong></span> 
     </span>
     <span class='ocr_line' id='line_1_33' title="bbox 570 3425 1252 3492; baseline 0.007 -17"><span class='ocrx_word' id='word_1_231' title='bbox 570 3425 806 3489; x_wconf 65' lang='lat' dir='ltr'><strong>lprsssclodnts&#39;oela</strong></span> <span class='ocrx_word' id='word_1_232' title='bbox 815 3461 914 3480; x_wconf 89' lang='grc'><strong>......</strong></span> <span class='ocrx_word' id='word_1_233' title='bbox 923 3434 1088 3492; x_wconf 78' lang='lat' dir='ltr'><strong>prslstlurast</strong></span> <span class='ocrx_word' id='word_1_234' title='bbox 1098 3431 1173 3480; x_wconf 71' lang='lat' dir='ltr'><strong>(iton</strong></span> <span class='ocrx_word' id='word_1_235' title='bbox 1185 3433 1252 3480; x_wconf 81' lang='lat' dir='ltr'><strong>Cres.</strong></span> 
     </span>
    </p>
   </div>
   <div class='ocr_carea' id='block_1_5' title="bbox 236 3534 1477 4556">
    <p class='ocr_par' dir='ltr' id='par_1_6' title="bbox 240 3534 1477 3924">
     <span class='ocr_line' id='line_1_34' title="bbox 264 3534 1477 3608; baseline 0.011 -27"><span class='ocrx_word' id='word_1_236' title='bbox 264 3534 304 3608; x_wconf 25' lang='lat'><strong>‘74</strong></span> <span class='ocrx_word' id='word_1_237' title='bbox 324 3535 515 3600; x_wconf 79' lang='lat' dir='ltr'><strong>Trepidotiesess]</strong></span> <span class='ocrx_word' id='word_1_238' title='bbox 534 3539 629 3600; x_wconf 80' lang='lat' dir='ltr'><strong>Aliquot</strong></span> <span class='ocrx_word' id='word_1_239' title='bbox 639 3541 706 3588; x_wconf 81' lang='lat' dir='ltr'>MSS.</span> <span class='ocrx_word' id='word_1_240' title='bbox 719 3543 781 3590; x_wconf 86' lang='lat' dir='ltr'><strong>inter</strong></span> <span class='ocrx_word' id='word_1_241' title='bbox 792 3559 850 3604; x_wconf 84' lang='lat' dir='ltr'><strong>quoa</strong></span> <span class='ocrx_word' id='word_1_242' title='bbox 882 3545 947 3592; x_wconf 88' lang='lat' dir='ltr'><strong>libris</strong></span> <span class='ocrx_word' id='word_1_243' title='bbox 964 3545 1024 3591; x_wconf 87' lang='lat' dir='ltr'><strong>nihil</strong></span> <span class='ocrx_word' id='word_1_244' title='bbox 1035 3559 1153 3592; x_wconf 87' lang='lat' dir='ltr'><strong>conamur.</strong></span> <span class='ocrx_word' id='word_1_245' title='bbox 1188 3545 1256 3592; x_wconf 79' lang='lat' dir='ltr'><strong>Hanc</strong></span> <span class='ocrx_word' id='word_1_246' title='bbox 1268 3545 1338 3592; x_wconf 76' lang='lat' dir='ltr'><strong>tuisse</strong></span> <span class='ocrx_word' id='word_1_247' title='bbox 1352 3545 1412 3592; x_wconf 82' lang='lat' dir='ltr'><strong>Livii</strong></span> <span class='ocrx_word' id='word_1_248' title='bbox 1423 3559 1477 3594; x_wconf 80' lang='lat' dir='ltr'><strong>men</strong></span> 
     </span>
     <span class='ocr_line' id='line_1_35' title="bbox 244 3598 1476 3668; baseline 0.011 -26"><span class='ocrx_word' id='word_1_249' title='bbox 244 3598 382 3656; x_wconf 76' lang='lat' dir='ltr'><strong>Victorinus,</strong></span> <span class='ocrx_word' id='word_1_250' title='bbox 395 3601 564 3650; x_wconf 77' lang='lat' dir='ltr'><strong>dubitationem</strong></span> <span class='ocrx_word' id='word_1_251' title='bbox 582 3605 612 3650; x_wconf 86' lang='lat' dir='ltr'><strong>de</strong></span> <span class='ocrx_word' id='word_1_252' title='bbox 630 3605 674 3652; x_wconf 89' lang='lat' dir='ltr'><strong>hoc</strong></span> <span class='ocrx_word' id='word_1_253' title='bbox 685 3606 736 3653; x_wconf 87' lang='lat' dir='ltr'><strong>loco</strong></span> <span class='ocrx_word' id='word_1_254' title='bbox 747 3615 850 3664; x_wconf 82' lang='lat' dir='ltr'><strong>movent,</strong></span> <span class='ocrx_word' id='word_1_255' title='bbox 882 3615 930 3654; x_wconf 85' lang='lat' dir='ltr'><strong>tem</strong></span> <span class='ocrx_word' id='word_1_256' title='bbox 943 3609 1091 3664; x_wconf 78' lang='lat' dir='ltr'><strong>arbitramur,</strong></span> <span class='ocrx_word' id='word_1_257' title='bbox 1103 3615 1130 3654; x_wconf 88' lang='lat' dir='ltr'><strong>ut</strong></span> <span class='ocrx_word' id='word_1_258' title='bbox 1148 3607 1236 3654; x_wconf 86' lang='lat' dir='ltr'><strong>diceret</strong></span> <span class='ocrx_word' id='word_1_259' title='bbox 1248 3609 1395 3664; x_wconf 78' lang='lat' dir='ltr'><strong>Annibalem,</strong></span> <span class='ocrx_word' id='word_1_260' title='bbox 1407 3624 1476 3668; x_wconf 83' lang='lat' dir='ltr'><strong>quam</strong></span> 
     </span>
     <span class='ocr_line' id='line_1_36' title="bbox 242 3665 1476 3734; baseline 0.01 -27"><span class='ocrx_word' id='word_1_261' title='bbox 242 3675 284 3720; x_wconf 86' lang='lat' dir='ltr'><strong>pro</strong></span> <span class='ocrx_word' id='word_1_262' title='bbox 296 3665 466 3722; x_wconf 67' lang='lat' dir='ltr'><strong>trepidatione·</strong></span> <span class='ocrx_word' id='word_1_263' title='bbox 476 3667 643 3716; x_wconf 85' lang='lat' dir='ltr'><strong>substituentes</strong></span> <span class='ocrx_word' id='word_1_264' title='bbox 654 3675 849 3732; x_wconf 69' lang='lat' dir='ltr'><strong>erpagastiesesa</strong></span> <span class='ocrx_word' id='word_1_265' title='bbox 882 3672 916 3718; x_wconf 87' lang='lat' dir='ltr'><strong>sis</strong></span> <span class='ocrx_word' id='word_1_266' title='bbox 933 3671 1013 3732; x_wconf 67' lang='lat' dir='ltr'><strong>prelio</strong></span> <span class='ocrx_word' id='word_1_267' title='bbox 1029 3673 1126 3718; x_wconf 78' lang='lat' dir='ltr'><strong>adrem</strong></span> <span class='ocrx_word' id='word_1_268' title='bbox 1143 3671 1223 3728; x_wconf 84' lang='lat' dir='ltr'><strong>ictum,</strong></span> <span class='ocrx_word' id='word_1_269' title='bbox 1240 3687 1270 3720; x_wconf 90' lang='lat' dir='ltr'><strong>ne</strong></span> <span class='ocrx_word' id='word_1_270' title='bbox 1288 3681 1336 3720; x_wconf 85' lang='lat' dir='ltr'><strong>tam</strong></span> <span class='ocrx_word' id='word_1_271' title='bbox 1346 3673 1476 3734; x_wconf 73' lang='lat' dir='ltr'><strong>improsper</strong></span> 
     </span>
     <span class='ocr_line' id='line_1_37' title="bbox 242 3725 1476 3796; baseline 0.011 -27"><span class='ocrx_word' id='word_1_272' title='bbox 242 3725 301 3770; x_wconf 85' lang='lat' dir='ltr'><strong>inde</strong></span> <span class='ocrx_word' id='word_1_273' title='bbox 317 3725 366 3772; x_wconf 81' lang='lat' dir='ltr'><strong>lac.</strong></span> <span class='ocrx_word' id='word_1_274' title='bbox 381 3727 512 3776; x_wconf 81' lang='lat' dir='ltr'><strong>Gronovius</strong></span> <span class='ocrx_word' id='word_1_275' title='bbox 528 3731 573 3792; x_wconf 73' lang='lat' dir='ltr'><strong>legi</strong></span> <span class='ocrx_word' id='word_1_276' title='bbox 591 3747 658 3792; x_wconf 87' lang='lat' dir='ltr'><strong>posse</strong></span> <span class='ocrx_word' id='word_1_277' title='bbox 676 3742 744 3794; x_wconf 88' lang='lat' dir='ltr'><strong>putat</strong></span> <span class='ocrx_word' id='word_1_278' title='bbox 761 3741 848 3782; x_wconf 76' lang='lat' dir='ltr'><strong>aretar-</strong></span> <span class='ocrx_word' id='word_1_279' title='bbox 881 3736 977 3796; x_wconf 88' lang='lat' dir='ltr'><strong>quidem</strong></span> <span class='ocrx_word' id='word_1_280' title='bbox 999 3749 1107 3782; x_wconf 90' lang='lat' dir='ltr'><strong>successu</strong></span> <span class='ocrx_word' id='word_1_281' title='bbox 1129 3735 1267 3782; x_wconf 86' lang='lat' dir='ltr'><strong>deterritum</strong></span> <span class='ocrx_word' id='word_1_282' title='bbox 1288 3751 1346 3792; x_wconf 90' lang='lat' dir='ltr'><strong>esse,</strong></span> <span class='ocrx_word' id='word_1_283' title='bbox 1365 3737 1476 3796; x_wconf 85' lang='lat' dir='ltr'><strong>quominu</strong></span> 
     </span>
     <span class='ocr_line' id='line_1_38' title="bbox 240 3791 1370 3862; baseline 0.011 -28"><span class='ocrx_word' id='word_1_284' title='bbox 240 3791 359 3862; x_wconf 68' lang='lat' dir='ltr'><strong>setiam</strong></span> <span class='ocrx_word' id='word_1_285' title='bbox 393 3791 466 3838; x_wconf 87' lang='lat' dir='ltr'><strong>Nobis</strong></span> <span class='ocrx_word' id='word_1_286' title='bbox 485 3795 559 3853; x_wconf 77' lang='lat' dir='ltr'><strong>magis</strong></span> <span class='ocrx_word' id='word_1_287' title='bbox 577 3795 652 3855; x_wconf 89' lang='lat' dir='ltr'><strong>placet</strong></span> <span class='ocrx_word' id='word_1_288' title='bbox 668 3797 693 3842; x_wconf 88' lang='lat' dir='ltr'><strong>in</strong></span> <span class='ocrx_word' id='word_1_289' title='bbox 705 3799 799 3856; x_wconf 75' lang='lat' dir='ltr'><strong>vulgato</strong></span> <span class='ocrx_word' id='word_1_290' title='bbox 810 3812 849 3844; x_wconf 90' lang='lat' dir='ltr'><strong>ac·</strong></span> <span class='ocrx_word' id='word_1_291' title='bbox 883 3799 978 3857; x_wconf 83' lang='lat' dir='ltr'><strong>Lyciam</strong></span> <span class='ocrx_word' id='word_1_292' title='bbox 990 3799 1128 3860; x_wconf 74' lang='lat' dir='ltr'><strong>pretersehi</strong></span> <span class='ocrx_word' id='word_1_293' title='bbox 1140 3799 1165 3844; x_wconf 92' lang='lat' dir='ltr'><strong>in</strong></span> <span class='ocrx_word' id='word_1_294' title='bbox 1177 3799 1255 3846; x_wconf 86' lang='lat' dir='ltr'><strong>animo</strong></span> <span class='ocrx_word' id='word_1_295' title='bbox 1267 3799 1370 3846; x_wconf 87' lang='lat' dir='ltr'><strong>haberet.</strong></span> 
     </span>
     <span class='ocr_line' id='line_1_39' title="bbox 240 3861 1475 3924; baseline 0.011 -28"><span class='ocrx_word' id='word_1_296' title='bbox 240 3865 367 3910; x_wconf 75' lang='lat' dir='ltr'><strong>quiescere.</strong></span> <span class='ocrx_word' id='word_1_297' title='bbox 913 3861 944 3916; x_wconf 70' lang='lat'><strong>77</strong></span> <span class='ocrx_word' id='word_1_298' title='bbox 961 3863 1086 3910; x_wconf 76' lang='lat' dir='ltr'><strong>discedere</strong></span> <span class='ocrx_word' id='word_1_299' title='bbox 1108 3863 1210 3908; x_wconf 76' lang='lat' dir='ltr'><strong>castratio</strong></span> <span class='ocrx_word' id='word_1_300' title='bbox 1313 3865 1475 3924; x_wconf 64' lang='lat' dir='ltr'><strong>pohitserust</strong></span> 
     </span>
    </p>

    <p class='ocr_par' dir='ltr' id='par_1_7' title="bbox 238 3915 1475 4242">
     <span class='ocr_line' id='line_1_40' title="bbox 272 3915 1475 3985; baseline 0.012 -25"><span class='ocrx_word' id='word_1_301' title='bbox 272 3915 303 3968; x_wconf 74' lang='lat'><strong>7⁶</strong></span> <span class='ocrx_word' id='word_1_302' title='bbox 320 3915 441 3975; x_wconf 76' lang='lat' dir='ltr'><strong>Heptersts</strong></span> <span class='ocrx_word' id='word_1_303' title='bbox 452 3951 458 3963; x_wconf 91' lang='lat'><em>.</em></span> <span class='ocrx_word' id='word_1_304' title='bbox 470 3949 477 3965; x_wconf 89' lang='lat'><strong>.</strong></span> <span class='ocrx_word' id='word_1_305' title='bbox 490 3950 496 3964; x_wconf 91' lang='lat'><strong>.</strong></span> <span class='ocrx_word' id='word_1_306' title='bbox 508 3949 515 3964; x_wconf 86' lang='lat'>.</span> <span class='ocrx_word' id='word_1_307' title='bbox 527 3935 577 3980; x_wconf 74' lang='lat' dir='ltr'><strong>qao</strong></span> <span class='ocrx_word' id='word_1_308' title='bbox 589 3923 663 3980; x_wconf 77' lang='lat' dir='ltr'><strong>priseo</strong></span> <span class='ocrx_word' id='word_1_309' title='bbox 677 3938 784 3971; x_wconf 72' lang='lat' dir='ltr'><strong>mares</strong></span> <span class='ocrx_word' id='word_1_310' title='bbox 802 3925 849 3972; x_wconf 84' lang='lat' dir='ltr'><strong>icto</strong></span> <span class='ocrx_word' id='word_1_311' title='bbox 882 3925 982 3972; x_wconf 83' lang='lat' dir='ltr'><strong>Romani</strong></span> <span class='ocrx_word' id='word_1_312' title='bbox 999 3925 1168 3985; x_wconf 87' lang='lat' dir='ltr'><strong>prohibuerunt</strong></span> <span class='ocrx_word' id='word_1_313' title='bbox 1181 3925 1285 3972; x_wconf 85' lang='lat' dir='ltr'><strong>Rhodios</strong></span> <span class='ocrx_word' id='word_1_314' title='bbox 1300 3927 1423 3972; x_wconf 88' lang='lat' dir='ltr'><strong>abacedere</strong></span> <span class='ocrx_word' id='word_1_315' title='bbox 1436 3939 1475 3974; x_wconf 89' lang='lat' dir='ltr'><strong>cus</strong></span> 
     </span>
     <span class='ocr_line' id='line_1_41' title="bbox 239 3976 1474 4054; baseline 0.011 -30"><span class='ocrx_word' id='word_1_316' title='bbox 239 3976 302 4054; x_wconf 61' lang='lat' dir='ltr'><strong>pepi]</strong></span> <span class='ocrx_word' id='word_1_317' title='bbox 321 3979 363 4025; x_wconf 86' lang='lat' dir='ltr'><strong>Vel</strong></span> <span class='ocrx_word' id='word_1_318' title='bbox 374 3981 443 4026; x_wconf 87' lang='lat' dir='ltr'><strong>sliam</strong></span> <span class='ocrx_word' id='word_1_319' title='bbox 454 3981 575 4042; x_wconf 81' lang='lat' dir='ltr'><strong>hepterem</strong></span> <span class='ocrx_word' id='word_1_320' title='bbox 591 3985 703 4044; x_wconf 72' lang='lat' dir='ltr'><strong>intellige,</strong></span> <span class='ocrx_word' id='word_1_321' title='bbox 714 4001 785 4046; x_wconf 87' lang='lat' dir='ltr'><strong>quarn</strong></span> <span class='ocrx_word' id='word_1_322' title='bbox 796 4003 848 4048; x_wconf 77' lang='lat' dir='ltr'><strong>qun</strong></span> <span class='ocrx_word' id='word_1_323' title='bbox 881 3988 945 4036; x_wconf 83' lang='lat' dir='ltr'><strong>todia</strong></span> <span class='ocrx_word' id='word_1_324' title='bbox 956 3989 1029 4036; x_wconf 79' lang='lat' dir='ltr'><strong>lenire</strong></span> <span class='ocrx_word' id='word_1_325' title='bbox 1040 3997 1063 4034; x_wconf 91' lang='lat' dir='ltr'><strong>et</strong></span> <span class='ocrx_word' id='word_1_326' title='bbox 1076 3989 1181 4035; x_wconf 79' lang='lat' dir='ltr'><strong>AEolidla</strong></span> <span class='ocrx_word' id='word_1_327' title='bbox 1200 3991 1309 4036; x_wconf 88' lang='lat' dir='ltr'><strong>Ceterum</strong></span> <span class='ocrx_word' id='word_1_328' title='bbox 1321 3991 1394 4035; x_wconf 86' lang='lat' dir='ltr'><strong>multo</strong></span> <span class='ocrx_word' id='word_1_329' title='bbox 1406 3991 1474 4038; x_wconf 78' lang='lat' dir='ltr'><strong>metio</strong></span> 
     </span>
     <span class='ocr_line' id='line_1_42' title="bbox 239 4043 1474 4112; baseline 0.013 -26"><span class='ocrx_word' id='word_1_330' title='bbox 239 4051 307 4088; x_wconf 81' lang='lat' dir='ltr'><strong>rnttro</strong></span> <span class='ocrx_word' id='word_1_331' title='bbox 318 4043 391 4102; x_wconf 75' lang='lat' dir='ltr'><strong>prelii</strong></span> <span class='ocrx_word' id='word_1_332' title='bbox 404 4045 511 4092; x_wconf 87' lang='lat' dir='ltr'><strong>demersa</strong></span> <span class='ocrx_word' id='word_1_333' title='bbox 522 4047 619 4094; x_wconf 90' lang='lat' dir='ltr'><strong>dicitur:</strong></span> <span class='ocrx_word' id='word_1_334' title='bbox 638 4049 674 4094; x_wconf 85' lang='lat' dir='ltr'><strong>vel</strong></span> <span class='ocrx_word' id='word_1_335' title='bbox 683 4049 707 4096; x_wconf 91' lang='lat' dir='ltr'><strong>in</strong></span> <span class='ocrx_word' id='word_1_336' title='bbox 719 4049 760 4096; x_wconf 88' lang='lat' dir='ltr'><strong>illc</strong></span> <span class='ocrx_word' id='word_1_337' title='bbox 772 4052 848 4110; x_wconf 89' lang='lat' dir='ltr'><strong>priore</strong></span> <span class='ocrx_word' id='word_1_338' title='bbox 880 4060 904 4098; x_wconf 88' lang='lat' dir='ltr'><strong>et</strong></span> <span class='ocrx_word' id='word_1_339' title='bbox 922 4053 1014 4112; x_wconf 86' lang='lat' dir='ltr'><strong>planius</strong></span> <span class='ocrx_word' id='word_1_340' title='bbox 1032 4059 1080 4097; x_wconf 90' lang='lat' dir='ltr'><strong>tota</strong></span> <span class='ocrx_word' id='word_1_341' title='bbox 1096 4053 1204 4112; x_wconf 85' lang='lat' dir='ltr'><strong>periodus</strong></span> <span class='ocrx_word' id='word_1_342' title='bbox 1220 4053 1244 4099; x_wconf 92' lang='lat' dir='ltr'><strong>in</strong></span> <span class='ocrx_word' id='word_1_343' title='bbox 1261 4053 1324 4099; x_wconf 88' lang='lat' dir='ltr'><strong>hunc</strong></span> <span class='ocrx_word' id='word_1_344' title='bbox 1335 4053 1430 4098; x_wconf 87' lang='lat' dir='ltr'><strong>modurn</strong></span> <span class='ocrx_word' id='word_1_345' title='bbox 1442 4053 1474 4102; x_wconf 84' lang='lat' dir='ltr'><strong>sot</strong></span> 
     </span>
     <span class='ocr_line' id='line_1_43' title="bbox 239 4105 1473 4176; baseline 0.011 -26"><span class='ocrx_word' id='word_1_346' title='bbox 239 4105 847 4172; x_wconf 81' lang='lat' dir='ltr'><strong>iocodesaerscnihilaliuderit.quamitaperl&#39;orsta,</strong></span> <span class='ocrx_word' id='word_1_347' title='bbox 880 4123 998 4162; x_wconf 81' lang='lat' dir='ltr'><strong>meretur:</strong></span> <span class='ocrx_word' id='word_1_348' title='bbox 1022 4117 1063 4162; x_wconf 78' lang='lat' dir='ltr'><strong>aed</strong></span> <span class='ocrx_word' id='word_1_349' title='bbox 1078 4112 1188 4176; x_wconf 68' lang='lat' dir='ltr'><strong>projicite</strong></span> <span class='ocrx_word' id='word_1_350' title='bbox 1207 4117 1313 4164; x_wconf 77' lang='lat' dir='ltr'><strong>Antiochi</strong></span> <span class='ocrx_word' id='word_1_351' title='bbox 1329 4118 1359 4162; x_wconf 83' lang='lat' dir='ltr'><strong>ab</strong></span> <span class='ocrx_word' id='word_1_352' title='bbox 1378 4117 1473 4164; x_wconf 78' lang='lat' dir='ltr'><strong>Sardibs</strong></span> 
     </span>
     <span class='ocr_line' id='line_1_44' title="bbox 238 4171 1473 4242; baseline 0.012 -30"><span class='ocrx_word' id='word_1_353' title='bbox 238 4177 264 4212; x_wconf 88' lang='lat' dir='ltr'><strong>ut</strong></span> <span class='ocrx_word' id='word_1_354' title='bbox 276 4184 361 4230; x_wconf 86' lang='lat' dir='ltr'><strong>aquam</strong></span> <span class='ocrx_word' id='word_1_355' title='bbox 372 4171 494 4232; x_wconf 86' lang='lat' dir='ltr'><strong>acciperet,</strong></span> <span class='ocrx_word' id='word_1_356' title='bbox 507 4181 531 4218; x_wconf 90' lang='lat' dir='ltr'><strong>et</strong></span> <span class='ocrx_word' id='word_1_357' title='bbox 542 4173 638 4232; x_wconf 91' lang='lat' dir='ltr'><strong>paulum</strong></span> <span class='ocrx_word' id='word_1_358' title='bbox 650 4175 744 4222; x_wconf 87' lang='lat' dir='ltr'><strong>sideret.</strong></span> <span class='ocrx_word' id='word_1_359' title='bbox 879 4209 903 4224; x_wconf 90' lang='lat'><strong>..</strong></span> <span class='ocrx_word' id='word_1_360' title='bbox 917 4211 923 4224; x_wconf 87' lang='lat'>.</span> <span class='ocrx_word' id='word_1_361' title='bbox 935 4211 941 4224; x_wconf 92' lang='lat'>.</span> <span class='ocrx_word' id='word_1_362' title='bbox 953 4181 1071 4226; x_wconf 81' lang='lat' dir='ltr'><strong>nlacsdsre</strong></span> <span class='ocrx_word' id='word_1_363' title='bbox 1084 4177 1213 4238; x_wconf 82' lang='lat' dir='ltr'><strong>(Rhodios)</strong></span> <span class='ocrx_word' id='word_1_364' title='bbox 1225 4181 1326 4226; x_wconf 69' lang='lat' dir='ltr'><strong>melodia</strong></span> <span class='ocrx_word' id='word_1_365' title='bbox 1338 4181 1406 4226; x_wconf 82' lang='lat' dir='ltr'><strong>lonlae</strong></span> <span class='ocrx_word' id='word_1_366' title='bbox 1421 4187 1473 4242; x_wconf 80' lang='lat' dir='ltr'><strong>atqa</strong></span> 
     </span>
    </p>

    <p class='ocr_par' dir='ltr' id='par_1_8' title="bbox 236 4229 1473 4556">
     <span class='ocr_line' id='line_1_45' title="bbox 270 4229 1473 4304; baseline 0.009 -24"><span class='ocrx_word' id='word_1_367' title='bbox 270 4229 302 4286; x_wconf 72' lang='grc'><strong>76</strong></span> <span class='ocrx_word' id='word_1_368' title='bbox 318 4235 422 4282; x_wconf 77' lang='lat' dir='ltr'><strong>Annibal</strong></span> <span class='ocrx_word' id='word_1_369' title='bbox 442 4265 489 4282; x_wconf 77' lang='grc' dir='ltr'><strong>..Ρ</strong></span> <span class='ocrx_word' id='word_1_370' title='bbox 509 4243 593 4284; x_wconf 74' lang='lat' dir='ltr'><strong>netues</strong></span> <span class='ocrx_word' id='word_1_371' title='bbox 610 4240 699 4298; x_wconf 78' lang='lat' dir='ltr'><strong>qnidam</strong></span> <span class='ocrx_word' id='word_1_372' title='bbox 714 4243 848 4298; x_wconf 77' lang='lat' dir='ltr'><strong>praeuroelss&#39;</strong></span> <span class='ocrx_word' id='word_1_373' title='bbox 879 4243 977 4289; x_wconf 79' lang='lat' dir='ltr'><strong>AEolidis</strong></span> <span class='ocrx_word' id='word_1_374' title='bbox 991 4243 1114 4304; x_wconf 75' lang='lat' dir='ltr'><strong>prohibuit.</strong></span> <span class='ocrx_word' id='word_1_375' title='bbox 1149 4243 1181 4290; x_wconf 83' lang='lat' dir='ltr'><strong>Et</strong></span> <span class='ocrx_word' id='word_1_376' title='bbox 1196 4243 1228 4288; x_wconf 89' lang='lat' dir='ltr'><strong>sic</strong></span> <span class='ocrx_word' id='word_1_377' title='bbox 1240 4243 1309 4302; x_wconf 89' lang='lat' dir='ltr'><strong>plane</strong></span> <span class='ocrx_word' id='word_1_378' title='bbox 1322 4243 1395 4288; x_wconf 80' lang='lat' dir='ltr'><strong>Medii</strong></span> <span class='ocrx_word' id='word_1_379' title='bbox 1413 4258 1473 4292; x_wconf 84' lang='lat' dir='ltr'><strong>mesu</strong></span> 
     </span>
     <span class='ocr_line' id='line_1_46' title="bbox 237 4295 1472 4365; baseline 0.011 -25"><span class='ocrx_word' id='word_1_380' title='bbox 237 4295 333 4355; x_wconf 60' lang='lat' dir='ltr'><strong>tactas</strong></span> <span class='ocrx_word' id='word_1_381' title='bbox 350 4295 460 4360; x_wconf 65' lang='lat' dir='ltr'><strong>csdsbd]</strong></span> <span class='ocrx_word' id='word_1_382' title='bbox 486 4301 536 4346; x_wconf 83' lang='lat' dir='ltr'><strong>tloc</strong></span> <span class='ocrx_word' id='word_1_383' title='bbox 557 4301 683 4346; x_wconf 86' lang='lat' dir='ltr'><strong>absurdum</strong></span> <span class='ocrx_word' id='word_1_384' title='bbox 703 4309 751 4348; x_wconf 74' lang='lat' dir='ltr'><strong>estc</strong></span> <span class='ocrx_word' id='word_1_385' title='bbox 781 4305 847 4362; x_wconf 83' lang='lat' dir='ltr'><strong>quasi</strong></span> <span class='ocrx_word' id='word_1_386' title='bbox 879 4305 957 4350; x_wconf 79' lang='lat' dir='ltr'><strong>branae</strong></span> <span class='ocrx_word' id='word_1_387' title='bbox 974 4313 997 4352; x_wconf 87' lang='lat' dir='ltr'><strong>et</strong></span> <span class='ocrx_word' id='word_1_388' title='bbox 1013 4305 1128 4360; x_wconf 84' lang='lat' dir='ltr'><strong>Andreas,</strong></span> <span class='ocrx_word' id='word_1_389' title='bbox 1150 4305 1195 4352; x_wconf 89' lang='lat' dir='ltr'><strong>nisi</strong></span> <span class='ocrx_word' id='word_1_390' title='bbox 1213 4307 1275 4365; x_wconf 88' lang='lat' dir='ltr'><strong>quod</strong></span> <span class='ocrx_word' id='word_1_391' title='bbox 1294 4307 1472 4356; x_wconf 88' lang='lat' dir='ltr'><strong>retinueruntr</strong></span> 
     </span>
     <span class='ocr_line' id='line_1_47' title="bbox 237 4361 1472 4429; baseline 0.015 -29"><span class='ocrx_word' id='word_1_392' title='bbox 237 4371 291 4404; x_wconf 88' lang='lat' dir='ltr'><strong>vero</strong></span> <span class='ocrx_word' id='word_1_393' title='bbox 312 4361 388 4408; x_wconf 82' lang='lat' dir='ltr'><strong>clades</strong></span> <span class='ocrx_word' id='word_1_394' title='bbox 411 4371 505 4424; x_wconf 89' lang='lat' dir='ltr'><strong>accepta</strong></span> <span class='ocrx_word' id='word_1_395' title='bbox 530 4364 620 4410; x_wconf 88' lang='lat' dir='ltr'><strong>animos</strong></span> <span class='ocrx_word' id='word_1_396' title='bbox 641 4365 750 4412; x_wconf 88' lang='lat' dir='ltr'><strong>Annibali</strong></span> <span class='ocrx_word' id='word_1_397' title='bbox 770 4366 846 4413; x_wconf 84' lang='lat' dir='ltr'><strong>iacere</strong></span> <span class='ocrx_word' id='word_1_398' title='bbox 876 4370 1046 4428; x_wconf 77' lang='lat' dir='ltr'><strong>prohibuerant,</strong></span> <span class='ocrx_word' id='word_1_399' title='bbox 1059 4369 1122 4428; x_wconf 88' lang='lat' dir='ltr'><strong>qnod</strong></span> <span class='ocrx_word' id='word_1_400' title='bbox 1132 4369 1256 4416; x_wconf 78' lang='lat' dir='ltr'><strong>manifesta</strong></span> <span class='ocrx_word' id='word_1_401' title='bbox 1268 4369 1357 4416; x_wconf 89' lang='lat' dir='ltr'><strong>ratione</strong></span> <span class='ocrx_word' id='word_1_402' title='bbox 1369 4371 1472 4429; x_wconf 75' lang='lat' dir='ltr'><strong>corrigii</strong></span> 
     </span>
     <span class='ocr_line' id='line_1_48' title="bbox 236 4421 1472 4494; baseline 0.013 -28"><span class='ocrx_word' id='word_1_403' title='bbox 236 4421 353 4494; x_wconf 79' lang='lat' dir='ltr'><strong>debuisset</strong></span> <span class='ocrx_word' id='word_1_404' title='bbox 372 4425 402 4470; x_wconf 87' lang='lat' dir='ltr'><strong>sd</strong></span> <span class='ocrx_word' id='word_1_405' title='bbox 419 4427 578 4486; x_wconf 70' lang='lat' dir='ltr'><strong>pangendum</strong></span> <span class='ocrx_word' id='word_1_406' title='bbox 596 4427 722 4488; x_wconf 87' lang='lat' dir='ltr'><strong>inceptum.</strong></span> <span class='ocrx_word' id='word_1_407' title='bbox 756 4430 845 4476; x_wconf 85' lang='lat' dir='ltr'><strong>Vitium</strong></span> <span class='ocrx_word' id='word_1_408' title='bbox 877 4431 921 4477; x_wconf 88' lang='lat' dir='ltr'><strong>hae</strong></span> <span class='ocrx_word' id='word_1_409' title='bbox 936 4433 1047 4478; x_wconf 86' lang='lat' dir='ltr'><strong>orationis</strong></span> <span class='ocrx_word' id='word_1_410' title='bbox 1064 4433 1193 4480; x_wconf 84' lang='lat' dir='ltr'><strong>mutatione</strong></span> <span class='ocrx_word' id='word_1_411' title='bbox 1212 4447 1306 4480; x_wconf 86' lang='lat' dir='ltr'><strong>neceese</strong></span> <span class='ocrx_word' id='word_1_412' title='bbox 1324 4443 1367 4480; x_wconf 84' lang='lat' dir='ltr'><strong>est</strong></span> <span class='ocrx_word' id='word_1_413' title='bbox 1402 4436 1472 4482; x_wconf 60' lang='lat' dir='ltr'><strong>Victo*</strong></span> 
     </span>
     <span class='ocr_line' id='line_1_49' title="bbox 236 4485 1471 4556; baseline 0.016 -28"><span class='ocrx_word' id='word_1_414' title='bbox 236 4485 337 4532; x_wconf 85' lang='lat' dir='ltr'><strong>rendere</strong></span> <span class='ocrx_word' id='word_1_415' title='bbox 349 4487 441 4535; x_wconf 85' lang='lat' dir='ltr'><strong>videtur</strong></span> <span class='ocrx_word' id='word_1_416' title='bbox 456 4491 480 4536; x_wconf 89' lang='lat' dir='ltr'><strong>in</strong></span> <span class='ocrx_word' id='word_1_417' title='bbox 499 4493 569 4537; x_wconf 83' lang='lat' dir='ltr'><strong>verbo</strong></span> <span class='ocrx_word' id='word_1_418' title='bbox 589 4493 695 4540; x_wconf 65' lang='lat' dir='ltr'><strong>mdabat.</strong></span> <span class='ocrx_word' id='word_1_419' title='bbox 728 4494 775 4542; x_wconf 80' lang='lat' dir='ltr'><strong>sed</strong></span> <span class='ocrx_word' id='word_1_420' title='bbox 794 4495 844 4540; x_wconf 88' lang='lat' dir='ltr'><strong>sine</strong></span> <span class='ocrx_word' id='word_1_421' title='bbox 877 4496 1053 4556; x_wconf 85' lang='lat' dir='ltr'><strong>quoquecodes</strong></span> <span class='ocrx_word' id='word_1_422' title='bbox 1066 4495 1159 4556; x_wconf 73' lang='lat' dir='ltr'><strong>prefert</strong></span> <span class='ocrx_word' id='word_1_423' title='bbox 1170 4499 1343 4554; x_wconf 66' lang='lat' dir='ltr'><strong>Antiochiano</strong></span> <span class='ocrx_word' id='word_1_424' title='bbox 1356 4500 1471 4548; x_wconf 74' lang='lat' dir='ltr'><strong>Antiocho.</strong></span> 
     </span>
    </p>
   </div>
   <div class='ocr_carea' id='block_1_6' title="bbox 0 0 1552 4954">
    <p class='ocr_par' dir='ltr' id='par_1_9' title="bbox 0 0 1552 4954">
     <span class='ocr_line' id='line_1_50' title="bbox 0 0 1552 4954; baseline 0 3"><span class='ocrx_word' id='word_1_425' title='bbox 0 0 1552 4954; x_wconf 95' lang='lat' dir='ltr'><strong> </strong></span> 
     </span>
    </p>
   </div>
  </div>
 </body>
</html>
