3118 5002
427 359 515 424 LIB.
538 359 649 426 XLII.
686 361 782 427 CAP.
805 365 879 429 XV.
1298 375 1358 438 341

106 513 140 575 in
163 531 282 595 regern,
297 507 384 608 quod
405 508 576 594 Lyciorum
600 519 727 595 gentem
752 513 901 576 adversus
926 515 1069 580 Rhodios
1093 516 1197 580 conci·
1212 539 1343 588 uorsa

106 605 216 674 tasset,
230 615 418 679 graviorque
433 593 518 657 Asiae
532 604 625 673 esset,
640 617 735 678 quam
749 597 928 660 Antiochus
939 597 1070 662 ficisset:
1093 622 1196 699 popu·
1210 604 1238 648 Α·
1250 603 1275 649 0·
1291 601 1342 658 lta

106 681 205 743 larem
243 679 350 742 uidem
368 699 405 740 ac
429 687 551 762 gratam
574 680 702 764 populis
716 681 802 744 Asia:
818 683 903 762 (nam
923 705 960 746 eo
984 705 1109 782 quoque
1127 707 1196 768 Jam

106 766 196 828 favor
220 701 327 827 i‘ersei
352 765 492 846 venerat)
524 763 697 826 orationem
725 765 854 829 habuit:
892 776 1032 830 ceterum
1061 769 1195 833 mvisam

107 847 242 925 senatui,
256 847 464 930 inutilemque
480 847 541 910 sibi
564 855 596 909 et
617 847 735 911 civitati
751 871 827 913 auae.
871 850 1009 914 Eumeni
1024 874 1098 916 vero
1120 875 1194 918 eon-

108 932 238 1017 spiratio
267 932 417 995 adversus
446 953 520 994 eum
548 931 687 995 favorem
716 934 802 1018 apud
831 935 994 998 Romanos
1022 937 1106 1001 fecit.
1149 938 1194 1002 ita

107 1038 219 1080 omnes
233 1016 262 1079 ei
275 1017 412 1078 honores
426 1015 535 1094 habiti,
550 1015 695 1099 donaque
710 1039 806 1101 quam
820 1020 1014 1104 amplissima
1026 1021 1109 1100 data,
1119 1043 1194 1088 cum

107 1101 184 1164 sella
198 1101 298 1164 curuli
313 1110 410 1183 atque
421 1099 559 1163 eburneo
576 1100 726 1185 scipione.

149 1185 223 1248 XV.
246 1184 474 1268 legationibus
497 1184 645 1263 dimissis,
660 1207 760 1269 quum
776 1187 947 1271 Harpalus,
963 1189 1111 1272 ⁸⁰quanta
1127 1191 1193 1254 exi·

106 1269 189 1332 mia·
203 1269 359 1332 celeritate
382 1275 515 1353 poterat,
528 1290 690 1354 regressus
713 1271 745 1334 in
766 1272 996 1351 Macedoniarn,
1011 1275 1193 1340 nunciasset

104 1355 182 1501 regi,
196 1354 339 1417 nondum
354 1352 482 1436 quidem
495 1363 642 1438 parantes
657 1354 776 1418 bellum
787 1355 950 1439 reliquisse
971 1378 1004 1420 se
1020 1359 1191 1440 Romanos,

105 1459 139 1502 se
185 1438 230 1501 ita
250 1438 391 1516 infestos,
414 1446 452 1500 ut
474 1438 564 1502 facile
590 1439 629 1501 ad
654 1449 764 1519 areret,
787 1462 852 1504 non
875 1441 1045 1522 dilaturos3
1067 1444 1123 1506 eti
1147 1467 1191 1524 se,

103 1531 317 1608 praeterquam
332 1522 417 1605 quod
430 1531 462 1585 et
476 1521 521 1586 ita
534 1461 680 1587 credebat
694 1524 849 1604 fututum,
859 1525 927 1609 jan:
948 1526 1041 1590 etiam
1055 1467 1191 1610 volebat,

104 1611 127 1643 '¹
139 1607 173 1671 in
188 1607 264 1670 flore
278 1607 391 1670 virium
406 1628 439 1670 se
453 1607 583 1670 credens
598 1629 675 1672 esse.
706 1609 844 1672 Eumeni
854 1619 927 1674 ante
937 1633 1047 1676 omnes
1057 1612 1231 1678 infestustn
1245 1624 1332 1672 Eume·

102 1699 191 1756 erat:
213 1714 233 1754 a
245 1691 337 1776 cujus
350 1691 502 1776 sanguine
517 1692 643 1756 ordiens
658 1693 788 1774 bellum,
799 1695 984 1760 Evandrum
994 1696 1189 1778 Cretensem,
1202 1703 1256 1734 ”²¹¹¹
1268 1703 1321 1748 W·

102 1777 217 1841 ducem
238 1775 438 1856 auxiliorum,
462 1785 494 1840 et
519 1778 712 1842 Macedonas
738 1787 813 1859 tres,
836 1781 984 1844 adsuetos
1008 1782 1190 1848 ministeriis
1202 1767 1305 1862 fflff'

101 1863 214 1926 talium
238 1863 424 1939 facinorum,
446 1861 487 1924 ad
510 1862 629 1926 eaedem
650 1863 732 1948 regis
759 1865 929 1930 subornat:
952 1865 1119 1950 literaeque
1144 1869 1189 1932 eis
1203 1880 1307 1928 ternus.

102 1948 158 2011 dat
172 1949 212 2011 ad
227 1949 330 2012 Praxo
345 1945 513 2031 hospitam,
528 1947 704 2033 principem
723 1950 908 2013 auctoritate
930 1959 962 2014 et
983 1952 1098 2036 opibus
1113 1954 1190 2016 Del·

126 2034 250 2096 horum.
294 2031 378 2095 Satis
394 2031 569 2110 constabat,
584 2033 772 2112 Eumenem,
787 2041 825 2097 ιιι
839 2035 1027 2098 sacrificaret
1037 2037 1189 2134 Apollini,

101 2055 248 2202 ilelpbos
262 2116 515 2180 adscensurumt
560 2117 777 2202 ⁸¹Progmsi¹²
799 2140 873 2182 cum
895 2119 1044 2182 Evandro
1062 2121 1188 2185 maidie-

101 2211 199 2280 tores,
213 2201 293 2264 nihil
306 2200 391 2265 aliud
406 2201 447 2264 ad
461 2201 675 2286 peragendum
690 2202 864 2287 inceptum,
880 2224 976 2285 quam
991 2203 1051 2268 loci
1073 2226 1189 2301 oppor-

99 2285 283 2364 tunitatem,
299 2285 405 2350 omnia
418 2285 660 2364 circumeuntes,
671 2287 865 2369 quaerebant.
887 2286 1164 2352 Adscendentrbus
1174 2299 1189 2330 ¹

100 2372 142 2434 ad
157 2370 312 2455 templum
334 2393 353 2433 a
369 2370 491 2449 Cirrha,
507 2370 693 2455 priusquam
716 2371 934 2455 perveniretur
956 2372 997 2434 ad
1013 2373 1189 2454 frequentia

100 2456 244 2519 aedificiis
254 2455 332 2533 loca,
346 2455 480 2518 maceria
491 2463 558 2518 erat
571 2456 612 2519 ab
626 2455 704 2518 laeva
719 2455 839 2519 semitae
853 2455 998 2542 paullum
1008 2467 1156 2520 exstans!
1170 2477 1189 2520 a

101 2541 319 2624 fundamento,
336 2561 400 2624 qua
413 2539 529 2624 singuli
544 2540 731 2619 transirent:
754 2541 865 2604 dextra
879 2563 952 2626 pars
967 2541 1036 2605 labe
1047 2549 1139 2606 terrae
1154 2541 1189 2606 in

101 2625 299 2708 aliquantum
313 2624 490 2688 altitudinis
509 2625 635 2688 diruta¹
659 2634 735 2690 erat.
762 2634 837 2711 post
858 2626 1024 2690 maceriam
1045 2648 1078 2690 se
1100 2627 1188 2690 abdi-

101 2710 228 2788 derunt,
250 2709 401 2794 gradibus
425 2709 605 2789 adstructis,
629 2717 667 2774 ut
688 2733 727 2774 ex
747 2733 794 2790 ea,
808 2711 896 2775 velut
919 2733 937 2775 e
959 2733 1060 2790 muro,
1074 2711 1137 2776 tela
1154 2711 1187 2776 in

99 2803 345 2879 praetereuntem
360 2794 561 2859 con'icerent.
603 2795 625 2826 ‘⁸
636 2797 742 2859 Primo
757 2797 869 2859 amari
883 2795 1073 2861 circumfusa
1093 2797 1188 2860 turba

99 2881 273 2943 amicorum
287 2899 324 2942 ac
340 2817 511 2942 sateliitum
521 2880 729 2964 procedebat:
746 2880 858 2944 deinde
870 2881 1082 2944 extenuabant
1096 2881 1187 2965 paul-

99 2964 189 3027 latim
204 2962 360 3048 angustiae
374 2985 497 3048 agmen.
542 2964 608 3028 Ubi
621 2965 662 3027 ad
680 2985 754 3027 eum
775 2965 882 3028 locum
895 2973 1026 3028 ventum
1050 2971 1110 3043 est,
1124 2987 1188 3048 qua

99 3047 235 3132 singulis
257 3047 398 3110 eundum
420 3054 497 3125 erat,
519 3048 641 3132 primus
664 3047 809 3111 semitam
830 3049 990 3132 ingressus
1015 3049 1187 3111 Pantaleon

98 3132 230 3196 AEtolioe
244 3131 402 3216 princeps,
418 3153 492 3195 cum
506 3153 570 3216 quo
593 3131 760 3196 institutus
782 3132 848 3218 regi
867 3153 969 3196 sermo
983 3140 1058 3195 erat.
1101 3133 1185 3198 Τιιιιι

98 3217 299 3280 insidiatores
327 3216 428 3280 exorti
455 3237 530 3280 saxa
558 3218 621 3281 duo
649 3217 792 3303 ingentia
822 3217 1012 3281 devolvunt:
1048 3238 1184 3301 quorum
1199 3215 1349 3266 susanae:-

98 3303 198 3365 altero
222 3301 439 3386 caputiatum
463 3313 512 3364 est
535 3302 612 3386 regi,
627 3303 724 3366 altero
747 3302 930 3365 “humerus
954 3301 1086 3386 sopitus.
1116 3302 1185 3365 “ex
1197 3279 1348 3404 ffiifqiiat·

98 3387 212 3449 semita
225 3385 356 3484 proclivi
371 3385 405 3448 in
421 3385 539 3450 declive
558 3386 668 3450 multis
692 3409 789 3472 super
808 3387 992 3486 prolapsum
1009 3385 1078 3472 jam
1101 3386 1184 3450 saxis
1197 3409 1240 3454 su:
1251 3409 1293 3454 ou-

97 3479 290 3555 oongestrs¹,
315 3479 347 3533 et
369 3470 464 3534 ceteri
488 3470 616 3554 quidem
639 3471 734 3534 etiarn
754 3493 926 3535 amicorum
948 3479 980 3534 et
1003 3471 1184 3552 satellitum,
1197 3479 1277 3518 munt.

129 3619 250 3664 'nmina
262 3617 357 3677 Kreyss.
370 3617 447 3665 aeta
496 3615 654 3666 ieseerssarusr
665 3619 730 3666 End.
779 3624 793 3653 ὓ
805 3619 932 3680 Prngrsssi
943 3619 1010 3665 (trev.
1021 3619 1117 3680 Kreyss.
1129 3619 1205 3667 asts.

97 3685 112 3715 ¹
124 3682 293 3728 accedentibus
305 3681 400 3742 Kreyss.
414 3681 490 3728 Belslr.
555 3685 689 3729 iesetaatis
701 3683 795 3742 Kreyss.
891 3683 1010 3741 'derepto
1023 3682 1118 3743 Kreyss.
1128 3683 1205 3731 uekt.

96 3747 397 3870 :ammitriqiifflu
409 3761 437 3792 se
447 3748 526 3794 emito
534 3747 631 3806 poetici
642 3750 690 3794 rsit
701 3748 725 3794 ia
736 3747 828 3804 medae,
843 3747 920 3793 uultis
936 3759 1004 3805 seper
1017 3746 1206 3808 prdopmesjsss

129 3935 163 3981 bb
181 3933 273 3983 tho
288 3929 383 3993 exieris]
403 3933 471 3993 uegit
488 3935 551 3981 idem
567 3935 707 3990 Gronovius,
739 3935 836 3990 amari,
855 3935 917 3994 quod
937 3935 1044 3982 Cirrham
1062 3937 1137 3993 alluit,
1156 3936 1272 3984 escensuri
1292 3936 1348 3982 Del·

96 3999 298 4058 qaaateerseissa.
740 3999 805 4060 phos.
839 3999 1013 4058 Cirrhsportus
1026 4001 1171 4062 Delphorum
1187 4009 1229 4048 ert.
1264 3999 1350 4046 ltidern

130 4061 160 4107 til
180 4061 208 4106 Ia
219 4061 277 4119 flore
293 4063 376 4107 urta·
390 4075 415 4107 se
425 4062 516 4108 eredens
526 4057 585 4122 esse]
604 4061 708 4108 Credens
742 4063 877 4108 Plutarchus
889 4064 949 4109 hanc
961 4065 1032 4123 ipsam
1046 4079 1095 4110 rem
1108 4065 1237 4110 narrsnsin
1249 4063 1308 4108 libro
1319 4064 1350 4110 de

96 4125 142 4170 ribi
154 4125 222 4180 vires,
233 4123 257 4170 ld
268 4134 311 4179 est,
320 4124 406 4184 copies,
415 4133 546 4184 apparatus,
557 4141 620 4186 opes,
629 4126 709 4172 omnis
742 4123 855 4172 Fraterno
867 4127 960 4182 Amore,
973 4129 1051 4172 scribit
1066 4129 1162 4174 insidias
1174 4126 1274 4172 Eumeni
1287 4127 1350 4185 poei-

97 4188 201 4246 denique
219 4189 248 4234 sd
265 4189 353 4234 bellum
368 4187 460 4234 fortiter
471 4187 614 4249 feliciterque
625 4203 709 4249 geren-
742 4197 777 4235 tss
788 4203 861 4249 quum
873 4190 917 4236 iret
934 4189 999 4252 πρὸς
1015 4189 1061 4238 τὸν
1072 4189 1130 4238 θεὸν
1146 4187 1199 4236 ἀπὸ
1210 4185 1349 4246 θαλάσσης.

97 4252 156 4296 dum
175 4253 317 4311 adjumenta,
340 4265 391 4298 esse
413 4251 438 4297 in
460 4252 510 4312 ipso
532 4253 595 4308 flore,
615 4253 639 4299 in
660 4255 710 4313 ipso
743 4253 839 4300 Frustra
849 4267 905 4314 ergo
917 4255 1049 4300 Gronovius
1060 4256 1123 4300 hunc
1133 4253 1192 4298 bivii
1204 4254 1281 4298 locum
1297 4267 1348 4298 sue·

96 4313 185 4374 integri
202 4315 399 4375 roborlsrigore:
417 4329 445 4361 se
462 4316 600 4376 proludeiis
613 4319 663 4377 J'sm
676 4318 709 4363 uti
741 4325 834 4378 pectam
865 4317 944 4372 habet,
973 4327 1098 4377 censetque
1126 4315 1252 4376 legendum
1276 4319 1351 4377 priseo

97 4387 264 4438 tempmesse.
741 4384 837 4442 agnina
871 4381 1093 4428 Nihitmutsndum.

130 4443 162 4489 ὁὶ
187 4437 326 4504 Psaegresei]
363 4441 489 4502 Sequimur
521 4443 709 4492 emendationem
773 4445 806 4490 ot
823 4445 960 4492 etium
978 4440 1076 4505 sopitus]
1098 4443 1350 4501 Humeruslteelisus,

97 4505 220 4552 Gronorii.
253 4505 330 4565 Vulgo
338 4509 461 4568 progrust
742 4517 768 4554 ut
780 4517 869 4554 motum
880 4521 1021 4567 sensumque
1033 4508 1157 4554 emitteret.

131 4569 164 4616 53
179 4569 258 4618 Prius
274 4585 289 4618 e
304 4567 375 4632 neri]
394 4570 471 4618 Primo
482 4571 538 4618 dum
554 4573 710 4633 procedebant
774 4573 806 4618 ob
823 4572 1052 4632 Εεκιιϋιιρνωιινι
1069 4575 1093 4620 ιἰι
1110 4568 1207 4634 Miles]
1226 4573 1350 4622 Possumus
