3118 5002
197 331 261 396 ,02
793 309 1026 376 uumvu

363 636 442 712 e'us,
457 639 613 716 quantum
627 649 650 712 q
721 647 762 690 ue
776 633 895 711 posset,
908 626 1047 692 mrbtum
1060 647 1185 712 engere
1193 627 1315 712 jussus.
1352 627 1456 694 Simul

364 659 537 794 demotum,
551 722 590 778 ιιι
604 714 624 748 ²¹
636 649 855 778 &duodus
866 717 989 808 praetor
1005 711 1162 776 militibus
1175 712 1309 796 legionis
1324 721 1459 795 quarte,
1557 733 1558 746 ¹

365 813 399 869 et
413 800 533 868 onam
547 797 656 866 Latini
670 795 808 862 nominis
819 817 961 878 qumque
974 795 1127 874 millibus,
1138 795 1300 880 equitibus
1311 796 1460 864 ducentis

366 884 606 972 quinquaginta,
621 881 710 946 Pisas
724 889 762 944 ut
776 880 991 959 convenirent,
1006 881 1161 959 ediceret,
1182 901 1316 964 eamque
1330 881 1462 966 proriu-
1542 949 1547 964 ‚

367 973 459 1050 dam,
473 970 552 1034 dum
566 965 679 1030 consul
692 965 767 1030 inde
781 965 916 1044 abesset,
928 972 1107 1030 tutareturs
1130 965 1179 1030 M.
1190 965 1330 1030 'litinius
1341 973 1462 1050 praetor

366 1056 524 1142 legionem
546 1052 692 1136 primam,
716 1070 826 1134 parem
846 1070 1015 1114 nummum
1034 1049 1193 1114 sociorum
1212 1049 1359 1134 peditum
1373 1049 1464 1132 aqui-

367 1148 511 1223 tumque,
527 1136 707 1200 Ariminum
722 1133 889 1198 oonvenire
898 1133 1036 1282 jlqberet.
1080 1135 1167 1198 Nero
1185 1134 1357 1218 paludatus
1373 1133 1465 1198 Pisas

368 1225 402 1288 in
416 1221 612 1308 provinciam
625 1228 674 1284 cst
687 1218 858 1304 profectus.
931 1218 1050 1296 tinius,
1065 1217 1104 1282 Ο.
1114 1218 1225 1282 Cassio
1234 1218 1366 1284 tribuno
1379 1218 1465 1284 mili-

370 1317 441 1372 tum
454 1305 645 1385 Ariminum,
659 1303 714 1388 qui
736 1310 888 1388 preesset
905 1303 1032 1387 legioni,
1050 1302 1159 1380 misso,
1177 1303 1334 1368 delectum
1352 1304 1466 1368 Romae

370 1393 492 1460 babuit.
535 1391 585 1455 M.
596 1389 715 1454 Junius
730 1387 852 1466 consul,
865 1409 905 1451 ex
918 1387 1092 1472 Liguribus
1111 1387 1145 1450 in
1166 1387 1363 1472 provinciam
1383 1387 1464 1454 Gal·

371 1479 447 1542 liam
459 1487 685 1560 musgresous,
698 1473 822 1536 auxiliis
836 1471 983 1556 protinus
996 1493 1055 1574 per
1064 1471 1206 1536 civitates
1219 1472 1334 1536 Gallim
1349 1471 1371 1506 ¹⁸
1379 1473 1466 1538 mili·

371 1563 524 1646 tibusque
537 1558 673 1624 colonis¹
694 1557 866 1642 imperatis,
889 1557 1068 1640 Aquileiam
1087 1556 1242 1656 pervenit.
1286 1557 1338 1620 Ibi
1352 1557 1469 1622 certior
1546 1570 1555 1676 p

372 1647 486 1724 factus,
501 1643 673 1710 exercitum
687 1641 879 1704 incolumem
892 1663 971 1720 csse,
986 1641 1113 1740 scriptia
1134 1641 1233 1705 literis
1255 1642 1404 1720 Romam,
1426 1664 1469 1708 nc
1556 1693 1558 1714 ,

371 1730 654 1805 tumultuarentur,
680 1725 760 1810 ipse,
787 1725 927 1790 remissis
952 1727 1087 1805 auxiliis,
1111 1747 1184 1810 quac
1206 1725 1308 1790 Gallis
1331 1726 1469 1826 impera·
1548 1724 1553 1795 l

372 1821 470 1892 vemt,
485 1813 526 1876 ad
540 1811 601 1876 coll
702 1810 936 1896 estprofectus.
972 1813 1209 1896 Romaemagua
1223 1831 1262 1874 ex
1276 1821 1469 1896 necopinato

372 1897 483 1964 laetitia
496 1896 574 1960 suit:
589 1831 730 1960 dfflus
745 1895 882 1959 omissus
897 1904 964 1960 este
978 1895 1253 1994 exauctoratiqui
1268 1905 1469 1962 sacramento
1551 1968 1554 1983 ,

374 1983 535 2048 dismanta
557 1989 590 2045 ct
612 1980 778 2059 exercitus,
801 1981 857 2066 qui
876 1980 1013 2046 Arimini
1035 1980 1217 2068 pestrleatra
1229 1979 1374 2044 adfecttss
1390 1990 1469 2058 erat,
1550 2012 1553 2047 ε

374 2068 506 2132 domum
534 2066 693 2130 dimissus.
739 2066 815 2132 Istri
842 2066 966 2151 magnis
994 2065 1094 2150 copiis
1122 2087 1222 2148 quum
1251 2073 1355 2130 caatm
1380 2067 1470 2130 haud
1551 2062 1556 2159 l

374 2152 486 2240 procul
500 2151 640 2217 consulis
654 2151 765 2215 matris
778 2150 942 2230 baberent,
963 2158 1134 2234 postquam
1149 2151 1284 2214 altemm
1298 2151 1469 2216 consulem
1551 2162 1556 2211 .·

375 2259 450 2302 cum
472 2237 612 2302 exercitu
633 2259 716 2302 novo
740 2235 904 2300 advenisse
930 2236 1108 2314 audienmt,
1129 2235 1249 2320 passim
1269 2235 1303 2300 in
1324 2235 1470 2300 civitates
1545 2242 1558 2316 ι

376 2323 492 2408 dilapsi
505 2331 601 2387 seinte
623 2321 769 2386 consules
782 2320 961 2405 Aquileiam
978 2319 1012 2383 in
1034 2319 1167 2384 hiberna
1188 2319 1329 2404 legiones
1353 2321 1471 2384 redux·
1546 2337 1555 2440 p

377 2416 480 2471 esunt.

418 2492 478 2554 vl.
500 2491 617 2554 Sedato
638 2491 766 2553 tonde·
782 2489 896 2554 lstrico
909 2489 1062 2568 tumultu,
1076 2489 1392 2554 senatusconsultum
1405 2489 1470 2553 sac·
1547 2554 1550 2565 ,

377 2583 447 2638 tum
470 2583 529 2652 est,
553 2583 591 2637 ut
612 2574 757 2637 consules
782 2573 866 2636 iuter
894 2594 928 2637 se
950 2582 1179 2658 compararant,
1197 2582 1271 2637 uter
1289 2595 1402 2640 corum
1429 2575 1471 2638 ad

377 2657 504 2720 comitia
517 2657 663 2720 habenda
678 2659 813 2720 Romam
827 2657 953 2721 rediret.
997 2659 1109 2725 Quum
1126 2658 1292 2722 absentem
1307 2659 1470 2722 Manlium

376 2740 498 2804 tribuni
535 2741 625 2819 lebis,
649 2739 719 2804 ιἈ.
735 2741 878 2804 Licinius
893 2743 1001 2806 Nerva
1014 2751 1047 2806 et
1060 2743 1098 2807 G.
1113 2742 1257 2828 Papirius
1271 2743 1413 2822 Τιιιιιιιιι,
1436 2743 1470 2808 in

377 2763 582 2890 concionibus
595 2825 777 2903 lacerarent,
791 2825 1050 2910 rogationemque
1064 2828 1312 2912 promulgarent,
1322 2849 1363 2890 ue
1373 2827 1470 2892 Man·
1553 2881 1558 2900 ,

377 2909 440 2976 lius
459 2919 534 2996 post
553 2910 632 2974 Idus
652 2910 786 2974 Martias
802 2913 991 3010 (prorogatae
1006 2933 1143 2996 namque
1156 2911 1341 2976 oonsulibus
1351 2913 1422 2997 jam
1436 2913 1470 2975 in
1545 2944 1554 3039 p

378 3017 499 3060 annum
514 2995 684 3082 provinciae
697 2997 797 3078 eraut)
814 2997 983 3081 smperium
997 2995 1155 3075 retineret,
1177 2997 1226 3060 uti
1246 3017 1393 3060 caussam
1416 3019 1471 3060 ex·

378 3081 499 3180 templo
522 3081 635 3160 dicere,
659 3102 760 3164 quum
782 3079 900 3144 abisset
920 3081 1117 3166 magistratu,
1138 3089 1265 3166 posset3
1286 3081 1364 3145 huic
1378 3103 1471 3166 roga-
1548 3078 1552 3163 l

379 3166 459 3230 tioru
475 3166 516 3230 Q.
534 3166 641 3230 AElius
656 3165 776 3249 collega
789 3165 977 3242 intercessit,
998 3166 1184 3250 magnisque
1207 3165 1471 3230 contentionibus
1548 3176 1552 3257 l

380 3249 529 3328 obtinuit,
548 3271 589 3312 ne
603 3249 801 3332 perferretur.
847 3250 908 3312 Per
928 3271 982 3314 eos
997 3249 1064 3314 dies
1079 3250 1128 3314 Ti.
1144 3251 1217 3314 Sem
1241 3249 1351 3314 ronius
1368 3249 1470 3315 Grac-

380 3333 460 3396 chus
483 3339 516 3394 et
537 3333 576 3395 L.
596 3332 779 3396 Postumius
801 3333 939 3397 Albinus
963 3355 1001 3396 cx
1028 3333 1186 3418 Hispania
1259 3357 1345 3398 mam
1368 3357 1470 3418 quum

379 3415 591 3494 revertissent,
614 3423 742 3478 senatuis
765 3415 804 3479 iis
826 3438 846 3479 a
867 3417 916 3481 M.
928 3417 1047 3482 Titinio
1073 3427 1209 3502 praetore
1230 3419 1324 3482 dotus
1346 3419 1382 3482 in
1401 3419 1470 3482 {ede
1553 3487 1558 3498 Ι

381 3499 523 3566 Bellonae
540 3499 612 3564 ¹⁸ad
626 3498 823 3564 &serendas
833 3511 855 3544 ω
873 3523 934 3582 ses,
948 3523 1028 3588 quas
1042 3503 1224 3588 gessissem,
1243 3504 1470 3589 postulandos·
1552 3511 1558 3522 “

570 3675 681 3730 lutosus
693 3681 790 3742 uteru
802 3682 879 3730 uela.
1008 3688 1031 3718 ¹¹
1041 3685 1197 3734 edisserendae
1207 3685 1275 3732 Grer.

254 3855 283 3904 lo
302 3856 336 3902 lt
351 3857 460 3904 Claudius
470 3855 566 3920 mator]
585 3859 622 3904 Ειι
634 3859 679 3906 boc
696 3859 747 3906 loca
764 3865 827 3905 reete
893 3857 923 3906 16
940 3859 1099 3921 Millttbseqse
1110 3861 1192 3908 odonis
1203 3857 1333 3922 imperatis]
1351 3860 1407 3907 Non
1420 3861 1470 3907 sine

220 3921 309 3980 colligit
321 3920 416 3980 Pighius
427 3921 491 3970 bunc
502 3931 525 3968 et
537 3923 570 3968 ll.
580 3923 703 3978 Titinium,
715 3923 755 3984 qui
766 3922 827 3970 intra
859 3937 928 3970 causa
940 3932 1031 3984 optaret
1043 3925 1261 3984 Dujatiusooloais's
1290 3925 1372 3974 Quum
1383 3925 1470 3972 milites

221 3985 362 4042 nominatur,
380 3985 429 4045 luri
449 3985 474 4030 in
496 3987 553 4030 urbe
576 3986 678 4032 dicundo
697 3985 826 4047 proluisse.
859 3987 955 4034 coloniis
967 3987 1111 4048 imperasset.
1129 3989 1418 4048 Magisadbucplaceret,
1429 4005 1471 4050 per

222 4049 374 4098 esurientia
392 4056 501 4109 pretores
519 4049 753 4114 tuncinprorinciaa
771 4063 825 4110 pro·
857 4051 961 4096 cabrias.
1555 4081 1558 4094 ,

222 4113 276 4160 lecti
295 4126 345 4160 csse
368 4113 490 4160 debebant.
532 4111 612 4162 Quum
633 4121 712 4160 autem
737 4128 756 4160 c.
777 4127 826 4173 seq.
892 4113 922 4167 17
938 4113 968 4159 A.
979 4114 1083 4162 Licinius
1094 4111 1184 4176 Nem]
1202 4113 1296 4176 Adjecit
1307 4114 1363 4161 huic
1375 4115 1470 4164 tribuno

224 4177 257 4224 M.
269 4177 370 4224 Titinius
387 4177 478 4224 dicatur
495 4183 602 4224 sanatum
613 4177 704 4224 dedisse
717 4178 825 4236 Sempro·
858 4191 994 4238 praenomen
1006 4179 1122 4237 Sigonius.
1545 4133 1553 4240 i

223 4241 263 4288 nio
284 4247 308 4286 et
330 4240 456 4296 Postumio,
479 4239 541 4300 quod
562 4253 648 4286 munus
667 4247 703 4286 est
721 4239 827 4300 praetoris
893 4240 923 4286 18
939 4243 979 4288 Ad
1004 4239 1171 4302 ιιιιιιιιιιιιαι]
1205 4241 1282 4300 Vulgo
1316 4241 1470 4290 diuereadas.

223 4305 307 4352 urlani
325 4305 459 4352 absentibus
477 4303 618 4358 consulibus,
631 4303 746 4364 judicavit
765 4304 828 4350 idem
861 4305 968 4351 Correxit
979 4305 1118 4352 Gronoriru.
1155 4305 1231 4364 Supra
1251 4303 1470 4353 LXXle.e.b2
1537 4262 1551 4425 ⁴

224 4367 321 4426 Pighius
336 4371 449 4416 urbanam
462 4367 650 4429 Jurisdictionem
662 4365 751 4414 Titinio
767 4368 829 4414 obtl-
861 4369 956 4416 &natas
978 4375 1043 4416 cetra
1064 4371 1141 4416 obeo·
1166 4369 1260 4419 st'sts'a
1281 4369 1313 4416 ad
1334 4384 1372 4418 ras
1392 4379 1471 4434 gestas

224 4431 293 4551 gua.
316 4433 415 4482 clausio
437 4432 527 4482 Neroni
548 4431 609 4480 inter
632 4431 693 4480 cirea
715 4437 739 4478 et
760 4445 828 4494 pere·
859 4433 1145 4482 edlaureadaadataseat.

253 4507 311 4541 ιιιοι.
