3086 4952
242 315 286 376 54
814 302 908 367 'll'l'l
939 301 1055 368 LIVIl

243 477 377 591 iaia
407 448 1467 622 mlqfflmphfflhfflt‘lmiimm‘m

406 623 625 689 maranorum
635 581 1467 718 areameanelippmnaatmosa

406 716 478 772 tum
504 705 633 772 AEtoliae
656 727 694 770 oo
717 705 764 768 ias
791 705 906 769 ducere
930 703 1038 789 jussit.
1075 725 1154 792 ipse,
1180 703 1317 802 Delphis
1345 706 1467 769 sacrific

406 794 438 857 Α
481 792 550 856 llini
577 791 672 870 iacto,
735 797 906 875 aupactum
934 788 1099 874 processit.
1136 788 1289 853 oonsiho‘
1314 789 1467 874 principa:

452 877 537 941 toliae
561 873 680 952 habito,
702 873 762 952 via,
787 895 860 958 quae
884 881 1002 958 praeter
1025 871 1279 957 “Calydonemss
1297 882 1330 937 et
1351 875 1467 958 Lysim

407 961 511 1026 chiam
527 959 588 1024 fait
607 959 648 1024 ad
667 959 819 1038 Stratum,
836 957 912 1036 suis,
932 957 987 1040 qui
997 977 1060 1082 im
1074 957 1248 1020 Maliacum
1271 957 1378 1022 dnum
1392 959 1467 1022 veni

296 1056 302 1068 ’
406 1047 495 1125 bant,
510 1044 661 1109 obcurrit.
704 1043 756 1106 lbi
770 1042 990 1106 Mnasilochum
1024 1041 1172 1126 princeps
1186 1043 1400 1121 Acarnanum,
1414 1065 1467 1106 mu

266 1135 292 1166 ⁰¹
363 1146 374 1160 ·
406 1131 449 1195 tis
464 1137 568 1194 emtus
582 1127 685 1206 donis,
699 1147 765 1191 non
778 1127 847 1212 ipse
867 1126 971 1190 solum
989 1134 1118 1210 gentem
1134 1125 1201 1211 regi
1220 1126 1417 1206 conciliabat,
1440 1149 1467 1191 se

408 1213 541 1300 Clytum
564 1213 659 1277 etiam
682 1219 861 1298 pretorem,
883 1231 983 1296 penes
1005 1231 1101 1294 quem
1121 1217 1193 1274 tum
1212 1231 1338 1274 summa
1355 1221 1467 1296 potest

406 1308 484 1378 erat,
513 1299 547 1362 in
575 1317 666 1362 suam
688 1296 878 1360 sententiam
901 1295 1084 1359 adduxerat.
1128 1295 1162 1358 Is
1229 1315 1287 1359 um
1308 1297 1467 1360 leucadio

406 1384 494 1470 quod
517 1381 705 1448 Acarnaniae
727 1387 825 1467 eaput
849 1387 907 1459 est,
931 1401 997 1443 non
1016 1379 1106 1443 facile
1126 1379 1167 1443 ad
1203 1379 1388 1444 eiectiomm
1402 1403 1467 1466 posi

405 1476 547 1533 cerneret
571 1467 691 1552 inpelli,
713 1487 772 1550 pro
795 1473 844 1528 ter
867 1472 989 1528 metum
1012 1465 1165 1528 Romame
1188 1464 1306 1544 chasia,
1351 1487 1401 1530 uae
1422 1487 1467 1529 cui

405 1554 514 1632 Atilio,
529 1573 641 1637 quaeve
654 1551 736 1613 eirea
779 1549 975 1648 ehaleniam
990 1557 1067 1626 erat,
1087 1557 1152 1612 arte
1172 1570 1226 1613 eos
1245 1557 1294 1612 est
1413 1572 1467 1648 sau

405 1634 784 1802 &tilithi
798 1633 1300 1796 multitudini?
1309 1635 1467 1782 ihi-”ll

405 1813 439 1868 et
451 1803 618 1904 Thyrium,
633 1823 674 1866 ne
689 1803 729 1867 ab
744 1801 904 1867 Antiocho
917 1811 975 1866 aut
987 1802 1105 1866 AEtolis
1124 1811 1377 1888 oomiparentur3
1397 1803 1467 1866 farer

405 1888 462 1974 qui
476 1889 627 1966 dicerent,
641 1887 720 1950 nihil
735 1885 876 1950 adtinere
889 1907 1000 1951 omnes
1013 1887 1209 1952 tumultuose
1228 1888 1395 1951 concitaris
1419 1899 1467 1950 sat

405 1993 474 2037 esse
502 1972 749 2056 quingentorum
776 1971 943 2035 hominum
969 1972 1165 2056 praesidium.
1200 1991 1270 2035 eam
1290 1971 1467 2070 juventute

405 2065 528 2137 nactus,
541 2056 691 2120 trecentis
706 2055 867 2134 Medione,
881 2055 1026 2119 ducentis
1040 2055 1152 2141 Thyrii
1166 2055 1199 2118 in
1212 2055 1359 2141 praesidio
1371 2058 1466 2141 positi

404 2141 439 2206 id
462 2141 586 2240 agebat,
614 2149 653 2205 ut
676 2161 735 2226 pro
758 2139 923 2204 obsidibus
947 2139 1048 2204 daturi
1071 2140 1216 2204 venirent
1243 2141 1277 2204 in
1303 2149 1467 2226 potestate]

403 2247 438 2290 re
473 2247 498 2290 s.

423 2249 528 2376 'illl
562 2309 624 2375 Per
651 2309 779 2374 eosdem
808 2309 875 2372 dies
904 2308 1000 2394 legati
1019 2308 1103 2393 regis
1124 2307 1309 2372 Medionem
1327 2331 1467 2373 venerun

403 2395 522 2478 quibus
549 2393 675 2472 auditis,
700 2415 801 2478 quum
822 2393 856 2457 in
878 2394 1038 2472 concione,
1060 2393 1212 2477 quidnam
1236 2393 1467 2478 respondendo}

402 2478 470 2562 regi
484 2487 577 2557 esset,
592 2477 842 2556 consultaretur3
863 2485 896 2540 et
914 2477 967 2541 alii
981 2479 1174 2541 manendum
1188 2478 1222 2541 in
1238 2479 1381 2542 Romana
1395 2481 1466 2542 soci«

402 2569 479 2640 tate,
493 2563 545 2625 alii
561 2583 626 2624 non
641 2561 893 2645 adspernandam
908 2563 1078 2626 amicitiam
1091 2563 1175 2648 regis
1186 2571 1367 2642 censerent3
1389 2565 1466 2626 med:

401 2645 469 2710 visa
486 2654 535 2708 est
550 2644 638 2729 Clyti
653 2645 818 2724 cantantia,
833 2665 933 2729 eoque
943 2656 1073 2732 accepta
1086 2656 1135 2711 est
1144 2649 1162 2726 ¹,
1176 2657 1215 2711 ut
1233 2647 1274 2711 ad
1291 2669 1398 2733 regem
1419 2651 1466 2712 mi*

401 2737 506 2792 terent
527 2730 657 2814 legatos,
672 2737 879 2814 peterentque
901 2731 941 2794 ab
963 2751 1011 2810 ao,
1026 2739 1064 2794 ut
1085 2731 1265 2796 Medionios
1287 2753 1383 2818 super
1402 2741 1465 2796 tant

400 2835 435 2876 re
450 2815 628 2878 consultam
642 2813 676 2876 in
692 2814 825 2878 concilio
834 2816 1038 2879 Acarnanum
1057 2825 1228 2916 pateretur.
1272 2817 1312 2880 ln
1325 2839 1394 2880 eam
1408 2818 1465 2902 lega

400 2897 520 2962 tionem
543 2897 773 2977 Mnesilochus,
787 2908 820 2963 et
834 2899 890 2984 qui
914 2899 982 2985 ejus
997 2901 1142 2965 factionis
1162 2910 1262 2982 erant,
1273 2903 1313 2966 de
1335 2902 1465 2966 industri

400 2983 546 3069 conjecti,
568 2983 650 3048 clam
670 2983 786 3064 missis,
807 2985 863 3070 qui
884 3006 990 3072 regem
1013 2986 1179 3050 admovere
1203 2987 1311 3072 copias
1330 2987 1464 3072 juberen

400 3068 462 3154 ipsi
483 3071 629 3134 terebant
652 3077 791 3168 tempus.
830 3071 936 3194 itaqlue
960 3071 1093 3134 vixdum
1115 3071 1154 3134 iis
1186 3072 1319 3156 egressis
1342 3073 1455 3157 legatis

400 3153 612 3218 “Antiochus
626 3153 660 3216 in
671 3154 800 3233 finibus,
810 3175 885 3218 mox
915 3155 954 3218 ad
967 3163 1075 3240 portas
1083 3164 1160 3235 erat,
1172 3164 1205 3220 et
1217 3155 1238 3188 ⁴⁸
1246 3157 1464 3256 trepidantibu

400 3237 456 3320 qui
471 3245 615 3322 expertes
640 3239 828 3320 proditionis
851 3239 986 3318 fererant,
1010 3241 1270 3326 tumultuoseque
1287 3249 1463 3326 juventute]

400 3319 442 3384 ad
465 3341 552 3384 arma
573 3322 771 3402 vocaiatibus,
794 3324 834 3388 ah
860 3324 955 3408 Clyto
977 3333 1010 3388 et
1029 3325 1230 3390 Mnesilocho
1255 3325 1288 3389 in
1310 3326 1423 3390 urbem
1441 3349 1463 3389 o

400 3404 569 3471 inductus:
598 3414 640 3485 et,
664 3406 733 3470 aliis
757 3428 816 3471 sua
837 3407 999 3474 voluntate
1028 3411 1253 3490 adfluentibus,
1277 3419 1365 3474 metu
1391 3433 1463 3476 coac

428 3543 594 3592 'Acmen
605 3544 679 3590 Gran.
695 3544 762 3591 erev.
877 3539 989 3593 rconscilio
1000 3547 1068 3593 θην.
1173 3549 1328 3596 εωιιὶοίᾰιιι
1337 3549 1410 3596 Gran.
1423 3551 1462 3596 Cra

532 3601 547 3640 ¹¹
566 3608 727 3663 Mnasilocho,
738 3615 762 3654 et
773 3607 806 3654 alc
816 3607 884 3665 inira,
897 3609 991 3670 Kreyaa.
1005 3612 1080 3658 Beth.
1209 3607 1261 3660 im
1271 3614 1317 3660 del.
1330 3614 1394 3660 uod

661 3667 674 3704 ¹
686 3671 767 3733 legatia
778 3671 824 3718 del.
836 3673 909 3720 Gran.
923 3675 990 3722 Creo.
1108 3670 1116 3710 ¹
1127 3682 1150 3724 et
1160 3691 1210 3724 ator
1221 3677 1286 3724 End.

234 3803 304 3850 modo
324 3801 455 3852 Antiochus
481 3820 497 3853 ι
517 3807 628 3856 Chalcida
655 3823 697 3869 per
720 3809 846 3856 Phocidem
909 3809 1174 3872 attaminata]
1194 3813 1307 3859 Ruraual.
1320 3813 1412 3859 xt111.
1425 3813 1461 3862 ai

235 3866 387 3916 Charoneam
405 3869 485 3916 venire
507 3879 605 3930 poterat,
626 3887 699 3932 quiam
718 3873 846 3920 Charonea
879 3873 959 3921 Livius
977 3877 1079 3922 stratum
1098 3877 1192 3924 AEtoli·
1214 3877 1303 3932 assent,
1322 3878 1428 3936 quamvis
1451 3893 1461 3924 ι

234 3931 289 3976 urba
300 3931 331 3978 sit
343 3932 446 3989 asotia,
458 3933 495 3980 oui
504 3935 597 3982 Chalcia
608 3937 638 3982 ab
648 3945 709 3992 ortu,
722 3937 804 3983 Phoda
815 3938 844 3984 ah
876 3939 998 3998 scriptores
1018 3938 1158 3986 Acarnania
1176 3941 1331 3988 contribuant.
1372 3941 1461 3988 Nimim

233 3995 334 4040 oomni
369 3996 453 4044 Facilis
471 3999 590 4058 responsio
601 4007 643 4046 eat.
677 3999 751 4048 Docet
762 4001 845 4048 Strabo
876 4001 935 4048 illud
946 4003 1059 4062 oppidum
1072 4003 1307 4064 AEtolioeperantea
1320 4005 1460 4052 Acarnanibi

233 4057 249 4104 l.
261 4058 303 4104 11.
315 4073 339 4119 p.
350 4059 404 4108 alu.
419 4061 543 4108 Pbocidem
559 4063 689 4122 antiquitus
705 4063 845 4124 septentrio·
910 4065 940 4112 44
968 4067 1099 4114 Chalciden
1129 4074 1153 4114 et
1180 4065 1361 4130 eoeneum]
1396 4069 1460 4116 AEtol

233 4135 288 4168 aem
297 4135 377 4170 reram
384 4126 453 4183 Juxta
466 4125 578 4172 Bmotiam
590 4135 720 4186 porrectam
731 4127 810 4182 missa,
821 4135 845 4174 at
877 4131 955 4176 urbes.

232 4185 264 4232 ad
282 4199 346 4234 mars
367 4188 498 4236 Euboicum
520 4190 666 4248 pertinuisse.
710 4191 759 4238 Nee
777 4191 845 4238 aliter
908 4191 941 4240 lo
957 4193 1082 4242 Antiochus
1098 4196 1227 4254 infinibus.
1248 4203 1270 4242 et
1292 4210 1341 4242 eaor
1360 4197 1392 4242 od
1412 4209 1460 4255 pori

233 4247 323 4306 Livius,
338 4251 379 4311 qul
397 4252 459 4300 inira
474 4268 493 4300 c.
507 4253 543 4308 la
553 4262 632 4300 narrat
644 4254 787 4301 Antiochum
804 4269 846 4314 aar
876 4253 940 4316 erat]
974 4257 1137 4318 Copulatiram
1160 4259 1247 4306 Victor.
1269 4259 1351 4316 codex,
1373 4266 1406 4314 et,
1431 4267 1459 4306 te

231 4313 325 4362 AElolia
344 4330 372 4362 aa
389 4317 495 4364 Phocidis
515 4319 581 4364 arhor
601 4319 729 4366 Chalciden
745 4320 846 4366 rediisse.
878 4319 1004 4374 Gronovio,
1017 4329 1106 4368 veteres
1116 4323 1174 4369 editi
1186 4323 1301 4383 ignonnt

233 4375 286 4422 Non
299 4391 393 4428 necsm
404 4389 454 4428 erat
469 4381 540 4442 igitur
557 4381 670 4428 unauna
688 4382 776 4428 intrare
795 4390 842 4428 tra·
908 4383 940 4430 aa
957 4379 1164 4446 'rammam
1176 4386 1459 4436 Canaunantihuaetmu

227 4439 320 4548 je‘clturo
331 4443 368 4552 {al
379 4445 407 4490 ah
424 4445 514 4492 Euhoea
525 4445 550 4492 ia
562 4445 695 4501 Phocidem,
708 4445 745 4492 vel
756 4460 770 4492 a
782 4445 843 4492 Pho·
875 4446 1032 4494 molientibua.

231 4513 251 4546 ei
269 4503 318 4550 ain
354 4508 454 4554 uhoeaan.
