3118 5002
481 293 568 358 LIB.
594 293 687 358 XLI.
715 292 812 358 CAP.
835 293 932 358 XIX.
1313 300 1376 363 815

115 447 267 513 consules
281 444 351 530 ejus
364 441 450 518 anni
465 441 544 505 alter
551 441 673 520 morbo,
682 439 762 506 altar
772 441 855 506 ferro
865 441 1020 526 periisset,
1031 441 1212 510 subtectum
1224 456 1254 504 u.
1266 457 1293 504 c.
1304 455 1360 512 sce

116 531 283 598 consulem
297 527 458 613 negabunt
471 533 578 590 recte!
592 525 846 590 eomitiahabere
860 547 965 610 posse.
1224 519 1358 576 butt&

552 667 784 716 *ssss

118 781 264 848 deduxit.

164 865 261 930 XIX.
283 863 340 930 cie
366 860 575 948 Apenninum
589 858 712 943 Ganali,
726 865 760 924 et
781 859 936 945 Lapicini,
954 869 987 925 et
1009 861 1210 943 Hercates⁵3

120 959 211 1014 trans
222 948 427 1048 Apenninum
437 944 595 1008 Briniates
604 945 739 1008 fuerant.
763 943 1068 1010 ''inter¹Audenam
1084 967 1210 1012 amnem

122 1037 160 1099 P.
177 1035 306 1098 Mucrus
330 1053 404 1095 cum
427 1029 476 1107 iis,
498 1028 555 1112 qui
576 1029 703 1092 Lunam
726 1029 878 1113 Pisasque
902 1030 1086 1128 depopulati
1109 1041 1210 1111 erant,

121 1119 241 1184 &bum
254 1116 371 1202 gessit:
394 1113 604 1196 omnibusque
618 1113 651 1176 in
666 1112 819 1178 ditionem
833 1114 968 1178 redactis
983 1135 1070 1179 arma
1082 1117 1209 1182 ademit.

121 1205 177 1267 Ob
191 1225 243 1267 eas
258 1223 319 1280 res,
338 1200 372 1263 in
397 1198 502 1263 Gallia
520 1197 756 1282 Liguribusque
770 1206 876 1282 gestas
891 1198 1027 1262 duorum
1042 1201 1210 1266 consulum

121 1289 222 1352 ductu
235 1285 449 1370 auspicioque,
464 1291 591 1346 senatus
606 1282 639 1346 in
651 1281 793 1346 triduum
805 1303 843 1345 su
889 1282 1050 1347 licationes
1062 1283 1209 1366 decrevit,

121 1381 153 1434 ct
168 1370 376 1466 quadraginta
390 1366 501 1432 hostiis
516 1365 683 1430 sacrificari
692 1367 800 1451 jussit.
844 1305 889 1430 iii
907 1367 1065 1432 tumultus
1081 1369 1209 1452 quidem

125 1457 269 1520 Gallicos
283 1464 317 1518 et
333 1451 532 1537 Ligustinus,
546 1450 602 1549 qui
612 1451 772 1599 principio
787 1451 855 1536 ejus
870 1452 946 1514 anni
958 1460 1086 1516 exortus
1097 1453 1208 1534 dierat,

121 1539 210 1604 baud
223 1559 339 1624 magno
353 1545 468 1600 conatu
486 1536 574 1600 brevr
592 1557 612 1600 o
635 1555 763 1620 pressus
785 1543 861 1600 erat.
905 1536 987 1600 Belli
1010 1537 1208 1602 Macedonici
1222 1533 1314 1610 ,ΜΨ

123 1624 253 1688 subibat
261 1623 329 1708 jam
342 1642 426 1700 curo,
445 1620 597 1684 miscente
616 1621 729 1684 Perseo
744 1620 828 1684 inter
842 1621 1009 1686 Dardanos
1023 1621 1208 1686 Bastarnas·
1221 1598 1352 1706 fflffi*

143 1731 184 1772 ue
199 1707 385 1772 certaminar
407 1713 440 1769 et
454 1704 559 1790 legati,
574 1704 630 1788 qui
652 1704 741 1768 missi
758 1705 799 1768 ad
815 1727 866 1768 res
879 1705 1026 1770 visendas
1045 1705 1079 1770 in
1101 1705 1208 1772 Mace-
1222 1724 1355 1772 suumn.

119 1731 247 1858 doniam
270 1799 371 1870 erant,
397 1789 459 1853 'am
487 1797 680 1854 reverterant
710 1790 854 1868 Romam,
875 1790 1209 1877 annunciaveruntque,

119 1877 238 1942 bellum
258 1877 292 1940 in
319 1877 351 1940 D
450 1873 580 1938 inesse.
623 1873 727 1938 Simul
740 1883 891 1939 venerant
906 1883 938 1939 et
951 1875 992 1938 ab
1006 1897 1080 1961 rege
1094 1877 1209 1942 Perseo

119 1971 268 2040 oratores,
290 1960 377 2045 ”qui
401 1967 584 2044 purgarent,
608 1979 667 2022 nec
688 1958 808 2022 edcitos
829 1959 869 2024 ab
891 1981 928 2024 eo
954 1961 1135 2040 Bastarnas,
1150 1983 1210 2028 nec

119 2055 247 2111 auctore
262 2067 300 2109 eo
313 2044 487 2142 quidquam
501 2043 612 2108 facere.
650 2041 787 2141 §enatem
800 2065 859 2108 nec
871 2043 1016 2108 liberavit
1025 2045 1095 2130 ejus
1105 2046 1209 2132 culpae

119 2152 251 2278 ffi’.
267 2135 672 2290 ”ttttffdatbt
686 2128 1018 2276 iiiaffidiii
1046 2129 1210 2292 '3:523

118 2299 149 2364 ei
175 2222 421 2364 cumuilomanis
442 2319 510 2362 esse
533 2295 632 2362 videri
653 2303 762 2382 posset
770 2297 796 2361 ¹¹.
839 2295 991 2375 Dardani,
1012 2318 1113 2381 quum
1160 2320 1210 2362 as-
1224 2313 1252 2361 v.
1264 2315 1290 2362 c.
1302 2313 1356 2368 577.

119 2393 226 2448 ternas
240 2405 306 2448 non
320 2384 415 2447 modo
429 2404 494 2446 non
510 2382 659 2448 excedere
673 2381 793 2445 finibus
807 2380 883 2459 suis,
897 2381 983 2464 quod
998 2391 1210 2466 speraverant,
1224 2379 1253 2428 Α·
1264 2381 1289 2426 ⁰·
1304 2377 1356 2432 ¹⁷⁵·

119 2469 177 2534 sed
190 2469 346 2554 graviores
360 2467 429 2531 fieri
442 2468 476 2531 in
490 2465 557 2531 dies
572 2473 747 2545 cernerent,
769 2465 917 2530 subnisos
938 2465 1098 2531 Threcum
1117 2468 1211 2532 adco-

119 2553 223 2616 larum
236 2561 269 2616 et
282 2553 520 2617 Scordiscorum
535 2551 670 2630 auxiliis,
685 2551 867 2615 audendum
887 2549 1007 2636 aliquid
1022 2551 1072 2618 vel
1093 2561 1210 2617 temere

119 2637 192 2716 rati,
207 2658 315 2700 omnes
328 2637 470 2722 undique
484 2635 598 2700 armati
610 2635 651 2699 ad
665 2635 830 2721 oppidum,
846 2637 933 2719 quod
947 2637 1128 2722 proximum
1142 2659 1211 2702 cas-

119 2722 179 2786 tris
202 2721 428 2786 Bastarnarum
452 2729 528 2800 emt,
548 2720 766 2785 conveniunt¹.
812 2721 925 2786 Hiems
950 2731 1027 2802 erat,
1042 2732 1075 2786 et
1089 2723 1122 2788 id
1134 2723 1211 2788 anni

118 2817 247 2892 tempus
269 2807 438 2892 elegeraut,
456 2814 494 2870 ut
515 2806 654 2870 Thfflces
677 2803 897 2890 Scordiscique
915 2806 950 2870 in
970 2808 1050 2872 tinea
1065 2829 1140 2872 suos
1155 2809 1211 2872 ab·

119 2891 212 2956 irent.
233 2893 321 2990 quod
335 2891 393 2956 ubi
406 2891 451 2954 ita
466 2891 596 2969 factum,
611 2898 644 2953 et
658 2889 742 2954 solos
752 2891 820 2976 jum
834 2912 902 2954 esse
918 2892 1088 2956 Bastarnas
1103 2893 1211 2957 audie·

117 2985 206 3054 nant,
218 2975 362 3040 bifariam
377 2975 526 3040 dividunt
539 2974 665 3060 copiast
680 2996 766 3060 pars,
780 2983 818 3038 ut
832 2984 919 3040 recto
933 2975 1044 3039 itinere
1058 2977 1099 3040 ed
1112 2977 1211 3042 laces-

119 3061 256 3124 sendum
280 3083 319 3124 cx
348 3068 457 3147 aperto
482 3060 560 3139 iret;
581 3080 666 3144 pars,
696 3059 787 3122 devio
815 3059 898 3122 saltu
923 3059 1147 3138 circumducta,
1169 3061 1210 3124 ab

118 3153 209 3230 tergo
238 3145 470 3230 adgrederetur.
513 3143 675 3222 Ceterum,
703 3143 889 3242 priusquam
916 3143 1080 3208 circumire
1108 3153 1211 3210 castro

119 3231 261 3293 bostium
285 3239 426 3315 possent,
450 3237 630 3315 pugnatum
654 3235 721 3306 est3
742 3228 880 3376 vicltffie
904 3227 1047 3292 Dardani
1071 3229 1210 3315 compel-

119 3313 232 3378 luntur
243 3315 278 3378 in
291 3315 414 3392 urbem,
434 3335 507 3398 quse
524 3313 588 3377 fere
607 3312 774 3377 duodecim
823 3313 830 3327 '
858 3313 886 3376 'a
899 3313 939 3378 ab
953 3313 1063 3378 castris
1079 3315 1207 3379 Bastar-

119 3420 234 3462 narum
248 3399 363 3463 aberat.
400 3399 545 3462 Victores
560 3397 726 3462 confestim
741 3397 971 3462 circumsidunt
985 3399 1107 3480 urbem,
1122 3401 1209 3465 haud
1223 3413 1345 3462 undeno·

119 3483 217 3547 dubie
227 3493 354 3568 postero
369 3483 419 3548 die
430 3491 486 3547 aut
498 3491 587 3546 metu
598 3481 751 3546 dedituris
762 3503 795 3546 se
806 3483 962 3562 hostibus,
977 3493 1033 3548 aut
1043 3485 1074 3549 vi
1086 3507 1208 3636 erpug·
1221 3493 1272 3589 '‘a‘'
1285 3481 1340 3526 ''fi'‘

119 3568 238 3632 naturi.
277 3569 410 3632 Interim
421 3568 645 3632 Dardanorum
659 3565 757 3630 altera
769 3589 894 3647 manua,
908 3589 980 3652 quoe
994 3569 1113 3634 circum
1136 3579 1209 3637 ueta
1222 3557 1236 3589 ⁰
1264 3557 1321 3591 “⁸⁸⁴

151 3719 166 3758 t
177 3721 238 3764 reete
249 3715 295 3762 del.
308 3716 382 3762 Gron.
395 3715 463 3762 cm.
566 3709 581 3747 b
593 3715 708 3776 Hergates
722 3713 798 3760 seat
926 3707 934 3746 ¹
945 3717 1006 3761 inho
1019 3715 1114 3777 Kreyaa.
1127 3717 1204 3767 Beth.

119 3775 467 3890 mgnmhgreegoedar,
477 3780 537 3841 qaod
546 3781 569 3826 et
579 3795 629 3826 can
640 3777 748 3825 Romam
758 3783 824 3833 earet,
833 3778 906 3824 rideri
913 3783 989 3838 portet
1001 3779 1066 3826 seu
1130 3777 1139 3816 ¹
1150 3797 1203 3830 eerr-

153 3955 186 4009 79
203 3955 267 4002 Inter
274 3957 393 4002 Asdara
404 3951 502 4016 cm]
515 3955 735 4002 Nulloseetborum
768 3954 917 4013 purgandum
937 3961 962 4001 et
977 3955 1123 4004 liberandum
1142 3971 1196 4006 curn
1212 3973 1227 4005 a
1243 3957 1375 4018 suspicione

121 4021 246 4066 verborum
278 4034 369 4066 sensus.
411 4019 475 4078 Lege
496 4019 592 4066 omnino
614 4020 687 4076 intro,
709 4025 736 4064 ut
770 4019 833 4076 beili,
858 4018 963 4066 dicerent
983 4027 1008 4066 et
1027 4021 1126 4081 probare
1153 4023 1310 4078 intenderent,
1331 4036 1375 4068 nec

120 4083 213 4130 dicatur
226 4083 319 4130 Mucius
330 4098 377 4130 non
389 4083 452 4130 ultre
464 4083 588 4130 Audenam
599 4095 736 4136 omnemne
767 4083 859 4128 accitos.

121 4147 221 4208 proinde
234 4147 393 4206 Apenninum,
405 4147 493 4194 bellom
504 4147 610 4206 gessisse.
636 4145 669 4192 At
680 4159 735 4192 vero
799 4146 827 4192 81
851 4147 882 4193 Ut
892 4153 993 4194 sanctuar
1003 4149 1096 4196 batem
1106 4143 1198 4209 fudere]
1217 4147 1286 4194 Hunc
1298 4147 1374 4192 iocum

123 4211 234 4258 AEmiliur
245 4211 362 4258 Geliieom
381 4211 508 4257 tumultum
526 4217 700 4269 compresserat,
712 4216 736 4254 et
767 4209 865 4256 feliciter
876 4212 986 4258 emendet
1004 4211 1053 4258 Jac.
1072 4211 1219 4258 Gronovius:
1238 4218 1264 4257 at
1274 4217 1375 4260 meran

121 4275 146 4322 in
168 4275 266 4334 Ligurio
284 4275 334 4334 ipsa
352 4275 382 4320 ad
401 4281 527 4334 utrumque
539 4274 658 4334 Apennini
675 4273 735 4318 latur
767 4269 1008 4337 boberesoedar,quod
1018 4277 1040 4323 ei
1052 4290 1101 4324 eun
1111 4275 1218 4323 &nnsis
1228 4281 1294 4330 erret,
1302 4275 1375 4322 rideri

121 4353 188 4384 arma
199 4339 382 4385 circumtulerat.
765 4344 846 4396 maret.

154 4403 187 4448 8⁰
206 4403 252 4454 Ου’
277 4409 414 4464 purgarent,
443 4416 483 4450 nee
510 4397 605 4462 dmitos]
634 4400 680 4451 Qui
704 4399 733 4446 ad
