3094 4954
361 333 453 399 LIB.
479 333 680 398 XXXVIII.
712 331 807 397 CAP.
834 332 1000 402 XXVIII.
1317 349 1377 412 161

118 485 254 564 Conml,
275 483 385 569 ''qui‘’
408 484 569 570 ingressos
593 483 627 548 in
652 493 756 548 castra
774 485 815 550 ab
836 485 1013 573 direptione
1032 489 1214 559 abstrahere
1228 513 1293 562 uc.
1306 517 1361 564 aaa.

116 591 184 634 non
242 579 335 649 terat,
351 591 416 646 eos,
430 569 486 654 qui
501 569 535 632 in
550 569 701 634 comibus
714 571 850 650 fuerant,
864 573 1011 657 protinus
1024 575 1065 638 ad
1079 597 1214 662 sequen·
1227 579 1256 626 A.
1268 579 1294 626 ⁰·
1309 579 1361 628 ¹⁸⁹·

116 655 177 719 dos
220 663 307 719 ostes
330 654 428 718 misit.
463 676 522 739 per
547 654 746 738 aliquantum
765 655 905 741 spatium
926 659 1037 738 secuti,
1058 683 1124 725 non
1138 663 1213 748 plus

115 752 226 803 tamen
241 749 313 804 octo
335 739 435 802 millia
451 739 619 802 hominum
636 739 670 802 in
689 739 766 825 suga
791 743 877 823 (nam
899 764 1009 828 pugna
1028 745 1115 809 nulla
1137 748 1210 832 firit)

115 824 317 888 ceciderunt:
340 823 455 908 reliqui
472 824 592 888 flumen
617 823 728 909 Halyn
749 825 950 910 trajecemnt.
994 829 1211 898 Romanorum

114 929 234 994 magna
246 919 344 994 parsp
356 930 394 972 ea
408 917 501 972 nocte
521 908 555 971 in
576 908 718 972 hostium
731 910 866 973 castrisq
885 912 1022 993 mansit3
1043 924 1163 981 ceteros
1176 919 1210 986 iu

115 1015 176 1058 aua
189 1002 292 1056 castra
306 992 419 1057 consul
438 993 575 1057 reduxit.
620 993 750 1058 Postero
767 993 817 1058 die
841 996 982 1094 captivos
1005 1001 1210 1086 praedamque

114 1077 292 1142 recensuit:
314 1099 387 1163 quae
401 1085 491 1140 tanta
507 1077 579 1156 uit,
602 1086 758 1161 quantum
770 1079 950 1144 avidissima
963 1083 1107 1168 rapiendi
1119 1109 1209 1172 gens,

114 1185 217 1248 quum
232 1163 277 1228 cis
292 1171 435 1226 montem
449 1163 591 1226 Taurum
606 1161 713 1226 omnia
725 1163 820 1227 armis
839 1185 897 1250 per
915 1167 1034 1231 multos
1053 1171 1209 1236 tenuisset

113 1269 217 1312 annos
226 1258 246 1326 ¹,
261 1267 443 1312 coacervare
457 1245 574 1332 potuit.
618 1245 713 1326 Galli,
729 1269 769 1312 ax
784 1249 936 1334 dissipata
952 1251 1071 1336 passim
1084 1255 1160 1340 fuga
1174 1257 1208 1320 in

113 1355 216 1398 unum
227 1331 333 1396 locum
344 1331 536 1416 congregati,
550 1352 750 1418 magnapars
761 1333 860 1396 saucii
871 1343 927 1398 aut
936 1335 1080 1416 inermes,
1095 1342 1208 1404 nudati

113 1417 263 1482 omnibns
277 1417 385 1494 rebus,
401 1426 540 1480 oratores
555 1417 595 1480 de
607 1437 685 1502 pace
700 1417 741 1480 ad
754 1417 917 1482 consulem
932 1419 1097 1488 miserunt.
1140 1425 1207 1489 Eos

113 1501 259 1567 Manlius
280 1502 447 1587 Ephesum
467 1500 576 1564 venire
595 1501 705 1586 jussit.
739 1501 819 1587 ipse,
845 1502 923 1588 (jam
952 1505 1037 1569 enim
1066 1508 1206 1573 medium

112 1587 260 1651 autumni
275 1589 352 1670 erat)
373 1586 450 1650 locis
470 1585 584 1670 gelidis
602 1587 839 1685 propinquitate
860 1589 957 1652 Tauri
974 1591 1092 1655 montis
1117 1615 1206 1658 exce-

113 1671 189 1820 doeedre
203 1691 385 1758 properans,
399 1670 552 1735 victorem
567 1679 740 1736 exercitum
753 1671 787 1735 in
800 1671 933 1738 hiberna
953 1675 1119 1742 maritimae
1141 1700 1205 1744 orae

172 1757 250 1821 uxit.

156 1841 322 1906 XXVIII.
344 1841 434 1906 Dum
451 1842 522 1906 haec
535 1842 569 1906 in
583 1842 661 1906 Asia
675 1851 839 1928 gematur,
856 1842 891 1908 in
906 1846 1018 1911 ceteris
1031 1848 1203 1934 provinciis
1217 1863 1327 1914 cen-ora

109 1927 290 2012 tranquillae
312 1948 363 1990 res
387 1927 528 1992 luemut.
572 1927 729 1992 Censores
749 1930 861 1992 Romae
878 1930 918 1994 T.
934 1931 1106 1998 Quinctius
1132 1935 1274 2000 Fla-'⁰¹⁸⁶

109 2011 252 2076 mininus
279 2018 313 2076 et
341 2012 390 2076 M.
416 2012 571 2077 Claudius
607 2013 779 2077 Marcellus
812 2021 958 2078 senatum
990 2017 1202 2104 perlegerunt.

108 2096 261 2182 princeps
280 2096 314 2160 in
329 2105 441 2161 senatu
459 2097 590 2161 tertium
607 2097 709 2162 lectus
730 2099 765 2162 P.
782 2097 890 2184 Scipio
912 2101 1090 2167 Afiicanus.
1126 2125 1203 2188 qua-

108 2189 188 2244 tuor
212 2179 272 2244 soli
292 2181 471 2266 ”praeteriti
496 2190 583 2262 sunt,
609 2204 703 2246 nemo
725 2183 829 2246 curuli
849 2203 928 2246 usus
952 2185 1081 2251 honore.
1116 2197 1149 2250 et
1169 2189 1203 2252 in

1 2309 2 2312 κ
107 2265 259 2352 equitatu
282 2267 471 2330 recensendo
495 2267 583 2330 mitis
614 2267 786 2330 admodum
813 2287 948 2330 censura
975 2269 1046 2333 fuit.
1089 2269 1204 2335 ”Sub-

108 2351 321 2414 structionem
345 2371 440 2436 super
517 2351 693 2416 uimaelium
707 2351 741 2414 in
757 2350 926 2450 Capitolio,
950 2360 984 2416 et
998 2353 1102 2418 ¹viam
1117 2355 1203 2420 silice

107 2435 314 2500 sternendam
336 2457 357 2499 a
376 2444 468 2522 porta
519 2457 621 2522 apena
647 2436 689 2500 ad
712 2435 828 2499 Martis
855 2434 1048 2503 locaverunt.
1086 2438 1202 2504 'Cam-

176 2521 183 2536 '
217 2521 274 2585 ubi
295 2531 507 2602 censerentur,
533 2529 680 2586 senatum
695 2521 935 2587 oonsuluenmt.
958 2523 1131 2603 decretum,
1153 2525 1202 2590 uti

161 2627 224 2669 moe
244 2614 457 2670 censerentur.
498 2607 529 2670 A
551 2627 602 2670 uae
615 2606 761 2692 ingentes
775 2627 813 2670 ao
827 2627 910 2671 anno
924 2607 1064 2673 fuerunt.
1106 2610 1202 2675 ‘libe-

106 2689 154 2753 ris
178 2691 345 2754 duodecies
374 2713 524 2778 eampum
588 2691 703 2756 artium
725 2691 882 2777 planaque
907 2693 996 2758 urbis
1022 2695 1200 2760 inundavit.

104 2775 160 2840 Ab
174 2775 214 2840 C.
228 2775 351 2840 Manlio
365 2776 495 2841 consule
509 2775 592 2841 bello
605 2776 639 2840 in
653 2775 730 2840 Asia
744 2797 818 2840 cum
833 2777 935 2842 Gallis
950 2778 1100 2865 perfecto,
1121 2779 1200 2845 alter

1 2909 2 2914 η
104 2859 220 2924 consul
243 2861 293 2924 M.
313 2861 457 2940 Fulvius,
478 2861 666 2947 perdomitis
690 2861 818 2940 AEtolis,
840 2883 942 2946 quum
965 2864 1139 2948 trajecisset
1164 2866 1198 2930 in
1212 2891 1309 2940 rotun·

104 2945 356 3031 Cephalleniam,
385 2947 469 3010 circa
504 2945 647 3010 civitates
682 2945 796 3010 inauloe
828 2946 916 3010 misit
945 2956 1198 3031 percunctatum,
1211 2945 1336 3015 cephalla-

102 3039 219 3094 utrum
233 3051 266 3094 se
281 3031 394 3095 dedere
406 3031 569 3111 Romanis,
584 3051 625 3094 an
637 3030 711 3094 belli
722 3031 883 3096 fortunam
894 3031 1040 3115 experiri,
1049 3032 1197 3097 mallent?
1236 3033 1275 3064 ⁸¹¹¹

1211 3019 1235 3064 ni

104 3115 221 3179 Metus
239 3115 280 3180 ad
303 3137 414 3180 omnes
428 3115 539 3194 valuit,
564 3137 605 3180 ne
629 3115 822 3180 deditionem
844 3123 1035 3180 recusarent.
1072 3116 1199 3181 obsides
1210 3082 1300 3143 recipis

103 3199 180 3264 inde
199 3199 244 3264 im
320 3209 371 3264 tos
390 3221 449 3288 pro
463 3201 585 3265 viribus
606 3199 712 3286 inopis
732 3200 855 3287 populi,
876 3200 1024 3265 'vicenos
1046 3201 1199 3282 Nesiotae,

105 3285 225 3366 tiranii,
297 3297 408 3350 enses·
421 3294 454 3349 et
469 3285 584 3351 Samaei
600 3285 765 3350 dederunt.
803 3285 969 3371 Insperata
982 3307 1046 3372 pax
1062 3286 1199 3373 Cephal-

105 3369 199 3434 leniae
220 3369 412 3450 adfulserat3
433 3392 534 3456 quum
550 3379 680 3457 repente
703 3391 769 3434 una
785 3369 905 3451 civitam
923 3371 1080 3436 incertum
1102 3393 1198 3464 quam

186 3497 200 3525 ⁰
210 3495 264 3558 qaid
277 3491 354 3540 aean
487 3499 502 3539 Ρ
555 3509 659 3557 sungad
671 3493 729 3541 End.
834 3497 939 3543 tensuit
948 3495 1044 3550 losum
1055 3495 1114 3550 llud.

293 3561 382 3605 'mos
393 3559 500 3606 unnim
533 3559 571 3606 ad.
706 3557 844 3608 ‘Pallenaea
855 3560 927 3606 Gran.
939 3557 1007 3606 Creo.

137 3667 171 3726 07
188 3671 203 3702 “
215 3667 274 3732 Qui]
293 3671 418 3718 Mallemus
430 3673 493 3733 qaia.
751 3673 813 3720 adas
825 3679 891 3720 satra
903 3679 994 3735 portam
1003 3672 1122 3734 Capenam
1133 3683 1299 3734 ammentante
1310 3677 1361 3744 lpao

137 3733 171 3782 98
188 3731 343 3795 Ῥνιίπίὶῆ
361 3735 415 3782 vid
427 3744 475 3782 not.
490 3735 528 3792 la,
540 3735 570 3782 ad
582 3735 626 3783 lx.
637 3735 676 3783 ³⁰.
753 3737 820 3783 lelo
832 3751 903 3798 supra
915 3737 971 3783 Vll.
982 3737 1022 3784 28.

137 3797 170 3846 ⁸0
187 3799 380 3846 mnarum
391 3815 460 3860 saper
471 3795 653 3862 AEqslnsaelr'an]
673 3799 718 3846 Lo-
783 3801 800 3848 i
817 3801 927 3868 Compasi
943 3802 983 3848 abt
999 3799 1154 3866 mmmm]
1172 3804 1208 3852 Ex
1220 3819 1267 3870 quo
1279 3805 1360 3868 Capua

106 3875 188 3908 arere
217 3875 325 3910 moseres
353 3865 513 3910 extruendum
543 3863 668 3911 edificium
694 3865 718 3909 ln
751 3865 897 3911 altomeris
916 3871 985 3932 capta
1003 3864 1087 3920 iuerat,
1105 3867 1197 3916 nullum
1221 3878 1271 3922 erat
1289 3870 1313 3916 ln
1331 3883 1360 3922 ea

106 3925 331 3987 &almadana-
348 3941 404 3974 area
423 3929 487 3974 nuda
505 3935 624 3974 manserat
641 3929 671 3973 ab
690 3941 719 3974 eo
751 3930 809 3974 urbe
821 3942 904 3987 corpur
916 3929 1026 3988 civitatis,
1036 3930 1095 3976 nulli
1113 3933 1270 3992 maglstratua.
1304 3933 1358 3980 Vid.

105 3997 220 4050 tmpore,
232 3991 352 4050 qno-oe·
366 3991 534 4038 llaelildiruta
546 3991 648 4039 nenne
665 3991 718 4038 Vid.
751 4007 822 4052 supra
833 3993 848 4038 l.
861 3991 949 4039 XXVI.
960 4007 979 4039 c.
995 3991 1030 4040 16.
1067 3993 1233 4044 Illucvidetur
1248 3997 1303 4043 orirl
1319 3997 1360 4048 illa

105 4067 176 4112 vapra
194 4055 210 4100 l.
232 4054 273 4101 lV.
289 4069 309 4101 c.
324 4054 360 4102 ltt
396 4055 424 4101 la
437 4057 551 4116 Copttolto
567 4056 683 4116 Intellige,
694 4056 719 4101 ia
751 4057 883 4111 difficultas,
895 4057 990 4102 abluam
1003 4059 1092 4104 censeri
1105 4060 1217 4106 deberent
1230 4059 1351 4120 Campani

105 4117 166 4164 divo
176 4119 319 4178 Capitolino,
330 4133 377 4164 noo
387 4119 412 4164 in
424 4131 478 4166 arce
489 4121 547 4180 ipsa.
781 4119 797 4166 3
818 4121 910 4170 Vicerat
922 4121 1030 4176 Nestora.
1044 4120 1135 4184 Creuit]
1153 4123 1216 4168 oum
1227 4124 1357 4182 legebatur,

139 4180 152 4228 1
173 4180 638 4244 rm...aporucopmaduartu]
657 4183 716 4234 Qun
749 4185 1034 4244 transmutavimus
1052 4193 1127 4234 ostem
1140 4187 1253 4233 Graeculi·
1287 4185 1358 4236 Quod

103 4247 716 4364 ffilffildlfffllo‘lll‘dt17⁸²²¹¹l12i⁶
748 4248 946 4359 {lll'llffi‘l
957 4249 1286 4371 ittizmttltttut
1305 4249 1358 4358 ll?

101 4374 184 4435 qnltaa
194 4325 553 4434 minmop'ompoapemrd
568 4373 717 4422 Martisaaxo
749 4375 917 4434 pharoruete.
945 4327 1356 4436 ltNerr'ollranescioquoirlduo·

99 4439 219 4498 quadrato
237 4447 335 4486 arratam
353 4437 424 4485 initae
442 4440 511 4484 docet
533 4437 619 4492 leIus,
635 4437 715 4485 Md.
749 4447 798 4484 tum
822 4447 909 4486 temere
931 4447 974 4486 est.
1009 4439 1085 4498 liujus
1104 4437 1167 4484 enirn
1187 4439 1250 4486 urbia
1269 4439 1356 4488 {noctu

99 4503 151 4550 Ilio
164 4505 216 4563 jana
235 4517 284 4549 non
301 4503 393 4558 semita,
405 4501 447 4548 aad
458 4501 504 4558 vra,
516 4503 642 4550 sternenda
652 4503 715 4548 loea-
749 4501 892 4566 llpovalooc
909 4509 976 4548 voest
989 4499 1155 4566 ThucydIdes3
1180 4503 1262 4550 urbem
1281 4504 1357 4564 ipsam

98 4579 149 4616 rur.
162 4569 228 4614 allice
239 4575 329 4621 tamen,
341 4581 388 4612 non
403 4579 461 4613 saro
476 4567 598 4626 quadrato.
633 4565 716 4613 llartls
749 4565 867 4626 Polybus,
880 4562 1001 4628 Πρόνους,
1013 4565 1095 4612 Strabo
1107 4562 1249 4628 Πρόνησον.

145 4649 229 4692 Vola·
247 4649 302 4692 Ill.
1156 4647 1182 4688 Μ
