3086 4952
435 285 523 350 LlB.
548 285 711 352 xxxvl.
740 287 837 354 CAP.
860 291 960 356 xlll.
1352 305 1392 366 55

125 435 235 514 etim,
246 435 304 519 qai
318 433 561 514 dissentiebant,
574 435 617 500 ad
629 455 735 520 regem
754 447 981 503 convenerunt.
1009 462 1092 524 quos
1128 441 1228 510 lacida
1242 465 1268 512 u.
1281 467 1308 514 c.
1320 467 1374 514 ιιι.

126 521 268 586 oratione
283 519 413 584 territos
427 541 529 602 quum
543 519 772 604 permulsisset,
785 521 827 586 ad
837 543 927 607 spem
936 523 1075 608 vulgatae
1120 548 1227 592 emen·
1239 529 1267 576 A.
1280 531 1306 576 ⁰·
1321 529 1373 580 ¹⁹¹·

126 605 184 670 tiae
197 606 318 690 aliquot
332 603 447 690 populi
461 603 649 668 Acarnaniae
664 605 857 672 defecerunt.
899 607 1056 692 Thyrium
1078 632 1097 674 a
1120 611 1226 676 Medi-

126 711 189 754 one
212 691 378 776 profectus
406 697 466 766 est,
490 688 691 754 Mnesilocho
714 691 826 754 eodem
847 699 880 754 et
903 692 1015 776 legatis
1039 697 1224 779 praemissis.

127 775 279 840 Ceterum
307 774 435 838 detecta
464 772 615 838 Medione
638 773 725 838 fraus
753 775 919 854 cautiores,
947 799 1012 842 non
1040 777 1225 862 timidiores,

125 860 321 944 'l'hyrieuaes
334 858 420 922 fecit
458 857 532 922 dato
554 857 585 920 ei
604 859 692 922 haud
712 859 863 944 perplexo
878 881 1041 946 responso,
1056 863 1176 928 nullam
1190 889 1224 930 se

125 965 243 1010 novam
257 944 453 1021 societatem,
467 941 529 1006 nisi
553 963 594 1006 ex
616 945 802 1008 auctoritate
817 943 839 976 ⁴¹
850 946 1067 1012 Romanorum
1088 947 1223 1047 impera·

124 1037 245 1107 tomm,
257 1036 456 1176 accepturos,
470 1027 634 1112 portisque
647 1027 772 1106 clausis,
787 1039 924 1094 umatus
939 1031 973 1094 in
994 1033 1094 1096 muris
1116 1035 1223 1119 dispo-

125 1123 271 1178 suemut.
360 1121 376 1176 t
401 1119 639 1198 peropportune
672 1113 714 1176 ad
749 1114 982 1180 confirmandos
1017 1117 1222 1182 Acarnanum

124 1199 251 1262 animos
265 1197 327 1262 Cn.
343 1197 498 1262 Octavius
510 1195 627 1260 misnae
648 1217 668 1260 a
683 1197 847 1276 Quinctio,
862 1221 962 1282 quum
984 1201 1168 1285 presidium
1190 1213 1222 1268 et

167 1305 246 1348 ucas
267 1303 364 1346 naves
387 1281 428 1346 ab
453 1282 525 1344 ‘'A.
540 1281 715 1359 Postumio,
750 1281 785 1346 ui
806 1282 847 1346 ab
861 1283 960 1348 Atilio
974 1285 1078 1370 legato
1096 1286 1222 1371 Cepha-

123 1305 218 1434 Eaiae
240 1366 433 1466 prepositos
457 1365 569 1444 fuerat,
594 1365 777 1464 accepisset,
799 1367 979 1432 Leucadem
1002 1371 1099 1448 venit,
1121 1371 1153 1434 in
1178 1373 1222 1436 le-

123 1453 236 1537 vitque
252 1473 320 1538 sper
335 1473 456 1516 aomos:
480 1451 540 1514 Μ’.
553 1450 693 1515 Amhum
706 1451 871 1516 considam
880 1451 949 1536 jam
959 1475 1034 1518 cum
1044 1395 1221 1540 legiombus

124 1559 212 1602 mare
235 1537 406 1636 metisse,
421 1545 454 1634 et
471 1535 506 1600 in
528 1535 692 1634 Thessalia
710 1544 813 1600 castra
831 1537 976 1602 Romana
1000 1559 1078 1604 esse.
1123 1541 1221 1606 Hunc

123 1621 1221 1794 mffihl‘nffil‘dfsslae‘ihluhl'hlffllpllffi¹¹33]

147 1791 262 1856 usdam
276 1791 345 1856 aliis
359 1790 547 1855 Acarnaniae
561 1811 581 1854 o
627 1789 699 1869 idis,
709 1791 829 1876 'Phyrio
843 1792 1005 1873 abscessit,
1013 1801 1046 1858 et
1059 1795 1220 1880 perAEto-
1233 1811 1303 1857 ιιιιιι
1316 1811 1339 1858 ιιι

123 1877 175 1942 liae
188 1897 225 1941 ac
240 1877 389 1941 Phocidis
399 1875 496 1940 urbes
510 1874 538 1938 C
591 1875 694 1938 erdem
708 1876 810 1940 rediit.
1233 1874 1356 1922 auom.

167 1963 269 2026 Xlll.
292 1961 360 2026 Sub
375 1961 461 2024 idem
474 1967 602 2044 tempus
618 1960 667 2023 M.
684 1960 815 2025 Baebius
829 1970 862 2025 et
877 1962 1045 2048 Philippus
1066 1985 1132 2042 rex,
1157 1963 1219 2028 'am

123 2055 199 2110 ente
216 2067 276 2132 per
295 2047 433 2110 hiemem
454 2045 488 2108 in
511 2045 703 2110 Dassaretiis
721 2047 892 2130 congressi,
917 2069 1017 2130 quum
1038 2049 1102 2132 Ap.
1123 1987 1220 2112 Clau-

123 2133 226 2209 dium,
240 2141 279 2195 ut
296 2131 460 2196 obsidione
482 2129 641 2194 Larissam
662 2129 822 2209 eximeret,
842 2131 877 2195 in
897 2132 1092 2196 'l'bessaliam
1115 2132 1219 2198 misis-

123 2225 210 2294 sent,
235 2216 311 2300 quia
335 2215 369 2278 id
389 2223 518 2300 tempus
551 2215 648 2278 rebus
678 2215 824 2299 gerendis
860 2215 1057 2280 inmaturum
1081 2225 1159 2294 erat,
1184 2217 1219 2280 in

122 2301 262 2364 hiberna
274 2300 415 2385 regressi,
428 2299 583 2386 principio
606 2299 688 2362 veria
713 2299 892 2382 conjunctis
905 2299 1005 2383 copiis
1028 2299 1063 2362 in
1084 2300 1219 2364 Thessa·

122 2385 200 2450 liam
215 2385 455 2450 descenderunt.
489 2383 528 2448 ln
538 2383 719 2448 Acarnania
732 2391 803 2446 tum
815 2382 995 2446 Antiochus
1006 2391 1083 2448 erat.
1112 2383 1218 2448 Adve-
1231 2418 1354 2480 mm„

123 2470 261 2549 aientes,
277 2470 443 2556 Philippus
457 2469 621 2534 Malloeam
643 2467 987 2546 permutabantur
1002 2467 1155 2532 Phacium
1170 2477 1219 2534 est
1231 2490 1254 2528 et
1267 2483 1360 2530 sustu·

122 2555 303 2640 sdgrettus.
335 2577 400 2639 quo
421 2554 526 2653 primo
541 2575 642 2638 prope
661 2553 774 2638 inpetu
794 2561 900 2638 capto,
925 2553 1091 2618 Phaestum
1108 2553 1217 2652 ‘fldem
1230 2546 1366 2622 iprum.

121 2640 282 2704 celeritate
304 2640 400 2726 capit.
429 2641 505 2704 rude
526 2641 676 2702 Atracem
695 2659 797 2737 quam
816 2659 850 2702 se
867 2637 1047 2723 recepisset,
1071 2639 1216 2737 Cyretias
1230 2611 1373 2735 Jiglissi.

120 2725 198 2790 binc
212 2735 246 2788 et
259 2725 430 2789 Eritinmffl
450 2731 606 2808 occupate
627 2724 845 2808 praesrdusque
892 2745 927 2786 er
950 2731 1076 2810 recepta
1098 2725 1217 2810 oppida
1229 2745 1279 2784 una

120 2811 171 2874 dia
234 2810 296 2888 tis,
317 2809 400 2874 Phili
423 2831 466 2894 po
486 2829 598 2872 rursus
621 2808 781 2872 obsidenti
802 2809 839 2872 M
884 2829 965 2872 oeam
983 2829 1016 2872 se
1040 2809 1215 2894 conjungit.

121 2895 170 2959 Su
206 2895 378 2958 adventurn
400 2831 539 2958 Romani
562 2893 728 2971 exercitus,
743 2915 801 2956 seu
819 2893 860 2956 ad
882 2900 1004 2956 metum
1018 2893 1144 2971 virium,
1158 2915 1216 2956 seu

121 2981 162 3044 ed
298 2981 410 3058 veniae,
437 2999 539 3062 quum
570 2978 766 3042 dedidissent
801 2997 890 3054 sese;
912 2977 953 3040 ad
977 2997 1014 3040 ea
1036 2977 1217 3073 recipienda

120 2999 347 3213 pppnifflquae
375 3065 571 3128 Athamanes
597 3083 676 3128 occu
700 3069 840 3139 averant,
862 3081 927 3124 uno
951 3060 1076 3159 agmine
1100 3068 1215 3157 remut.

210 3157 355 3212 tantem
382 3150 462 3226 haec,
483 3148 661 3232 AEginium,
713 3146 861 3211 ricinium
869 3155 894 3224 ¹¹,
919 3145 1073 3230 Gomphi,
1099 3145 1215 3224 Srlaua,

119 3235 244 3313 Tricca,
260 3233 422 3312 Meliboea,
447 3233 601 3297 Phaloria.
645 3233 725 3296 Inde
749 3231 946 3310 Pellinaeum,
969 3231 1026 3296 ubi
1048 3230 1216 3318 Philippus

121 3319 415 3404 Megalopolitanus
429 3339 504 3381 cum
518 3317 700 3402 quingentis
719 3316 881 3415 peditibus
901 3323 934 3380 et
956 3315 1116 3400 equitibus
1138 3337 1216 3399 qua-

120 3401 268 3488 draginta
289 3403 322 3466 in
346 3403 495 3488 prasidio
522 3411 599 3480 erat,
626 3409 680 3464 ειο
709 3401 948 3480 crrcumsidunt,
976 3409 1010 3464 et
1030 3401 1216 3486 priusquam

120 3490 356 3588 obpugnarent,
380 3487 514 3550 mittunt
538 3488 579 3551 ad
603 3486 797 3572 Philippum,
812 3486 868 3569 qui
892 3494 1068 3565 monerett‘,
1090 3508 1130 3550 ne
1150 3484 1216 3548 vim

120 3575 268 3637 ultrmm
283 3572 418 3657 experiri
432 3571 535 3635 vellet.
580 3571 707 3637 Quibus
720 3571 772 3634 ille
787 3571 864 3634 satis
878 3569 1022 3636 ferociter
1042 3569 1216 3654 respondit,

120 3659 169 3721 vel
185 3658 351 3735 Romanis,
367 3657 416 3720 vel
430 3657 591 3720 Thessalis
614 3677 648 3718 se
671 3655 866 3719 crediturum
888 3655 1003 3718 tuisse:
1026 3655 1059 3718 in
1076 3653 1215 3738 Philippi

119 3765 153 3807 se
168 3751 361 3828 potestatem
376 3741 620 3804 commissurum
634 3761 699 3804 non
715 3761 793 3802 esse.
837 3741 1011 3823 Postquam
1023 3739 1170 3824 adparuit
1183 3740 1216 3802 vi

118 3829 291 3914 agendum,
306 3825 382 3911 quia
396 3825 563 3890 videbatur
576 3833 610 3890 et
623 3825 800 3889 Limnaeam
815 3824 926 3888 eodem
939 3831 1081 3910 tempore
1090 3825 1215 3910 obpug-

232 3997 254 4028 fl
266 3993 384 4040 Pte-leison
393 3991 466 4038 Gran.
476 3991 544 4038 Cres.
838 3991 853 4020 Β
864 3987 982 4034 misam
995 3987 1060 4034 uad.

280 4061 294 4090 ⁰
304 4063 328 4104 st
336 4056 382 4102 del.
396 4055 472 4102 Belrk.
724 4055 864 4100 tuamne
876 4049 971 4112 Kreyas.
984 4051 1060 4097 llelsk.

149 4207 181 4262 47
198 4207 351 4254 mon·
371 4199 543 4266 ιιιρινιιαιιιι]
577 4202 668 4250 Ultima
688 4215 733 4249 vox
766 4201 927 4248 decretaerst
954 4199 1223 4262 Vldsuprel.XXxV.
1236 4197 1304 4244 edo.
1323 4197 1380 4244 Cra·

119 4268 509 4334 neritosmpeetaestdronosio.
766 4265 839 4312 dibile
861 4273 897 4312 est
919 4265 990 4324 igitur
1015 4265 1087 4312 luteas
1109 4262 1255 4312 Postumium
1277 4261 1380 4320 legatum

150 4337 182 4382 ιι
198 4337 229 4382 A.
242 4335 368 4388 Portenta,
379 4333 419 4394 ιιι·
434 4333 465 4378 ab
476 4332 549 4378 Aeto
559 4332 635 4392 legato
646 4331 735 4390 Capta·
768 4329 844 4384 Atilii,
865 4329 1037 4390 legendumque
1059 4330 1104 4376 boc
1122 4327 1173 4374 loco
1193 4327 1288 4386 legalem
1321 4325 1379 4374 lte.

119 4401 183 4448 lesia
198 4401 337 4461 moestu
346 4393 442 4457 final]
468 4395 554 4444 Atilios
573 4409 620 4442 non
634 4395 734 4453 legatus,
767 4393 934 4440 Pannonius.

119 4465 160 4512 sed
177 4465 228 4526 ipse
242 4471 332 4524 pretor
348 4461 402 4517 luit,
420 4460 459 4508 cal
475 4459 555 4508 deuia
565 4467 591 4506 ιι
601 4457 742 4506 Macedonia
