3108 4982
167 259 231 324 280
506 253 509 258 '
733 247 826 312 'l'l‘l'l
857 245 972 312 LlVll

158 423 303 536 iiiii.
330 425 432 554 tit
439 399 896 572 ttittltli'ttttt
910 395 1429 565 iiffliiiiniiimiiiii

333 574 466 638 ferocius
496 572 612 634 saltum
638 570 834 632 insederunt.
877 565 943 629 Ubi
970 587 1044 628 eum
1073 565 1189 628 saltum
1219 565 1323 649 prima
1351 566 1427 628 luce

333 680 446 742 agmen
463 659 643 719 Romanum
657 653 796 730 intravit,
818 658 948 734 repente
963 671 1002 712 ex
1017 649 1141 713 duabus
1161 650 1305 734 partibus
1327 649 1428 712 simul

332 743 433 806 exorti
447 743 555 804 hostes
568 742 728 802 &manos
748 737 942 799 invaserunt.
986 735 1083 800 Quod
1105 735 1162 796 ubi
1176 734 1256 796 vidit
1278 734 1427 812 Flaccus,

333 828 453 913 primos
469 825 636 902 tumultus,
651 823 684 886 in
698 821 822 905 agmine
838 841 894 904 per
907 819 1108 882 centuriones
1123 827 1205 881 stare
1219 839 1340 896 omnes,
1363 839 1427 882 suo

334 932 491 994 quemque
505 910 584 986 loco,
598 917 631 971 et
645 929 732 970 arma
745 905 891 989 expedire
901 902 1056 988 jubendo,
1071 903 1210 966 sedavit:
1233 911 1274 980 et,
1290 902 1427 965 sarcinis

330 995 547 1080 jumentisque
563 994 597 1055 in
611 1013 713 1054 unum
724 991 829 1054 locum
840 988 966 1064 coactis,
977 988 1084 1071 copias
1095 1009 1205 1050 omnes
1216 987 1331 1070 partim
1343 986 1427 1071 ipse,

335 1081 451 1165 partim
470 1101 527 1162 per
544 1078 664 1160 legatos
675 1075 883 1156 tribunosque
896 1072 1044 1150 militum,
1058 1081 1096 1134 ut
1110 1080 1247 1155 tempus,
1262 1079 1300 1132 ut
1310 1070 1321 1110 ¹
1332 1070 1428 1133 locus

336 1164 528 1250 postulabat,
553 1163 620 1224 sine
641 1161 707 1222 ulla
723 1158 930 1242 trepidatione
949 1156 1116 1218 instruxit:
1132 1155 1227 1218 ”eum
1248 1156 1293 1218 bis
1312 1156 1429 1218 deditis

336 1271 400 1311 rem
415 1269 479 1311 ease
492 1249 676 1310 admonens.
711 1245 815 1306 Scelus
829 1248 860 1304 et
870 1241 1031 1322 perfidiam
1045 1242 1118 1317 iliis,
1132 1242 1355 1316 aonoirtutem,
1369 1259 1430 1302 uec
1531 1297 1537 1321 ,

338 1336 470 1396 animum
489 1333 658 1396 accersiam.
701 1329 844 1391 Reditum
863 1326 1021 1407 ι’φιοῠίὶιιιι
1039 1325 1228 1405 inputriem,
1250 1326 1367 1387 cionem
1387 1344 1430 1388 oc

337 1417 558 1480 memorabilem
577 1436 627 1478 eos
644 1415 703 1476 eibi
717 1413 848 1493 secisse.-
870 1416 1009 1472 eruemm
1023 1429 1062 1472 ee
1075 1411 1187 1470 recedi
1202 1409 1281 1470 cede
1294 1409 1431 1471 Ιιοιιὶιιιιι
1532 1442 1535 1461 ι

334 1504 465 1584 plodios,
489 1508 519 1563 et
540 1499 697 1562 manantia
719 1497 865 1576 committe
887 1495 996 1574 spolia,
1017 1494 1145 1554 licinum
1171 1493 1214 1554 ad
1240 1493 1431 1573 triumphum

338 1587 500 1648 delaturos.
545 1583 640 1645 Plura
654 1580 716 1642 dici
730 1587 858 1662 tempus
874 1599 938 1640 non
952 1577 1140 1660 patiebatur.
1176 1575 1369 1639 invehebant
1394 1597 1430 1640 se

338 1671 456 1745 hostes,
479 1675 511 1730 et
527 1667 561 1729 in
575 1665 718 1750 partibus
733 1661 881 1726 extremis
891 1662 959 1746 jam
972 1661 1184 1746 pugnabatur.
1216 1660 1330 1724 deinde
1343 1661 1430 1725 acies

338 1757 575 1816 concurrerunt.

381 1836 453 1898 XL.
476 1836 577 1897 Atrox
590 1833 708 1916 ubique
718 1831 877 1917 proelium,
891 1831 947 1894 sed
960 1830 1046 1894 varia
1058 1830 1185 1894 fortuna
1199 1837 1275 1895 erat.
1402 1830 1430 1894 'e

339 1921 361 1952 ³⁴
373 1919 522 2016 legiones,
546 1940 605 1982 nec
628 1917 756 2002 segnius
779 1917 851 1979 duae
869 1916 927 1978 alae
941 1916 1147 2002 pugnabant3
1169 1923 1298 1978 externa
1311 1936 1352 1977 au
1378 1915 1431 1978 “a

338 2003 378 2067 ab
394 2003 488 2066 simili
503 2011 670 2080 armatura,
679 2001 806 2065 meliore
817 2001 1015 2083 aliquantum
1024 1999 1161 2062 militum
1173 2020 1297 2084 genere,
1310 2021 1430 2082 urgue-

338 2089 465 2166 bantur,
490 2109 548 2150 nec
573 2087 679 2151 locum
703 2085 785 2148 tueri
814 2093 971 2170 poterant.
1015 2083 1175 2160 Celtiberi,
1197 2084 1253 2146 ubi
1282 2083 1431 2146 ordinata

339 2174 404 2236 acie
420 2180 452 2236 et
466 2172 565 2256 signis
584 2171 716 2235 conlatis
732 2191 765 2233 se
781 2191 845 2233 non
859 2191 927 2232 esse
940 2189 1032 2253 pares
1046 2167 1224 2252 legionibus
1248 2177 1430 2247 senserunt,

340 2280 441 2322 cuneo
468 2257 698 2342 inpressionem
725 2255 876 2318 fecerunt.
928 2274 992 2336 quo
1021 2260 1146 2316 tantum
1173 2251 1279 2316 valent
1313 2273 1430 2336 genere

340 2365 469 2427 pugnae,
483 2351 530 2420 ut,
545 2362 744 2424 quacumque
759 2347 847 2423 parte
862 2337 1050 2422 ”perculere
1065 2336 1177 2420 inpetu
1192 2358 1261 2416 suo,
1279 2337 1431 2399 sustiueri
1535 2355 1537 2366 ⁴

341 2435 509 2509 nequeant.
546 2435 624 2488 tunc
645 2445 772 2507 quoque
793 2423 929 2486 turbatae
950 2421 1089 2506 legiones
1109 2430 1195 2498 sunt,
1216 2442 1315 2505 prope
1331 2421 1432 2484 inter-

340 2519 435 2592 rupta
462 2509 554 2570 acies.
601 2509 706 2572 Quam
736 2507 977 2591 trepidationem
1006 2505 1062 2569 ubi
1092 2505 1223 2568 Flaccus
1252 2506 1430 2589 conspexit,

340 2615 421 2674 equo
445 2591 612 2653 advehitur
634 2592 674 2652 ad
697 2590 883 2672 legionarios
904 2590 1045 2673 equites:
1068 2597 1110 2667 et,
1129 2590 1252 2670 Ecquid
1272 2591 1384 2652 uueilii
1399 2593 1439 2653 ia·
1533 2645 1537 2675 ,

339 2677 422 2738 vobis
440 2677 511 2736 est?
553 2677 666 2736 Actum
677 2675 748 2754 jam
767 2674 805 2736 de
825 2675 882 2736 doc
905 2677 1040 2737 eaereitst
1062 2676 1150 2737 erit?
1171 2695 1271 2758 quum
1286 2674 1438 2756 undique

339 2758 578 2836 adclamassent,
602 2760 674 2839 quin
696 2759 807 2835 ederet,
826 2759 900 2839 quid
911 2759 986 2838 fieri
1005 2760 1095 2832 veiit,·
1116 2779 1177 2820 non
1190 2761 1323 2840 eepveiter
1335 2760 1431 2839 impe-

339 2845 419 2905 rium
433 2850 633 2906 exsecuturos.
677 2844 839 2925 Dupiieate
854 2849 980 2921 tumea,
1001 2841 1115 2925 inquit,
1135 2843 1263 2905 duorum
1281 2845 1431 2924 legionum

340 2931 464 3009 equites,
488 2934 518 2990 et
542 2926 736 3010 ”permittite
757 2947 847 3008 equos
870 2929 903 2990 in
927 2947 1050 2990 cuneum
1071 2929 1211 3005 testium,
1233 2947 1290 3008 qao
1310 2934 1431 2990 nostros
1536 2977 1537 2982 1

340 3019 479 3096 urpuent.
508 3013 543 3074 id
556 3033 622 3075 cum
636 3013 795 3092 majorevi
810 3031 952 3092 equomm
958 3009 1095 3090 facietis,
1113 3013 1141 3073 si
1156 3011 1318 3092 effremtos
1331 3013 1364 3073 in
1380 3031 1431 3074 eos

341 3118 430 3178 equos
444 3099 599 3160 immittitis
611 3125 620 3158 :
643 3097 724 3178 qued
734 3117 812 3176 sepe
826 3097 978 3158 Rootonoc
992 3097 1105 3175 equites
1123 3115 1190 3157 cum
1211 3115 1321 3176 mopso
1341 3096 1431 3157 laude

333 3181 446 3259 secisse
467 3201 533 3257 suo,
556 3183 705 3242 memorie
718 3181 877 3260 proditum
895 3185 949 3241 est.
994 3177 1090 3242 Dicto
1108 3187 1292 3262 paruerunt,
1308 3179 1430 3241 detrac-

342 3265 445 3345 tisque
466 3263 563 3325 frenis
582 3263 632 3325 bis
649 3264 732 3326 ultro
757 3264 897 3345 citroque
922 3283 996 3325 cum
1020 3283 1135 3347 magna
1156 3271 1259 3347 strage
1278 3263 1429 3339 hostium,

341 3347 482 3409 infractis
497 3345 646 3408 omnibus
660 3347 771 3424 hastis,
786 3354 1050 3410 transcurrerunt.
1094 3346 1258 3430 Dissipato
1269 3367 1382 3425 cuneo,
1398 3347 1430 3408 in

177 3435 313 3483 ceduntur.
341 3453 405 3515 quo
429 3430 532 3494 omnis
555 3451 628 3514 spes
653 3429 764 3510 fuerat,
788 3430 939 3494 Celtiberi
955 3430 1121 3514 trepidare,
1137 3439 1178 3507 et,
1193 3453 1292 3528 prope
1314 3431 1432 3494 omissa

342 3536 460 3599 pugna,
475 3515 581 3578 locum
596 3513 680 3598 fugae
696 3515 946 3599 circumspicere.
990 3515 1034 3577 Et
1053 3513 1171 3576 ’'alarii
1191 3523 1323 3598 equites,
1341 3523 1430 3599 post-

342 3621 438 3682 quam
463 3600 678 3662 Romanorum
701 3599 845 3682 equitum
869 3607 934 3662 tam
955 3597 1156 3662 memorabile
1178 3599 1300 3662 facinus
1314 3599 1431 3676 videre,

342 3691 374 3747 et
389 3683 460 3769 ipsi,
475 3683 592 3748 virtute
614 3705 724 3749 eorum
741 3681 874 3762 accensi,
892 3682 960 3747 sine
981 3683 1078 3746 ullius
1098 3682 1229 3769 imperio
1252 3683 1286 3748 in
1305 3692 1431 3768 pertur-
1536 3689 1537 3692 ’

796 3837 838 3890 ‘a
850 3843 925 3890 Gran.
938 3843 1006 3889 Cres.

211 3983 243 4032 33
260 3983 316 4030 Cum
338 3983 372 4030 ta
393 3982 490 4042 deditis]
519 3983 595 4030 Unius
617 3984 788 4031 Celtiberorum
819 3984 919 4044 intelligi
931 3985 1017 4030 debent
1030 3985 1137 4044 llispsni,
1150 3997 1222 4044 quum
1239 3985 1348 4031 dicsntur
1363 3985 1432 4031 sissiis'
1533 3990 1535 4021 l

178 4047 303 4095 deditionis
323 4061 393 4106 suprs
416 4047 441 4092 dt
463 4047 559 4100 mentio,
577 4062 596 4092 c.
615 4048 654 4095 33.
687 4049 788 4098 Quando
820 4056 936 4095 mamre
947 4047 1017 4094 sulse
1029 4061 1082 4094 cum
1094 4049 1217 4095 Celtiberis
1227 4049 1340 4095 hostibus.

179 4111 252 4158 sltem
264 4109 324 4157 isets
335 4111 372 4166 sit,
383 4111 447 4156 baud
459 4111 525 4157 facile
536 4111 645 4169 reperies.
851 4112 883 4158 33
909 4113 1029 4160 ramere
1047 4115 1131 4173 inpets
1152 4109 1204 4172 sse]
1235 4113 1298 4172 laege
1317 4113 1432 4173 pertulere
1531 4120 1537 4166 l

211 4175 243 4222 34
260 4175 369 4234 Legiones
390 4176 489 4221 ...olo
573 4180 666 4220 esterna
687 4171 788 4235 ιιιιτίἱὶιι]
820 4177 914 4234 impetes
925 4191 984 4222 ιιιιι.

182 4239 226 4284 llic
238 4240 299 4284 clare
310 4239 487 4296 distinguuntur
499 4237 543 4282 tria
554 4237 654 4282 militum
666 4250 752 4294 genera
763 4239 788 4284 in
852 4239 884 4285 36
900 4241 1030 4286 Permittite
1048 4253 1115 4300 equos
1134 4240 1217 4286 ...id
1233 4253 1283 4286 csss
1305 4237 1392 4300 ssojors
1411 4239 1433 4285 si
1529 4256 1531 4273 ¹

179 4303 283 4347 exercitu
296 4303 416 4354 ltomsoe:
429 4303 555 4362 legimns
566 4300 654 4346 civibus
663 4302 789 4356 Romamn
821 4299 936 4363 mmm]
956 4303 1013 4348 'l'sn
1028 4303 1103 4349 Faber
1113 4303 1177 4349 delet
1188 4316 1268 4348 vocem
1279 4317 1396 4364 equorum.

179 4366 230 4416 ela,
252 4379 265 4410 s
284 4366 352 4410 sociis
371 4375 394 4412 et
417 4366 510 4411 nomine
536 4365 619 4410 Latino
641 4372 788 4411 constantes:
853 4365 884 4421 37
901 4367 978 4413 Ata-ta·
988 4364 1085 4428 equites]
1105 4367 1203 4426 Equites
1213 4367 1276 4413 socii.

180 4433 272 4474 estem
290 4429 377 4475 ouilia
394 4437 449 4476 sunt
467 4429 565 4476 aliarum
585 4429 699 4488 gentium,
715 4435 740 4476 ot
752 4429 790 4475 bic
