3108 4982
160 315 225 379 238
759 305 852 368 Tl'll
885 303 1000 366 LlVll

164 481 195 530 u.
205 481 232 528 e
244 477 299 526 aas.
326 454 491 534 maiomam,
505 453 717 518 conoberto:
740 451 924 516 deiectionis
940 457 1095 526 auctores,
1109 469 1246 532 quomm
1260 449 1294 514 in
1316 471 1418 514 namu

164 546 195 592 Δ·
205 545 231 592 ⁰·
245 542 297 590 ¹⁸³
326 540 505 625 respublica
518 545 595 617 erat,
609 537 643 600 in
658 544 778 600 secreto
791 536 1019 612 consultantes,
1032 555 1143 597 omues
1158 534 1199 597 ad
1213 555 1325 598 necem
1346 537 1418 620 ejus

327 623 584 688 consentiebant:
606 621 673 700 sed,
687 629 797 684 utrum
810 625 1016 698 maturarent,
1029 639 1070 681 an
1085 618 1257 698 differrent,
1275 620 1419 705 ambige-

164 709 262 786 trepens
327 709 432 772 butun
473 707 560 770 Vicit
584 727 658 790 pars
681 705 802 768 avidior
828 725 944 789 poenoe,
967 703 1158 788 missusque,
1179 703 1235 787 qui
1255 725 1418 768 venenum

165 775 261 820 ΝΜ·
329 794 434 856 ferret.
454 794 596 876 Accepto
606 789 819 876 poculo,nihil
833 789 919 852 aliud
933 789 1075 851 locutum
1089 789 1206 866 ierunt,
1217 809 1312 871 quam
1328 811 1419 874 quas-

329 878 419 956 sisse,
431 878 460 940 ss'
473 877 631 940 inanimis
644 875 795 956 Lycortas
812 874 851 956 (is
864 873 943 936 alter
951 871 1122 958 imperator
1128 873 1320 936 Achaeorum
1334 877 1415 957 erat)

329 963 500 1044 equitesque
513 961 708 1024 comissest?
752 959 925 1041 Postquam
940 957 1062 1020 dictum
1075 964 1135 1034 est,
1148 957 1311 1021 iseobcnes
1330 978 1417 1031 esse,-

329 1049 413 1110 Bene
426 1047 526 1124 balet,
540 1043 664 1128 inquit;
685 1051 728 1121 et,
745 1042 893 1190 'ipoculo
914 1041 1062 1126 inpavide
1076 1041 1240 1119 exhausto,
1261 1041 1350 1104 haud
1373 1042 1419 1104 ita

330 1131 433 1196 multo
491 1127 710 1214 stexspiravit.
787 1149 829 1190 ou
839 1137 852 1176 t
862 1126 1049 1190 diuturnum
1063 1125 1174 1188 mortis
1184 1125 1253 1210 ejus
1262 1126 1418 1210 gaudium

331 1151 513 1280 auctoralis
541 1212 735 1276 crudelitatis
758 1212 830 1275 fuit.
875 1211 958 1274 victa
993 1231 1129 1294 namque
1157 1209 1305 1274 Messene
1332 1209 1418 1274 bello

331 1298 577 1386 exposcentibus
590 1297 718 1361 thoeis
732 1296 843 1360 noxios
866 1295 995 1373 dedidit,
1009 1315 1142 1377 ossaque
1165 1293 1288 1358 reddita
1309 1295 1419 1358 Philo-

331 1383 487 1470 poemeuis
502 1391 598 1446 sunt:
620 1389 653 1446 et
667 1380 690 1414 '³
703 1381 847 1465 sepultus
872 1381 912 1443 ab
935 1381 1082 1443 universo
1097 1379 1236 1442 Achaico
1257 1388 1326 1442 est¹
1341 1401 1419 1443 con-

333 1470 415 1548 cilio,
425 1469 502 1534 adeo
516 1466 664 1532 omnibus
679 1465 826 1530 humanis
835 1465 992 1548 congestis
1003 1462 1186 1542 honoribus,
1197 1471 1235 1526 ut
1248 1485 1289 1526 ne
1302 1465 1420 1528 divinis

333 1554 461 1638 quidem
470 1552 689 1616 abstineretur.
704 1549 757 1612 Ab
765 1549 972 1633 scriptoribus
982 1569 1088 1612 rerum
1100 1547 1221 1612 Graecis
1231 1548 1420 1632 latinisque

333 1647 460 1702 tautum
474 1637 549 1700 huic
563 1635 630 1698 viro
645 1634 805 1710 tribuitur,
821 1642 858 1696 ut
880 1654 899 1696 a
920 1633 1112 1716 quibusdam
1135 1652 1254 1710 eorum,
1268 1633 1358 1696 velut
1379 1634 1421 1697 ad

170 1723 228 1798 rag
333 1722 490 1805 insignem
516 1727 624 1784 notam
652 1717 748 1801 hujus
773 1717 859 1794 anui,
885 1717 1044 1780 memoriae
1072 1717 1258 1780 mandatum
1279 1717 1331 1796 sit,
1354 1727 1421 1782 tres

169 1787 258 1909 m&
333 1807 434 1869 claros
448 1805 654 1887 imperatores
664 1823 701 1864 eo
711 1823 796 1864 anno
806 1801 985 1880 decessisse,
996 1801 1277 1949 Philopoemenem,
1294 1802 1422 1866 Hauni-

169 1913 262 1959 nonna
333 1889 446 1968 balena
461 1889 497 1952 P.
513 1887 703 1985 Scipionem.
730 1886 808 1983 adeo
823 1886 857 1948 in
871 1907 963 1984 aequp
985 1907 1058 1950 eum
1103 1907 1215 1950 uarum
1238 1888 1422 1972 potentissi-

293 1971 1422 2140 ‚mantuanensium

172 2115 319 2163 ³⁸⁰⁰¹¹³⁸¹¹⁸
334 2143 430 2222 venit,
457 2163 553 2241 quem
578 2149 761 2226 suspectum
784 2140 936 2204 Romanis
954 2149 987 2204 et
1013 2140 1189 2288 ''recpptus
1215 2149 1290 2225 post
1311 2141 1422 2226 fugam

334 2227 486 2292 Antiochr
511 2225 683 2304 Hannibal,
709 2234 741 2288 et
763 2220 884 2288 bellum
910 2225 1060 2289 adversus
1120 2247 1267 2289 umeuem
1296 2237 1423 2290 motum

334 2312 478 2376 faciebat.
513 2311 569 2391 ibi,
583 2311 605 2342 ⁰⁴
618 2332 674 2374 seu
689 2309 763 2395 quia
784 2331 804 2372 a
826 2309 1003 2374 Flaminino
1026 2309 1108 2374 iuter
1133 2318 1236 2374 cetera
1259 2309 1423 2395 objectum

336 2397 457 2460 Prusiae
481 2405 558 2474 erat,
580 2395 740 2460 hominem
762 2395 916 2473 omnium,
936 2395 991 2479 qui
1005 2395 1163 2493 'viverent
1179 2395 1423 2494 infestissimum

335 2481 459 2642 ittig
473 2481 1424 2648 ditttjttti.intitulasti.tttitiis

336 2648 492 2732 populum
509 2648 688 2743 Romanpm
703 2647 833 2744 fuisset:
856 2669 913 2710 seu
936 2649 1011 2732 quia
1031 2649 1099 2734 ipse
1115 2651 1252 2728 Prusias,
1266 2659 1304 2712 ut
1325 2652 1423 2734 grati-

337 2733 486 2794 ficaretur
499 2739 651 2815 praesentr
670 2731 848 2794 Flammmo
865 2733 1088 2817 Romanisque,
1102 2755 1161 2832 per
1176 2757 1209 2798 se
1224 2736 1357 2798 necandi
1368 2745 1425 2798 aut

336 2815 481 2880 tradendi
503 2814 574 2912 ejus
593 2815 628 2877 in
643 2823 832 2912 potestatem
854 2817 1021 2880 consilium
1042 2829 1143 2904 cep1t3
1165 2819 1300 2905 aprimo
1315 2821 1425 2883 conlo-

337 2899 597 3050 lliallnllali
605 2899 1426 3070 ffdffltltfftltiittltlttltttt

336 3071 389 3134 bal
403 3077 608 3156 prospexerat
622 3070 739 3150 animo,
753 3079 786 3134 et
810 3071 1026 3136 Romanorum
1049 3073 1237 3159 inexpiabile
1258 3075 1368 3138 odium
1389 3076 1425 3138 in

431 3220 560 3266 t‘cesssbot
572 3217 638 3264 Cres.
766 3223 781 3263 t
792 3219 843 3266 Nee
854 3221 927 3266 Gran.
940 3221 1008 3268 Cres.
1135 3228 1190 3272 rcst
1202 3225 1247 3271 del.
1260 3224 1326 3271 End.

205 3347 235 3396 iil
254 3344 458 3406 Pocsiotapssids
474 3339 593 3403 satsmto]
619 3343 707 3402 Sigouii
726 3344 784 3390 liber
815 3344 839 3390 in
857 3345 918 3392 bello
936 3345 1047 3393 adsersus
1070 3348 1209 3404 Eumenem,
1230 3349 1312 3395 utilem
1328 3363 1424 3409 operam

175 3419 200 3458 et
211 3419 289 3456 noster
302 3410 359 3455 vies
373 3411 460 3454 insuto.
494 3407 532 3454 ste
550 3406 702 3465 Sophonisba,
713 3421 784 3466 supra
815 3423 918 3456 narasse.

174 3476 190 3522 l.
209 3475 283 3520 XXX.
302 3487 321 3520 c.
343 3471 380 3525 lb,
395 3471 498 3532 poculum
517 3471 682 3530 ...inpavide
701 3472 783 3516 bremt.
847 3473 879 3520 94
895 3474 940 3520 Sss
961 3476 1015 3534 msa
1036 3489 1051 3522 a
1073 3471 1212 3536 Flaminino]
1244 3475 1292 3522 llic
1315 3477 1425 3536 Drrjatius

175 3539 213 3584 Sic
224 3539 248 3583 in
260 3537 394 3583 remultnm
412 3533 518 3580 dissimili
537 3533 610 3580 Bitias
628 3534 690 3594 spud
702 3535 783 3594 virgil.
815 3537 911 3582 adnotat
930 3537 1088 3584 Flamininum
1105 3539 1201 3599 privata
1216 3539 1313 3586 ultionis
1331 3541 1426 3600 cupidi-

176 3601 297 3649 AEneidl.
311 3601 328 3646 l.
341 3599 537 3659 v.7tt,isspigsr
552 3599 628 3644 lusit
639 3599 782 3658 Spussastsss
814 3607 861 3646 tate
881 3601 977 3648 accendi
999 3603 1102 3662 petulcae
1132 3603 1156 3649 in
1180 3603 1328 3660 Annibalem,
1357 3607 1425 3665 casius

172 3671 283 3726 pstmn.
327 3664 416 3709 Tamen
439 3671 517 3708 tuetur
536 3663 654 3720 vulgatum
673 3661 721 3708 cic.
740 3675 783 3723 pro
814 3677 885 3723 opera
897 3665 970 3712 victua
988 3680 1106 3726 musque
1123 3675 1189 3726 pater
1208 3667 1234 3714 0.
1247 3669 1377 3714 Flaminius
1393 3670 1426 3716 sd

176 3729 270 3776 cluent.
282 3742 305 3772 n.
317 3726 357 3782 ³1,
369 3727 422 3772 lan
438 3727 545 3772 eeiomto
556 3725 683 3786 idopomlc
698 3728 783 3772 ssortts.
816 3727 987 3787 Trasymenum
999 3729 1073 3776 lacum
1090 3739 1159 3778 esset.
1192 3731 1221 3777 ln
1240 3745 1292 3777 eam
1311 3732 1425 3778 nimirum

176 3791 209 3840 Et
219 3792 268 3852 ipse
278 3790 367 3846 Livius,
374 3789 419 3836 boc
430 3789 497 3844 libro,
507 3803 526 3835 ι.
534 3803 582 3848 seq.
590 3790 782 3848 pmslssssstas·
814 3791 949 3850 opinionem
959 3792 1026 3838 illusn
1041 3794 1185 3841 induxerunt
1200 3795 1304 3854 insigues
1320 3797 1425 3842 celeber·

175 3859 213 3903 ss't.
247 3855 329 3914 ltaque
347 3853 484 3899 utrumlibet
501 3852 540 3898 nte
558 3851 629 3911 legas,
640 3853 677 3898 rel
696 3854 783 3908 inesto,
815 3855 868 3900 rimi
881 3855 1057 3914 Tragrcdiaurm
1068 3859 1186 3918 scriptoris
1197 3873 1277 3905 sersus
1291 3859 1317 3906 in
1335 3860 1426 3906 Fabula

176 3919 213 3966 sei
224 3921 337 3972 alanta,
349 3917 415 3976 paral
426 3915 504 3961 refert
816 3932 868 3977 que
887 3917 1021 3966 inscribitur
1040 3921 1191 3969 Nicomedes:
1210 3923 1243 3969 Et
1259 3925 1280 3968 ss'
1298 3924 1426 3970 Flniss’ss

207 3983 241 4030 92
257 3981 362 4041 Sepaltas
382 3981 412 4026 ab
433 3981 536 4026 miseras
557 3979 649 4026 metuo
672 3975 783 4039 Aetates]
815 3984 1426 4042 mutlesopltcs'se,Nsassssrosslss'trossersss

178 4047 255 4106 tanus
266 4043 370 4092 funebris
380 4057 472 4103 pomp·
488 4041 668 4102 descriptionem
684 4049 737 4102 pete
754 4056 784 4088 sa
816 4045 897 4092 laede
918 4045 1059 4108 Trsspastss.
1101 4049 1186 4095 Verum
1206 4049 1245 4096 laic
1261 4063 1325 4096 error
1342 4058 1378 4096 est
1394 4065 1426 4096 ex

177 4111 237 4156 l'lut.
249 4109 274 4154 in
287 4107 468 4168 Phiiopmmene.
815 4107 968 4156 similitudine
985 4112 1107 4158 nominum
1123 4121 1196 4169 ortus,
1208 4115 1248 4173 qui
1265 4123 1344 4160 umen
1355 4115 1425 4160 vitari

208 4173 240 4222 93
256 4173 367 4232 Mopsus
383 4177 433 4230 post
446 4165 528 4230 sapsas
546 4169 652 4214 Antiochi
670 4165 781 4228 Assitol]
815 4170 883 4217 facile
899 4182 996 4231 poterat.
1031 4175 1256 4236 iluiceuimlegato
1267 4178 1297 4222 sd
1310 4177 1426 4233 Prusiam,

177 4238 246 4284 Corn.
259 4237 338 4294 Nepos
349 4235 373 4280 in
383 4233 506 4282 Annibale,
514 4240 536 4278 et
544 4231 673 4278 lustinusl.
682 4231 784 4278 XXXll.
816 4235 896 4281 victori
910 4237 1010 4298 Philippi
1023 4245 1046 4284 et
1059 4239 1222 4296 Macedonum,
1239 4254 1324 4286 nomm
1336 4241 1427 4300 gendle

176 4314 196 4346 c.
208 4301 231 4355 4,
247 4301 332 4346 docent
351 4297 499 4350 Annibalem,
516 4295 632 4340 Antiocho
644 4295 711 4348 ricto,
723 4297 782 4340 veri·
816 4307 867 4344 crst
887 4301 1000 4357 Qussrs'ss,
1020 4317 1149 4362 cognomen
1167 4303 1327 4350 Flans'ss'ssss:
1350 4319 1427 4364 quum

177 4369 228 4408 tum
239 4377 269 4408 ne
282 4362 394 4408 Romanis
405 4361 537 4414 dederetur,
549 4359 574 4404 in
586 4359 678 4405 Cretam
690 4358 784 4417 fugisse.
817 4363 905 4408 consuli
929 4364 989 4410 sicto
1011 4367 1040 4410 ab
1060 4366 1178 4414 Annibale
1199 4368 1230 4414 ad
1252 4369 1427 4426 muraenam

177 4425 245 4480 lude,
254 4439 359 4484 quumse
367 4424 463 4470 invidie
471 4424 587 4484 objectum
599 4431 693 4482 propter
700 4423 784 4469 nimias
815 4426 891 4472 lacum
903 4441 988 4475 nomen
1000 4430 1087 4487 gentile
1097 4439 1159 4478 esset
1169 4431 1304 4478 Flaminiar.

176 4501 233 4542 opes
251 4489 348 4542 rideret,
368 4488 399 4534 ad
418 4487 523 4534 l'maiam
539 4487 694 4542 contendisse,
715 4487 784 4545 eique
