3098 4958
440 347 528 414 LIB.
551 347 655 412 XLV.
693 348 789 412 CAP.
812 349 912 412 XIII.
1314 356 1379 420 46⁷

5 486 30 580 [J
118 495 247 560 nomine
261 493 345 580 regia
360 501 393 558 et
408 493 597 579 Cleopatra,
618 495 736 580 gratias
757 504 900 581 egerunt,
921 499 999 562 Plus
1023 520 1074 563 eas
1094 504 1214 564 seiam
1228 522 1256 568 υ.
1266 523 1292 569 c.
1305 523 1360 570 sar.

5 603 33 666 f
114 583 283 664 populoqrre
306 581 454 658 Romano,
478 601 568 661 arram
581 583 762 662 parentibus
779 583 853 661 anis,
869 585 954 664 plns,
975 605 1067 666 qnam
1079 587 1152 648 Diis
1165 588 1213 650 in-
1227 587 1254 633 Α·
1266 587 1292 634 ⁰·
1307 586 1360 634 ¹⁶⁸·

6 739 9 754 λ
116 667 307 742 mortalibus,
322 665 449 728 debere:
459 685 520 746 per
533 686 607 746 quoa
621 666 774 730 absidiam
787 668 1090 734 miser-rimatiherati
1104 677 1213 750 essent,
1368 690 1373 700 ·

5 776 18 838 ἡ
116 771 243 833 nemnem
260 751 401 832 patrium
417 769 517 830 prope
540 752 684 816 omnnem
705 753 897 833 recepissent.
942 753 1145 838 Responsum
1171 756 1212 819 ab

6 841 22 892 :²
117 843 232 899 senatu
253 845 319 898 este
341 835 528 898 Antiochum
548 841 630 898 recte
648 841 738 916 maa
759 837 994 917 ordirrefecisse,
1009 841 1090 920 quod
1103 841 1212 920 tepetis

11 945 27 954 „
111 922 280 1002 pmnirset,
294 925 477 1001 pratannqne
490 920 601 982 idesse
612 923 732 984 senatui
742 923 910 1006 populosae
924 923 1071 986 Ronmno.
1116 924 1211 1008 Regi-

5 1007 31 1092 ’·“,
118 1003 180 1068 bus
194 1003 331 1090 AEgypti
346 1003 518 1068 Ptolemaeo
533 1003 791 1089 Cleopatraeque=
806 1008 835 1068 si
848 1007 989 1087 qnidper
1001 1028 1035 1070 se
1049 1007 1118 1072 boni
1131 1028 1211 1071 omn-

5 1092 16 1129 ⁵
117 1090 255 1171 modmus
277 1089 431 1166 munisset,
452 1089 489 1151 id
509 1109 689 1170 magnopere
706 1096 844 1153 serratum
867 1092 988 1154 letari:
1011 1092 1211 1174 daturumque

5 1180 26 1215 ³*
117 1195 250 1256 operam
263 1181 298 1238 nt
311 1176 399 1256 rapiti
413 1175 462 1236 ani
475 1176 642 1242 monimum
663 1192 780 1256 semper
790 1176 970 1256 praesidinm
988 1179 1124 1258 positum
1147 1197 1211 1241 esse

116 1261 151 1322 in
160 1259 228 1339 fide
244 1259 353 1342 populi
365 1259 497 1322 &marti
511 1259 634 1322 ducant.
679 1259 817 1322 Munera
830 1259 941 1344 legatis
956 1269 994 1323 ut
1009 1281 1047 1324 ex
1062 1261 1210 1325 instituto

5 1345 27 1387 ›·'
116 1344 273 1408 mittenda
295 1351 430 1421 curaret,
452 1342 490 1406 C.
517 1343 642 1428 Papisio
670 1343 799 1427 praetori
821 1344 1017 1408 mandatum.
1061 1346 1210 1410 “Literae

5 1435 27 1473 Γ
116 1427 232 1492 deinde
247 1427 455 1492 Macedonia⁹
468 1427 592 1506 adlata,
607 1449 680 1512 quae
694 1427 833 1492 victoria
844 1428 986 1492 laetitiam
997 1429 1209 1513 geminarent:

5 1531 20 1558 ι’
116 1515 236 1576 Persea
249 1533 349 1594 sepem
361 1515 395 1576 in
402 1519 586 1594 potestatem
601 1515 732 1576 carnalis
744 1516 869 1576 venisse.
914 1514 1063 1576 Dimissia
1086 1513 1209 1598 legatis,

5 1606 19 1643 «Γ
116 1597 331 1682 disceptatum
345 1597 427 1661 iuter
440 1597 572 1662 Pisanos
586 1599 816 1681 Lunensesque
831 1598 972 1682 legatos:
994 1599 1117 1662 Pisanis
1133 1621 1210 1682 que-

9 1691 19 1698 ““
115 1682 272 1760 rentibus,
287 1681 573 1768 agroseacolonis
593 1683 746 1746 Romanis
766 1683 861 1808 pelli;
885 1682 1090 1746 Lunensibus
1115 1685 1210 1746 adfir-

5 1777 21 1817 ἱ·
116 1767 289 1845 mantibus,
319 1789 403 1846 enm,
432 1768 472 1832 de
501 1789 565 1851 quo
595 1776 717 1852 agatur,
741 1789 761 1831 a
805 1767 978 1831 triumviris
1008 1789 1120 1852 agrum
1149 1768 1211 1832 sibi

5 1899 8 1903 -
116 1851 318 1936 adsignatum
341 1873 419 1916 esse.
464 1852 612 1931 Senatus,
632 1852 688 1936 qui
708 1853 747 1916 de
770 1853 888 1916 finibus
904 1860 1131 1938 cognoscerent
1146 1861 1210 1916 sta·

5 1953 7 1976 ³
115 1945 317 2021 tuerentque,
346 1937 573 2022 quinqueviros
601 1937 699 2016 misit,
730 1937 772 2004 Q.
797 1938 932 2002 Fabium
961 1938 1149 2016 Buteonem,
1173 1937 1209 2002 P.

5 2035 13 2074 ἰ·
117 2021 301 2086 Cornelium
316 2021 508 2100 Blasionem,
523 2023 576 2086 Tr
591 2022 816 2108 Sempronium
831 2023 991 2100 Muscam,
1006 2023 1044 2086 L.
1059 2023 1210 2086 Naevium

5 2127 13 2182 ρ-
117 2107 265 2186 Balbum,
287 2106 325 2170 C.
339 2107 536 2192 Appuleium
559 2106 777 2171 Saturninum.
821 2108 866 2170 Et
889 2107 930 2170 ab
955 2109 1101 2171 Eumene
1122 2115 1154 2170 et
1168 2107 1209 2170 ab

5 2221 7 2228 ’
115 2192 226 2256 Attalo
238 2200 271 2256 et
285 2192 325 2256 ab
338 2193 495 2256 Athenaeo
508 2191 668 2268 lintribus,
689 2192 866 2255 communis
889 2191 1005 2276 legatio
1026 2191 1065 2254 de
1079 2191 1211 2256 victoria

5 2295 12 2328 '-
114 2277 310 2361 gratulatum
324 2277 420 2340 renit.
464 2277 509 2340 Et
524 2277 701 2362 Masgabae,
714 2276 798 2361 regis
814 2275 996 2340 Masinissa
1014 2275 1090 2354 filio,
1113 2276 1209 2339 Pute-
1223 2285 1334 2360 nugam

5 2385 7 2416 1
115 2361 175 2426 olis
189 2361 326 2426 navemh
339 2383 476 2447 egresso,
489 2371 608 2447 prmsto
621 2361 692 2440 fuit,
704 2361 829 2425 obviarn
842 2361 959 2424 missua
975 2381 1049 2423 cum
1063 2359 1208 2445 pecnnia,
1222 2349 1351 2396 ΜΝ

6 2491 7 2496 1
115 2447 156 2512 L.
171 2447 314 2511 Manlius
329 2455 479 2531 quaestor,
501 2447 557 2530 qui
579 2448 715 2510 Romam
728 2467 801 2510 eum
816 2445 945 2531 publico
964 2453 1072 2508 sumtu
1116 2445 1209 2508 erdu-
1223 2415 1249 2461 ἢ

115 2540 211 2596 oeret.
252 2531 445 2596 Advenienti
459 2531 618 2616 extemplo
633 2539 762 2594 senatus
775 2531 868 2594 datus
883 2538 941 2594 est.
979 2530 1013 2594 Is
1027 2467 1209 2593 adoidscens

5 2639 8 2672 τ
114 2616 161 2680 ita
183 2616 310 2680 locutus
333 2625 391 2696 eat,
414 2625 461 2695 ut,
486 2637 559 2700 quoe
583 2615 679 2680 rebus
703 2623 793 2702 grata
820 2623 919 2694 erant,
945 2615 1081 2700 gratiora
1103 2615 1208 2678 verbis

5 2723 11 2758 ι
114 2701 242 2766 faceret.
285 2701 562 2780 Commemoravit,
578 2707 650 2783 quot
657 2703 778 2784 pedites
788 2703 967 2782 cannasque,
983 2707 1055 2782 qimi
1068 2702 1209 2781 elephan-

114 2794 174 2866 tos,
196 2786 502 2870 qrrantnmfinmenti
516 2807 550 2850 eo
565 2787 764 2868 quadriennio
783 2785 902 2868 ”pater
918 2806 990 2848 sans
1010 2787 1043 2847 in
1062 2786 1209 2848 Macedo-

113 2873 199 2936 mam
222 2873 352 2935 sinisset
361 2871 379 2936 ¹.
422 2872 487 2936 Sed
509 2871 586 2934 daos
610 2891 660 2934 res
686 2873 715 2934 ei
742 2871 848 2933 rubori
861 2870 980 2950 fnisse:
1003 2891 1105 2946 amm,
1128 2869 1210 2950 qnod

112 2963 253 3039 capesset
268 2977 401 3037 semper
416 2958 531 3039 lepatoa
544 2962 677 3032 senatus,
699 2975 764 3036 qno
779 2955 822 3018 ad
836 2955 943 3016 tellam
958 2974 1032 3036 opos
1049 2959 1156 3029 essent,
1179 2959 1209 3015 et

112 3063 176 3106 non
190 3044 389 3124 imperasset:
413 3043 552 3119 numam,
566 3040 815 3122 quodpecuniam
829 3040 857 3100 ei
865 3059 926 3118 pro
933 3037 1091 3118 fennena
1109 3037 1208 3099 mism-

112 3133 172 3190 set.
214 3127 416 3190 Masinissam
430 3127 609 3202 meminisse,
623 3144 748 3206 repnnm
763 3143 783 3186 a
791 3123 904 3204 populo
926 3123 1063 3184 &mano
1080 3127 1208 3200 portam

114 3217 294 3293 arsctnmpns
307 3219 338 3275 et
351 3213 585 3293 maumlicctnm
598 3209 729 3272 iubere:
752 3229 809 3271 usn
826 3208 913 3289 repsi
935 3211 1105 3272 contentam
1118 3206 1207 3284 seire,

113 3297 280 3360 dominium
309 3303 339 3360 et
358 3297 415 3378 jus
443 3315 556 3374 eornm,
578 3296 630 3378 qni
660 3293 807 3372 dederint,
836 3312 908 3354 esse.
953 3291 1078 3354 Sumere
1106 3291 1209 3371 itaque

113 3382 244 3461 eunden,
258 3401 318 3444 non
331 3401 364 3445 ee
377 3401 497 3464 copore,
519 3399 634 3462 aonam
651 3399 725 3457 esse,
747 3375 870 3458 ⁵⁶neqae
892 3396 990 3440 emere
1007 3396 1053 3453 eo,
1073 3395 1112 3438 ec
1118 3374 1209 3456 fresc-

114 3467 198 3530 tibnr
223 3468 292 3548 apri
311 3467 351 3528 ab
374 3485 407 3528 se
431 3466 498 3528 dati
515 3485 581 3546 mro
598 3465 642 3526 ibi
655 3463 847 3544 praemicat.
891 3461 932 3523 ld
942 3462 1118 3524 Masinissa
1131 3461 1210 3522 satis

113 3571 191 3628 esse,
205 3557 236 3614 et
242 3551 325 3632 sore,
340 3550 422 3632 meod
427 3551 541 3632 populo
554 3549 691 3612 Romam
706 3552 883 3628 mperesset.
917 3547 992 3608 Cum
1004 3547 1044 3608 iis
1056 3545 1210 3610 mandatis

113 3657 136 3698 a
147 3641 238 3716 patre
246 3635 419 3716 profhetiam
430 3640 537 3715 pastea
552 3637 724 3696 consecutos
737 3633 862 3714 equites,
874 3631 927 3712 qni
940 3629 1088 3692 demetam
1102 3631 1210 3692 Mace-

148 3809 254 3856 ·drimtr
264 3823 277 3855 e
289 3808 424 3856 Mandonio
437 3807 532 3868 Kreysa.
545 3805 622 3853 Belle.
759 3801 808 3852 ‘ab
821 3805 886 3851 Eud.
1014 3809 1028 3848 t
1041 3805 1075 3850 m.
1088 3805 1155 3852 Gran.

390 3868 577 3932 hmmxreysr.
591 3869 669 3918 Bekis.
800 3864 957 3916 ¹srrs'sttttrer.

148 4021 182 4070 54
199 4021 294 4069 Littera
310 4023 391 4070 teiam
408 4021 543 4070 Macedonia
554 4018 642 4084 aucta]
661 4021 733 4068 Vide·
798 4019 830 4068 td
847 4021 926 4082 Neque
941 4036 1012 4068 emera
1030 4035 1058 4068 ea
1076 4036 1104 4068 er
1112 4017 1229 4080 srurttbnr
1243 4019 1296 4079 agri
1310 4018 1340 4064 ab
1351 4033 1374 4066 re

114 4095 156 4134 tur
178 4086 293 4132 excidisse
315 4087 397 4132 rocula
418 4102 438 4141 e,
456 4095 483 4132 ut
503 4087 621 4146 tempserit
645 4085 732 4142 Livius,
765 4085 823 4141 tait,
839 4100 889 4146 qua
906 4085 938 4132 iti
954 4079 1098 4144 prmmtmr]
1122 4083 1219 4130 inlicita
1241 4082 1374 4128 verbositas.

119 4151 214 4197 Littera
234 4151 315 4197 deinde
337 4165 349 4197 s
366 4150 510 4198 Macedonia.
542 4149 675 4196 Gronodua
694 4149 734 4194 flr·
767 4149 804 4196 Ea
815 4164 864 4209 qna
876 4151 908 4194 ibt
917 4151 1051 4210 promicat
1061 4147 1120 4194 nihii
1129 4147 1192 4193 allud
1201 4153 1292 4200 sonent,
1305 4160 1375 4204 quam

114 4227 182 4262 mare
190 4214 272 4260 nititur
281 4213 398 4274 vulgatam
410 4215 549 4274 rcrIpturarn
560 4214 667 4273 exemplo
679 4227 734 4258 ron·
759 4209 924 4272 frueturagrt.
958 4213 1083 4258 Deleamus
1097 4225 1152 4268 ergo
1168 4209 1305 4265 illationes,
1324 4217 1376 4254 tan·

114 4277 189 4325 simili
201 4291 214 4324 e
227 4279 314 4324 suerin.
326 4279 340 4325 l.
354 4279 410 4324 XII.
422 4293 442 4324 c.
454 4277 474 4324 l.
499 4277 545 4323 Sed
557 4277 582 4323 in
594 4277 634 4322 illo
645 4275 734 4324 tustini
767 4289 835 4334 quam
849 4275 997 4336 nugatorium
1016 4276 1250 4334 interpretamentum
1269 4274 1298 4318 ab
1315 4270 1375 4318 caci·

115 4343 168 4390 loeo
191 4343 283 4388 variam
304 4351 328 4388 et
349 4342 429 4402 scripti
452 4349 476 4388 et
497 4341 570 4387 editi:
593 4354 637 4386 nec
659 4339 733 4384 ullum
766 4339 933 4386 tantelibrario
945 4347 1032 4385 temere
1041 4337 1155 4384 additum.

114 4405 216 4468 proinde
228 4420 257 4451 ex
270 4421 298 4452 eo
309 4414 474 4466 argumentum
487 4405 534 4467 peti
547 4411 629 4464 potest.
765 4409 802 4448 rat
821 4403 917 4449 Livius:
934 4417 975 4450 nec
991 4404 1109 4464 qumquam
1131 4414 1202 4448 enare
1222 4415 1249 4446 ss
1260 4395 1378 4459 fructibus

149 4471 181 4516 55
199 4471 271 4517 Pater
290 4465 482 4530 rum...mr'sit]
510 4469 571 4528 Lege
595 4482 647 4514 cum
670 4469 731 4516 Gro-
765 4467 906 4526 agricia
927 4467 984 4512 dati.
1019 4465 1048 4512 Id
1065 4465 1194 4511 Masinissa
1217 4467 1379 4512 retirement

115 4534 189 4581 nonio
200 4535 304 4581 misisset.
759 4527 813 4589 sare
824 4562 830 4574 .
843 4562 849 4575 .
862 4563 868 4576 .

1028 4589 1127 4651 nh2
