3108 4982
431 313 700 380 nlaxxxlx.
729 313 825 380 CAP.
850 315 962 381 XLII.
1314 323 1376 388 231

118 465 160 530 1.
175 462 363 528 Postumius
376 469 506 562 praetor,
527 461 580 561 cui
593 463 767 561 Tarentum
778 462 942 561 provincis
955 473 1111 564 evenant,
1125 487 1214 552 mag-
1227 488 1256 535 ιι,
1269 489 1295 534 ο,
1305 489 1360 536 ιω,

118 555 639 730 ffidtffirtffltt
652 547 887 695 {ttbttet
900 549 1214 720 ffllmdudfflii
1225 552 1254 600 ⁶*
1265 549 1293 600 ‘²
1308 553 1360 601 ¹⁸*

9 757 11 768 =
119 727 178 780 aut
190 717 278 780 citati
292 739 358 780 non
373 717 549 794 adfuerant,
565 719 588 750 ‘⁶
600 725 656 780 aut
667 716 762 778 vades
773 717 984 796 deseruerant,
995 719 1029 782 in
1040 741 1076 782 ea
1085 741 1212 804 regione

121 801 225 866 ltaliae
238 801 384 878 latentes,
398 801 517 886 partim
531 801 642 864 noxios
652 799 816 884 judicavit,
835 802 950 886 partim
968 805 1212 887 comprehensos

121 887 257 950 Romam
272 886 313 949 ad
327 895 475 949 senatum
488 885 583 948 misit.
618 885 653 948 in
667 905 821 948 carcerem
834 907 944 949 omnes
957 886 978 920 ⁸¹
989 887 1052 952 aP.
1064 888 1211 953 Cornelio

121 970 256 1053 conjecti
270 979 356 1034 sunt

165 1055 276 1119 XLII.
300 1055 340 1118 In
366 1053 523 1138 Hispania
544 1053 701 1132 ulteriore,
722 1053 828 1116 hatis
870 1055 992 1118 roximo
1011 1055 1094 1120 bello
1115 1057 1210 1121 Lusi-

120 1139 217 1218 tanis,
230 1139 347 1223 quietae
361 1159 411 1202 res
429 1139 568 1202 fuerunt.
612 1138 652 1200 In
673 1137 814 1202 citeriore
866 1140 1052 1204 .'l'erentius
1064 1141 1098 1204 in
1114 1141 1210 1206 Sues-

122 1223 240 1288 setanis
263 1223 418 1308 oppidum
440 1221 631 1287 Corbionem
649 1221 749 1286 vineis
772 1231 805 1286 et
830 1223 978 1308 operibus
1006 1227 1209 1310 expugnavit,

7 1361 8 1368 ,
121 1329 160 1372 ca
181 1309 264 1374 tivos
278 1307 440 1372 vendidit:
462 1306 569 1391 quieta
583 1307 695 1370 deinde
714 1307 847 1370 hiberna
859 1316 891 1370 et
905 1307 1030 1372 citerior
1047 1310 1210 1394 provincia

186 1393 245 1457 uit.
288 1391 420 1456 Veteres
439 1399 604 1490 praetores,
628 1390 666 1454 C.
682 1390 876 1476 Calpurnius
894 1392 968 1456 Piso
983 1401 1016 1456 et
1030 1393 1069 1458 L.
1085 1394 1207 1460 Quinc-

120 1477 199 1556 tius,
220 1477 355 1540 Romam
381 1475 552 1540 redierunt.
588 1483 714 1559 utrique
743 1496 859 1560 magno
890 1477 1021 1540 Patrum
1049 1483 1345 1546 consensu'lrltuunh¹

121 1561 304 1659 triumphus
317 1568 366 1624 est
380 1561 535 1658 decretus.
578 1560 668 1624 Prior
681 1558 719 1625 C.
735 1559 927 1659 Calpurnius
943 1561 982 1625 de
997 1561 1160 1660 Lusitanis
1175 1571 1208 1628 et
1220 1549 1319 1674 ἓξὲξ·

121 1645 1073 1828 ξιιιιιιιιξιιοιιιιὲιιιιιιιι
1086 1655 1209 1798 ιιι

120 1822 186 1878 trus
202 1815 370 1900 Crispinus
384 1837 424 1878 ex
437 1813 550 1878 usdenr
564 1815 727 1878 Lusrtams
746 1814 975 1900 Celtiberisque
989 1816 1085 1880 trium
1110 1818 1207 1883 havit.

6 1951 8 1970 ‚
119 1899 321 1964 tantumdem
343 1899 412 1963 auri
436 1907 532 1983 atque
630 1897 679 1962 nti
699 1899 733 1962 in
757 1920 795 1964 eo
819 1899 982 1985 triumpho
1007 1909 1095 1966 trans
1125 1911 1207 1968 tum.

120 1983 288 2064 Censores,
310 1985 360 2048 M.
381 1983 512 2048 Porcius
534 2005 551 2046 ι
619 1983 796 2063 .Valerius,
816 1993 906 2048 metu
923 1985 1023 2050 mixta
1045 1995 1205 2072 exspecta·

119 2067 218 2148 tione,
240 2077 386 2132 senatum
407 2068 569 2154 legerunt:
649 2077 714 2132 tem
734 2077 902 2138 moverunt
924 2078 1045 2134 senatu.
1080 2091 1120 2133 ex
1137 2071 1207 2155 qui-

119 2153 184 2218 bus
212 2173 317 2216 unum
344 2152 499 2238 insignem
525 2161 558 2216 et
581 2175 624 2216 no
647 2152 745 2216 ilitate
766 2160 798 2215 et
818 2153 1003 2232 honoribus,
1024 2153 1064 2217 L.
1086 2155 1207 2220 Quine-

118 2237 205 2300 tium
220 2236 433 2300 Flamininum
446 2237 653 2302 consularem.
696 2237 827 2300 Petrum
848 2238 1001 2300 memoria
1024 2237 1207 2302 institutum
1221 2261 1247 2308 1.
1259 2262 1348 2313 om..

118 2321 232 2400 sertur,
261 2329 299 2385 ut
324 2341 466 2385 censores
493 2321 589 2386 motis
618 2329 731 2384 senatu
758 2321 971 2384 adscriberent
999 2327 1101 2384 notas.
1145 2321 1266 2386 Ca-flu·
1277 2337 1360 2375 nuru

1220 2399 1305 2437 molli!-

119 2405 206 2470 tonis
227 2415 261 2470 et
282 2405 352 2470 sliae
373 2407 500 2554 puidam
521 2405 641 2470 acerbae
662 2403 818 2470 orationes
841 2413 968 2470 exstant
991 2405 1025 2468 in
1048 2426 1112 2485 eos,
1127 2427 1207 2490 quos

119 2499 179 2554 aut
201 2491 358 2555 senatorio
393 2513 451 2556 oco
474 2492 583 2570 movit,
607 2498 664 2554 aut
687 2489 803 2574 quibus
827 2511 925 2576 equos
954 2489 1091 2554 ademitr
1112 2489 1207 2576 longe

120 2575 308 2658 gravissima
333 2575 367 2640 in
402 2577 442 2640 L.
472 2576 661 2642 Carinotium
689 2575 789 2639 oratio
815 2585 873 2655 est,
901 2595 964 2660 qua
991 2575 1018 2639 si
1045 2585 1208 2640 accusator

121 2667 197 2722 aute
223 2667 340 2738 notam,
368 2683 434 2724 non
463 2682 574 2726 censor
600 2667 675 2745 post
702 2669 821 2739 notam,
848 2681 926 2724 usus
953 2669 1046 2740 esset,
1072 2661 1207 2725 retinere

122 2743 310 2810 Quinctium
331 2745 364 2810 in
390 2753 504 2809 senatu
524 2768 564 2809 ne
583 2745 679 2809 irater
699 2745 827 2829 quidem
840 2746 877 2809 Τ.
891 2745 1072 2824 Quinctius,
1094 2746 1121 2810 si
1136 2754 1207 2810 tum

120 2849 232 2892 censor
255 2837 347 2908 esset,
373 2831 539 2916 potuisset.
583 2831 672 2893 Inter
697 2838 799 2893 cetera
822 2829 937 2914 objecit
963 2831 992 2893 ei
1022 2831 1207 2916 Philippum

120 2913 269 2992 Poenum,
291 2936 399 2978 carum
417 2936 453 2978 ac
472 2913 577 2978 nobile
594 2923 745 2993 scortum,
761 2915 801 2976 ab
817 2915 966 2977 Romaiu
983 2914 1118 2977 Galliam
1134 2935 1207 2998 pro-

118 2997 257 3060 vinciam
280 3020 336 3097 spe
359 2999 537 3084 ingentium
558 2999 713 3062 donorum
733 2998 932 3082 perductum.
968 3019 1042 3060 eum
1061 3019 1208 3082 puerum,

118 3103 179 3167 per
202 3081 360 3146 lasciviam
378 3105 479 3168 quum
500 3083 705 3161 cavillaretur,
727 3082 914 3167 exprobrare
929 3081 1051 3144 consuli
1089 3102 1207 3165 ersaepe

119 3165 261 3246 solitum,
275 3168 362 3251 quod
377 3169 437 3232 sub
450 3167 557 3254 ipsum
575 3167 790 3252 spectaculum
811 3166 1031 3251 gladiatorium
1050 3103 1207 3229 abductus

4 3307 7 3318 .
119 3251 162 3314 ab
189 3251 291 3314 Roma
325 3261 420 3332 esset,
446 3261 483 3316 ut
511 3252 700 3336 obsequium
728 3251 860 3316 amatori
883 3251 1067 3316 venditaret.
1112 3249 1207 3314 Forte

119 3335 325 3420 epulantibus
349 3337 398 3415 iis,
422 3358 522 3420 quum
530 3335 609 3484 l{aar
630 3337 705 3400 vino
726 3335 941 3415 incaluissent,
965 3336 1153 3400 nunciatum
1172 3335 1207 3398 in

119 3419 265 3483 convivio
279 3441 359 3499 esse,
376 3421 515 3485 nobilem
560 3421 646 3485 oium
661 3443 734 3484 cum
744 3420 1055 3506 liberistransfirgam
1065 3419 1188 3485 venisse
1197 3443 1207 3498 3

119 3503 288 3568 convenire
302 3505 464 3570 considam
477 3505 566 3584 velle,
586 3515 624 3570 ut
646 3505 686 3568 ab
705 3527 742 3568 eo
760 3505 856 3568 fidem
878 3527 1018 3590 praesens
1042 3505 1206 3602 acciperet.

121 3587 348 3652 Introductum
367 3589 402 3654 in
425 3589 664 3654 tabernaculum
685 3611 743 3674 per
764 3590 967 3674 interpretem
991 3589 1118 3672 adloqur
1132 3611 1207 3652 con-

120 3673 223 3736 sulem
238 3673 381 3758 coepisse.
425 3675 514 3738 Inter
529 3674 620 3758 cujus
635 3695 811 3738 sermonem
827 3673 998 3739 Quinctius
1014 3681 1127 3752 scorto,
1154 3673 1208 3736 Vra

119 3763 165 3836 tu,
188 3757 222 3820 in
246 3757 304 3836 uit,
327 3761 467 3840 ᾳιιοιιίιιιιι
485 3760 704 3842 ylodtotorium
729 3759 931 3840 spectaculum
958 3759 1117 3838 reliquisti,
1137 3757 1208 3838 jam

4 3903 8 3930 ,
119 3845 200 3905 hanc
224 3779 351 3906 Catum
371 3846 546 3908 nwricmem
567 3843 720 3907 viderc¹l
762 3843 807 3906 Et
824 3863 924 3926 quum
939 3841 966 3904 is
980 3841 1111 3904 vixdmn
1126 3841 1208 3904 serio

119 3926 295 4006 adnuisset,
309 3927 350 3990 ad
364 3935 479 3991 nutum
495 3927 591 3991 scorti
610 3926 771 3990 consulem
788 3927 897 3989 stricto
912 3925 1027 4010 gladio,
1042 3926 1096 4010 qui
1112 3947 1209 4011 super

119 4019 218 4096 caput
240 4011 411 4096 pendebat,
433 4011 577 4096 loquenti
602 4011 695 4075 Gallo
718 4019 815 4096 caput
838 4010 979 4096 primum
1003 4009 1208 4096 percussisse,

547 4139 563 4167 ¹
573 4136 673 4195 espleerr
685 4135 759 4181 (Iron.
771 4135 838 4182 Cres.

121 4257 238 4306 dloerstrn
249 4261 290 4320 qut
302 4267 444 4320 propatore
460 4267 518 4317 erat,
529 4273 559 4307 er
570 4261 656 4308 usitato
667 4260 731 4320 apud
794 4259 826 4314 67
842 4257 890 4308 'A
908 4261 936 4308 P.
955 4257 1070 4321 Cornelio]
1096 4259 1205 4310 Pratore,
1224 4253 1264 4316 qut
1281 4259 1371 4301 utram-

122 4323 216 4370 Livirnn
227 4331 252 4371 et
263 4333 353 4372 ceteros
363 4339 435 4370 mors.
763 4337 809 4384 qus
819 4325 844 4369 in
856 4323 913 4371 urbs
922 4325 1109 4386 JurtrdIctionsm
1122 4321 1231 4367 babebat.

152 4385 186 4434 dd
201 4387 250 4434 Ast
264 4389 333 4436 sodes
350 4383 508 4448 διιιιιιιιιι]
528 4387 575 4434 Ant
593 4387 653 4434 datis
664 4387 731 4434 radl-
795 4387 827 4434 te
844 4388 967 4435 Duodecim
984 4389 1058 4435 srs‘lllo
1071 4387 1146 4448 mado
1160 4377 1262 4445 argenti]
1281 4379 1372 4430 uuor

120 4449 173 4506 bas,
185 4451 227 4511 qui
237 4453 383 4512 moderent
400 4452 453 4498 Illos
472 4453 502 4498 ad
518 4451 601 4512 ludicii
613 4451 677 4496 diem
689 4451 731 4499 sd·
764 4459 879 4498 nostrates
892 4451 986 4511 lento.

121 4511 221 4572 tuturos,
232 4515 388 4564 nibilomluus
396 4515 512 4578 Iudicium
523 4515 682 4562 deseruerant.
