3086 4952
401 355 489 421 LIB.
512 357 659 422 xxxv,
685 357 780 424 CAP.
804 359 897 424 xvl.
1316 365 1356 426 13

99 525 169 570 nest
189 507 357 588 deputas
371 507 439 570 loeo
453 507 575 588 cephae,
582 508 732 588 prasidio
752 509 943 590 dispondere.
979 516 1077 572 artem
1098 511 1191 572 etiam
1204 521 1339 570 nomon

99 592 283 654 mniliorrdi
306 591 366 654 cibi
387 593 523 654 homines
544 612 611 654 eum
634 592 829 670 Minorem
850 595 969 657 italice
986 599 1092 675 poetes
1110 585 1271 675 reprom·
1286 583 1338 634 ¹⁹³

98 675 955 774 utqsspuumpopuliliomusmuntdiuprineipiriu
975 680 1192 756 eutmnim-

91 779 216 856 pmim
229 779 294 822 esee
308 761 455 854 munt..
481 759 692 857 Exsequentr,
707 781 793 858 praem
806 764 929 825 tertiscm
940 763 1091 825 duceret?
1104 763 1191 826 haud

98 843 194 906 dubie
208 851 302 908 senet
314 843 550 924 ipmdmsse.
593 845 677 906 'lhnn
700 865 800 908 nsum
822 845 970 910 obortum
990 846 1141 932 Scipioni,
1157 853 1190 910 et

98 927 282 1024 ⁸subjecisse.
328 927 480 1001 Quidnam
494 935 528 991 lu
541 927 667 1006 diceres,
682 931 711 992 si
724 949 772 992 me
785 932 935 993 vicisses?
959 933 1034 993 ihm
1047 951 1095 994 nse
1107 951 1188 1010 vero,

97 1013 1189 1184 nrwffl‘nm
1322 1177 1328 1182 ,

96 1181 1087 1364 t‘giaffltffllssitfffltilttttiilssitttht
1101 1185 1187 1267 ΨΜ

139 1349 216 1446 liv.
234 1349 349 1412 vlnus
360 1347 400 1412 ab
410 1349 540 1433 Epheso
547 1350 721 1434 Apameam
730 1358 893 1433 processit.
908 1371 945 1413 eo
954 1359 986 1414 et
997 1351 1186 1430 Antiochus,

95 1433 206 1496 ”dm
234 1433 1188 1596 ilhtfflnlttt'tmlti‘it,inminenti

96 1537 729 1782 “ijs-au„
743 1687 1184 1773 „somn

95 1779 154 1867 put
167 1770 345 1867 conloquia.
389 1707 649 1854 Magnushhctus
663 1771 697 1834 in
711 1771 877 1855 regiafuit,
986 1794 1104 1856 umque
1116 1772 1184 1858 ejus

89 1875 219 1950 juvenis
234 1853 438 1953 desiderium..
463 1855 496 1918 id
510 1855 595 1918 enim
605 1855 674 1953 jam
688 1856 848 1954 specimen
870 1856 920 1920 sui
963 1857 1079 1935 ederat,
1094 1865 1141 1936 ut,
1157 1857 1184 1920 si

95 1947 161 2035 urta
183 1939 216 2002 lo
272 1959 309 2002 or
322 1947 516 2024 contigisset,
529 1961 637 2038 magns
656 1949 799 2040 Justrqpe
821 1940 904 2025 regis
925 1940 1020 2040 inueo
1045 1941 1185 2004 indolem

94 2022 192 2170 lt?
206 2023 1043 2256 ejffiiinffiiiipiidiiiimiii
1057 2033 1184 2174 ,titt

95 2201 253 2256 senectuti
281 2213 347 2256 suce
374 2200 497 2290 patrem
599 2201 714 2273 entem,
743 2215 801 2280 per
828 2215 844 2258 s
867 2194 985 2258 adones
1018 2195 1184 2278 quosdam,

93 2275 210 2340 talium
222 2275 404 2340 ministeriis
425 2277 600 2341 faciuomm
619 2287 766 2424 acceptos
786 2216 926 2361 tegritas,
939 2299 1062 2340 veneno
1077 2285 1185 2340 sustu·

93 2359 178 2424 lisse.
224 2360 309 2422 Earn
324 2382 446 2444 quoque
461 2382 604 2425 caussam
618 2362 688 2424 clan
711 2361 814 2424 estino
835 2360 966 2422 facinori
987 2359 1186 2444 adjiciebant,

94 2445 192 2528 qood,
218 2465 321 2542 quum
341 2444 493 2509 Seleuco¹¹
513 2446 579 2510 filio
603 2444 839 2562 Lpsimachiam
864 2443 1012 2523 dedisset,
1025 2443 1185 2508 Antiocho

94 2549 192 2612 quam
217 2529 351 2592 similem
374 2529 462 2593 daret
485 2530 626 2608 sedem,⁴
647 2538 684 2594 ut
730 2529 818 2593 rocnl
842 2528 882 2593 ab
908 2549 941 2592 se
968 2530 1087 2592 honore
1111 2551 1184 2592 eum

94 2635 223 2698 quoque
237 2613 291 2678 abl
381 2623 485 2692 t,non
498 2615 671 2678 habuisset.
702 2552 815 2699 iilagni
830 2613 1185 2699 tamenluctusspecies

94 2719 151 2783 per
163 2699 287 2782 aliquot
325 2699 628 2784 'esregiamtenuitr
652 2699 836 2784 legatusque
847 2699 1021 2778 Romanus,
1035 2721 1075 2762 ne
1083 2699 1185 2762 alieno

93 2791 238 2868 tempore
275 2783 495 2848 incommodus
530 2783 758 2862 obversaretur,
796 2784 984 2868 Pergamum
1019 2782 1184 2846 concessit.

95 2867 164 2930 Rex
188 2867 366 2953 Ephesum,
389 2868 519 2946 omisso,
536 2869 623 2952 quod
644 2868 855 2946 inchoaverat,
878 2868 973 2945 hello,
997 2867 1100 2931 rediit.
1129 2867 1185 2946 ibi,

94 2973 151 3034 per
164 2952 290 3016 luctum
303 2953 390 3037 regia
403 2952 520 3029 clausa,
533 2973 607 3016 cum
626 2952 770 3016 Minione
796 2952 944 3036 quodam,
960 2952 1015 3034 qui
1036 2952 1185 3036 princeps

95 3036 270 3100 amicorum
284 3036 352 3121 ejus
366 3045 444 3115 erat,
459 3045 577 3100 secreta
591 3037 721 3100 consilia
742 3035 882 3121 agitavit.
926 3035 1066 3113 Minio,i
1113 3055 1186 3098 arus

95 3121 239 3184 omnium
265 3129 479 3200 externorum,
493 3121 637 3204 viresque
661 3122 823 3185 aestimans
843 3120 927 3204 regis
943 3121 965 3152 ‘¹
973 3139 1013 3182 ex
1037 3141 1070 3182 re
1093 3119 1185 3181 usin

97 3203 186 3288 Syria
200 3214 259 3270 aut
273 3205 351 3268 Asia
420 3205 473 3284 tis,
483 3227 548 3269 non
564 3225 675 3270 caussa
688 3206 784 3269 modo
799 3204 991 3288 superiorem
1012 3225 1080 3267 esse
1093 3203 1186 3267 Anti·

95 3291 223 3368 ochum,
237 3289 324 3374 quod
339 3289 370 3352 n'
398 3290 405 3303 '
429 3290 514 3373 aequi
527 3289 725 3375 postularent
735 3289 880 3368 Romani,
892 3290 947 3352 sed
961 3289 1044 3352 bello
1059 3309 1185 3372 quoque

97 3383 321 3458 superaturum
346 3374 503 3438 credebat.
559 3374 707 3459 hgienti
732 3375 799 3458 regi
823 3372 1082 3458 disceptationem
1112 3393 1186 3435 curn

96 3457 217 3542 legatis,
231 3479 290 3522 seu
315 3458 378 3522 'am
399 3467 529 3544 experto
555 3479 629 3522 eam·
648 3459 755 3522 minus
777 3479 971 3543 prosperam,
986 3477 1042 3520 seu
1055 3477 1187 3520 moerore

96 3543 212 3606 recenti
237 3563 277 3606 co
353 3565 383 3620 o,
396 3543 557 3627 professus
571 3543 686 3622 Minio,
701 3564 744 3620 se,
760 3565 832 3626 quse
858 3563 916 3626 pro
940 3563 1051 3604 caussa
1071 3549 1187 3618 essent,

96 3626 269 3704 dicturum,
284 3627 451 3711 persuasit,
467 3635 504 3690 ut
517 3649 536 3690 a
551 3627 703 3774 Perfiamo
718 3634 950 3690 arcesserentur
963 3625 1067 3709 legati.
1200 3646 1328 3708 contoqu-

135 3711 233 3776 xvl.
255 3711 331 3776 Jam
350 3711 551 3775 convaluerat
575 3711 597 3775 S
633 3711 752 3795 picius:
774 3711 881 3794 itaque
906 3709 1000 3772 ambo
1022 3710 1187 3794 Ephesum
1200 3711 1341 3772 antegin-

95 3803 261 3860 emerunt.
307 3795 375 3858 Rex
394 3795 571 3858 aMinione
594 3803 774 3873 excusatus,
797 3803 829 3857 et
852 3794 981 3858 absente
1005 3815 1041 3856 eo
1063 3815 1113 3857 res
1137 3789 1253 3884 agiffi
1264 3775 1332 3821 ⁸⁰¹⁰·

96 3891 198 3966 copta
220 3887 282 3944 est
327 3879 378 3942 Ibi
400 3887 575 3965 praeparata
599 3880 738 3943 oratione
762 3879 887 3956 Mini0;
924 3879 1064 3960 Specioso
1090 3881 1188 3958 titulo,
1203 3901 1315 3949 minione.

274 3973 350 4024 ‘alios
360 3993 434 4024 carm
447 3977 523 4024 seta
748 3981 762 4010 ¹¹
773 3979 832 4039 quod
842 3979 934 4026 Seleuco
946 3977 1005 4024 aaa

98 4065 161 4112 aiunl
183 4066 265 4126 prodit
284 4065 325 4111 illa
345 4065 459 4111 Romana
479 4065 559 4126 gloria
580 4067 712 4124 admiratio,
776 4065 807 4120 47
829 4067 988 4126 Utproculuh
1003 4082 1026 4113 re
1043 4069 1183 4114 umorem
1290 4080 1304 4111 a

101 4143 162 4186 qaam
181 4131 273 4190 ubique
293 4127 424 4190 pulcrum
440 4129 599 4176 Romanorum
619 4130 711 4190 scripta.
742 4127 821 4192 garet]
840 4131 937 4186 Honore,
949 4129 973 4176 id
991 4137 1034 4186 est,
1051 4144 1093 4191 per
1112 4131 1232 4184 honorem,
1243 4142 1285 4188 per
1300 4141 1354 4188 ape-

102 4191 139 4237 llis
155 4195 218 4240 aride
237 4193 303 4252 quod
324 4192 462 4238 Plutarchus
479 4192 504 4238 in
516 4192 607 4252 Pyrrho
622 4193 651 4238 de
669 4191 713 4238 hoc
745 4193 803 4240 ticin
816 4192 919 4239 honoris.

101 4257 175 4302 eodem
183 4257 303 4317 colloquio
315 4269 397 4314 agenr,
409 4255 476 4301 aliter
487 4255 583 4302 omnino
595 4269 644 4301 rem
657 4269 711 4302 nar·
776 4255 808 4303 48
825 4257 862 4302 lie
873 4257 940 4303 rehtu
955 4258 979 4303 in
991 4257 1060 4318 Syrio
1076 4263 1117 4304 out
1128 4257 1186 4303 Aria
1203 4247 1288 4316 gestis]
1307 4253 1355 4300 liet

103 4327 139 4363 nt
171 4322 241 4380 Apud
265 4335 331 4375 enm,
352 4319 420 4365 nulla
444 4319 570 4365 Alexandri
593 4320 712 4366 mentione
744 4327 815 4379 pecta
828 4319 946 4376 Antiochi,
959 4321 1043 4379 partlm
1062 4315 1288 4373 mortuummare,
1301 4331 1354 4377 par·

103 4381 282 4444 neaeman·
298 4385 330 4430 ah
350 4381 469 4429 Annibale
488 4383 712 4442 primoomnium
746 4383 787 4428 tim
807 4383 919 4429 adversus
939 4383 1090 4430 Ptolemoenm
1109 4381 1258 4439 Philopatore
1276 4393 1355 4441 regem

104 4445 180 4505 Sipia.
196 4449 281 4494 tertius
293 4447 399 4494 Annibal
418 4445 468 4505 ipse
489 4445 638 4492 nominatur:
656 4461 714 4506 quo·
748 4447 852 4507 AEgyptl,
864 4447 928 4492 haud
940 4461 995 4492 sane
1007 4443 1190 4500 contemnendae,
1198 4455 1356 4493 memorantur

104 4512 165 4556 mie
175 4513 235 4572 perit
246 4511 327 4558 omnis
338 4511 410 4569 haja·
425 4509 547 4565 amonis,
558 4523 573 4556 ι
586 4509 652 4556 hiric
664 4511 714 4557 lau·
748 4511 875 4571 al’olybio,
887 4510 943 4556 libh.
956 4510 996 4556 lV.
1005 4517 1029 4554 et
1041 4507 1067 4554 V.

104 4571 256 4637 &intepet
