3086 4952
400 321 489 386 LIB.
511 319 693 388 XXXVII.
721 322 816 388 CAP.
838 323 879 390 V.
1308 335 1351 396 85

91 465 303 530 Brundisium
318 469 559 532 contraherentr
582 476 624 548 et,
634 470 783 534 omnibus
793 470 861 568 jam
875 471 1004 556 paratis,
1015 471 1185 570 paludatus
1200 495 1229 542 o.
1241 497 1267 542 c.
1279 495 1334 544 soa

88 551 132 614 ab
147 551 227 614 urbe
241 561 290 614 est
309 552 481 636 profectus.
523 553 577 616 Ad
597 553 738 638 quinque
758 555 856 617 mrllia
875 555 1124 620 voluntanorum
1146 579 1185 620 ex
1200 560 1265 634 ΑΒ·
1280 560 1333 607 1911

91 635 247 698 Romanis
277 636 432 719 mciisque
441 636 459 713 ¹,
483 636 540 719 qui
567 637 698 701 emerita
726 637 884 722 stipendia
914 640 974 702 sub
997 640 1184 726 imperatore
1197 623 1337 734 εξὲξζζιξξ*

90 719 127 782 Ρ.
142 719 293 784 Africano
307 720 477 796 habebant,
488 729 607 804 praesto
620 722 707 784 suere
722 723 850 785 exeunti
870 723 1002 802 consuli,
1013 733 1045 787 et
1055 725 1184 790 nomina
1196 701 1242 797 in.

90 803 257 868 dederunt.
301 805 363 868 Per
376 825 429 868 eos
445 805 522 882 dies,
537 805 654 888 quibus
668 814 717 868 est
731 807 892 890 proiectus
913 807 954 870 ad
975 808 1093 871 bellum
1107 830 1183 872 con·

90 887 150 962 sul,
166 887 187 920 ¹³
200 887 284 952 ludis
298 888 547 972 Apollinaribus,
561 897 634 952 ante
647 889 732 952 diem
746 890 894 972 quintum
905 890 984 954 Idus
993 892 1182 973 Quinctiles,

88 971 168 1034 coelo
181 993 295 1036 sereno
309 973 447 1036 interdiu
463 973 630 1037 obscurata
643 973 699 1036 lux
718 982 776 1052 est,
791 995 891 1057 quum
905 975 982 1040 luna
997 975 1057 1040 sub
1072 977 1182 1042 orbem

89 1055 163 1118 solis
179 1057 330 1120 subisset.
373 1057 418 1120 Et
433 1057 472 1120 L.
486 1055 637 1122 AEmilius
653 1058 805 1142 Regillus,
820 1059 871 1122 cui
886 1059 1005 1123 navalis
1019 1061 1182 1146 provincia
1194 1068 1254 1144 nur

87 1149 246 1288 ῖιθῖ
256 1141 371 1290 ..rire
386 1142 701 1289 ῖῖῖθῖθῖθιθθε
715 1150 787 1288 tt.
806 1143 1073 1291 ῖιθιῖῖθθθ
1084 1167 1181 1294 θεῖ

87 1309 233 1372 triremes
256 1311 391 1388 iaceret3
413 1309 487 1394 quia
511 1235 594 1374 saniir
616 1233 914 1388 eraffitidchuiia
934 1249 1101 1428 poppam
1115 1252 1181 1378 tini

88 1393 198 1456 navale
221 1395 372 1478 majorem
397 1393 529 1458 classem
553 1394 594 1457 oli
617 1403 714 1458 nanto
736 1415 770 1457 re
794 1415 891 1460 arare.
944 1395 1041 1460 ‘AEto
1055 1397 1075 1474 ¹,
1091 1405 1181 1481 post-
1194 1393 1325 1442 motorum

87 1477 209 1560 quarm¹¹
227 1477 323 1562 legati
346 1478 387 1542 ab
408 1479 510 1542 Roma
533 1486 582 1542 ret
616 1487 720 1558 erunt,
734 1501 756 1542 n
822 1501 855 1542 m
879 1500 968 1564 spem
991 1480 1079 1564 pacis
1102 1465 1297 1561 ease,⁰⁰¹¹⁸‘'²*

87 1583 281 1644 quamquem
295 1562 399 1626 omnis
413 1583 468 1626 ora
481 1561 637 1626 maritima
651 1584 773 1640 eorum,
786 1585 858 1647 quae
871 1563 904 1628 iu
922 1563 1180 1648 Peloponnesum

87 1666 178 1708 versa
191 1655 250 1724 est,
265 1647 458 1731 depopulata
479 1647 518 1710 ab
533 1647 660 1710 Achaeis
682 1655 759 1726 erat,
773 1648 793 1682 ¹⁵
843 1647 934 1712 riculi
956 1648 1068 1732 magis,
1083 1669 1180 1732 quam

87 1729 206 1808 damni,
230 1751 397 1810 memores,
422 1739 460 1794 ut
485 1731 637 1794 Romanis
666 1731 800 1794 intemlu
823 1739 912 1796 erent
936 1732 1005 1812 it'er,
1027 1732 1179 1800 Coracem

86 1823 228 1877 montem
242 1823 486 1900 occupaverunt.
514 1815 716 1912 nequeenim
738 1816 936 1895 dubitabant,
950 1816 991 1879 ad
1012 1817 1180 1902 obpugna-

86 1897 207 1962 tionem
221 1899 380 1984 Naupacti
401 1920 456 1962 eos
479 1899 634 1997 principio
658 1899 740 1964 veris
764 1901 919 1964 redituros
942 1921 1022 1966 esse.
1063 1901 1178 1980 Acilio,

86 1983 142 2066 qui
156 1983 191 2046 id
204 1984 379 2131 ψῃ
393 1983 522 2062 sciebat,
536 1991 635 2048 satrus
646 1985 751 2048 visum
764 1993 823 2064 est,
836 1986 889 2048 ino
913 1985 1031 2048 irratam
1049 1985 1178 2070 adgredi
1251 2053 1256 2066 ,

86 2087 164 2143 rem,
177 2075 211 2130 et
226 2069 248 2102 ¹⁸
340 2069 402 2131 'm
416 2068 609 2154 obpugnare.
652 2069 737 2131 Nam
750 2075 814 2132 eta
830 2007 978 2168 Philippo
993 2069 1013 2102 rr
1021 2091 1121 2154 prope
1136 2069 1178 2134 ed
1189 2053 1324 2164 ffl'nm

86 2151 248 2214 excidium
262 2153 416 2216 adductos
430 2173 517 2230 esee3
538 2159 571 2215 et
585 2160 663 2216 tunc
678 2174 716 2216 eo
728 2153 809 2236 ipso,
845 2154 910 2216 uod
919 2153 999 2216 nrbil
1009 2153 1070 2216 tale
1085 2153 1177 2218 time-
1189 2131 1312 2228 ,abirim

84 2243 171 2312 rent,
187 2235 324 2319 obprimi
337 2236 478 2300 incautos
492 2257 597 2321 posse.
640 2237 838 2300 Profectusa
872 2237 978 2300 Elatia
990 2237 1129 2320 primum
1142 2238 1178 2302 in

85 2319 232 2382 hostiurn
251 2329 334 2382 terra
356 2321 435 2383 cuca
455 2320 660 2406 Sperchium¹
682 2341 808 2384 amnem
828 2320 938 2404 posuit
961 2329 1081 2383 caetrae
1103 2321 1177 2386 inde

84 2413 182 2468 nocte
196 2403 293 2468 motis
306 2404 414 2489 signis,
428 2405 529 2490 prima
540 2405 611 2469 lnce
626 2425 743 2469 corona
756 2403 873 2468 moenia
886 2411 936 2468 est
949 2403 1127 2488 adgressus.

128 2489 170 2551 V.
187 2489 329 2572 Magnus
338 2509 436 2573 pavor
450 2511 486 2554 ac
500 2490 669 2568 tumultus,
682 2498 720 2552 ut
733 2489 767 2552 in
782 2510 815 2552 re
830 2488 1000 2574 inprovisa,
1015 2487 1085 2554 suit.
1101 2509 1178 2552 con-

84 2573 226 2636 stantius
248 2582 363 2651 tamen,
376 2595 472 2672 quam
493 2573 564 2657 quis
588 2574 726 2638 facturos
750 2573 899 2651 crederet,
920 2573 954 2638 in
978 2581 1044 2636 tam
1070 2572 1177 2637 subito

83 2656 246 2754 periculo,
252 2679 351 2741 quum
365 2658 425 2722 vrri
438 2667 686 2758 propugnarent,
699 2657 833 2756 feminae·
842 2657 905 2722 tela
926 2657 1029 2756 omnis
1051 2657 1176 2756 generis

83 2741 994 2912 ffltfflrtt‘ttffiiiitrttffitii
1000 2742 1176 2904 iiiiii

179 2953 187 2992 ¹
199 2961 383 3018 masmim,
396 2961 606 3024 meminitque,
619 2961 696 3010 aera.
845 2955 860 2993 ²
869 2963 1000 3022 priorem
1011 2959 1085 3008 Gran.

212 3017 365 3083 lsmesm
377 3025 473 3085 Kreyss.
486 3025 561 3072 sert.
750 3023 830 3088 ”jors
841 3023 886 3070 del.
898 3025 970 3070 Gron.
984 3023 1051 3069 Ores.

114 3147 145 3194 ta
162 3147 496 3210 transmutationem
511 3149 537 3196 V.
550 3149 605 3196 Idas
620 3150 691 3200 Quis·
723 3163 744 3195 a.
756 3149 778 3194 d.
797 3149 845 3196 III.
864 3147 951 3202 Nonas,
971 3145 1114 3192 liniebantur
1129 3159 1150 3192 a·
1170 3145 1194 3190 d.
1212 3144 1252 3190 tv.
1272 3143 1336 3193 Idus.

83 3213 132 3258 tiles
142 3243 150 3256 .
161 3243 168 3256 .
181 3245 188 3258 .
200 3214 322 3258 Mate
336 3214 376 3258 las
391 3209 437 3272 est]
455 3213 514 3258 Vide
530 3227 601 3272 super
611 3212 655 3259 bac
666 3227 692 3259 re
723 3211 807 3272 ltaque
825 3212 845 3257 is
861 3211 921 3263 dies,
933 3210 973 3270 qui
991 3209 1035 3256 boc
1050 3209 1099 3255 loeo
1111 3216 1213 3262 notatur,
1225 3207 1337 3268 septimus

83 3275 204 3334 epistolam
219 3275 325 3322 lamaelis
338 3277 457 3332 Bulliaidi,
469 3291 521 3336 que
538 3277 642 3336 subjecte
656 3283 692 3321 est
724 3283 774 3322 erat
783 3276 832 3322 dies
845 3275 954 3321 ludorum
966 3273 1146 3334 Apollinarium.

83 3340 210 3386 adeaioenr
225 3339 289 3386 tertii
304 3341 361 3386 torni
375 3339 465 3386 Liviani
483 3340 507 3386 in
526 3339 690 3386 editioneiae.
756 3339 786 3388 la
802 3340 883 3394 AEroti.
900 3334 1030 3398 postqum]
1055 3337 1101 3384 llic
1118 3335 1260 3382 recentiores
1279 3333 1337 3381 editi

84 3403 203 3448 Gronorii.
223 3403 694 3462 l’robatperitiseimusAatronomuahanc
725 3401 842 3448 habebant
856 3404 995 3462 priusquam,
1013 3407 1095 3446 eontra
1106 3407 1162 3446 vett.
1180 3399 1296 3445 editorum
1313 3405 1338 3444 et

84 3465 193 3524 eclipsim,
212 3467 243 3512 de
261 3479 308 3526 qua
323 3467 361 3512 hic
372 3467 420 3525 agit
433 3467 519 3520 Livius,
532 3481 578 3512 non
591 3467 693 3526 potuisse
725 3466 862 3526 scriptorum
880 3465 958 3510 fldem.
999 3463 1107 3510 lirrorem
1130 3462 1268 3510 momtrsrit
1286 3461 1336 3508 ise.

85 3527 184 3576 inridere
201 3531 228 3576 in
239 3543 261 3575 a.
274 3530 296 3575 d.
309 3529 417 3588 quintum
436 3530 493 3576 ldus
504 3531 621 3580 Quintiles
639 3529 694 3575 anni
727 3529 871 3576 Gronovius:
889 3527 983 3575 sustulit
994 3527 1106 3574 ctericus.

85 3595 163 3638 veteris
173 3593 603 3652 Remni,quumesAstronomorum
611 3593 695 3640 tabuiis
760 3593 790 3640 lb
807 3591 821 3620 ⁶
831 3593 932 3640 Perieuii
950 3593 1022 3652 magis
1040 3605 1107 3652 qaam
1124 3591 1201 3636 «imai
1218 3585 1335 3648 ιιιιιοιιι]

85 3657 195 3704 referatur
215 3657 247 3702 ad
272 3657 335 3702 dlern
356 3655 394 3702 14.
416 3657 494 3703 Mariti
516 3657 571 3704 anni
590 3657 694 3704 iuliani:
728 3656 763 3702 De
781 3656 883 3716 periculo
900 3655 1037 3700 imminente
1052 3655 1081 3700 ab
1094 3653 1212 3702 Romanis.
1224 3665 1294 3711 quarn
1306 3653 1336 3697 de

85 3729 195 3780 putatque
206 3733 312 3765 errorem
324 3720 360 3765 rel
373 3720 440 3776 livit,
453 3721 488 3766 vel
505 3722 554 3780 eiua
566 3735 635 3780 quem
652 3733 694 3766 ex·
727 3721 812 3766 damno
821 3720 850 3766 ab
860 3718 950 3765 Achaia
961 3731 1003 3778 per
1011 3717 1172 3778 populationes
1181 3715 1336 3774 illato,magis

86 3784 171 3843 scripsit
184 3783 277 3837 Livius,
294 3791 377 3830 natum
392 3797 443 3830 ease
459 3797 488 3830 es
504 3784 622 3830 vicinitate
635 3784 694 3829 alte·
726 3783 826 3830 solliciti.

86 3845 128 3892 rias
138 3847 240 3906 deliquii
260 3848 350 3902 solans,
368 3849 433 3906 culus
451 3847 539 3894 mentio
556 3847 583 3893 dt
599 3847 667 3900 inira,
679 3845 695 3893 l.
759 3845 790 3893 ld
807 3847 909 3892 mann
925 3839 1067 3906 oppsgsore]
1089 3845 1142 3892 laur
1161 3841 1335 3889 observavimus

87 3909 252 3958 milite.
265 3909 305 3964 dd,
316 3911 381 3970 quod
398 3924 480 3956 revera
496 3911 599 3958 incidere
619 3910 695 3971 potuit
726 3911 757 3956 ad
774 3923 793 3955 e.
810 3910 848 3956 25.
869 3910 884 3954 l.
904 3907 1016 3954 XXXVI.
1038 3908 1143 3954 Lamiam
1163 3905 1267 3954 deditam
1284 3919 1335 3950 esee

86 3973 108 4016 in
123 3975 190 4020 ludos
203 3974 361 4034 Apollinares,
373 3983 397 4020 et
413 3973 437 4020 in
452 3989 472 4020 a
483 3975 506 4020 d.
518 3975 625 4033 quintum
639 3973 696 4019 Idus
728 3973 847 4028 RomanIs,
859 3979 951 4018 auctore
965 3971 1030 4017 Livio
1042 3971 1102 4018 inlrs
1111 3971 1126 4016 1.
1139 3969 1251 4016 xxxix
1264 3983 1283 4012 c.
1296 3967 1335 4022 28.

87 4037 208 4085 Quintiles.
240 4039 354 4083 Ceterum
364 4043 388 4082 et
400 4037 446 4083 alia
457 4037 541 4084 diversi
551 4037 644 4096 generis
656 4037 694 4082 bic
725 4044 848 4096 postquem
866 4037 896 4082 ab
913 4049 941 4082 es
952 4035 1074 4096 Philippus
1085 4041 1218 4080 recesserat.
1252 4031 1335 4090 ltaque

87 4103 195 4158 repertun
215 4101 351 4154 difficultas,
362 4101 425 4160 quod
437 4115 521 4160 nempe
537 4101 577 4160 qul
596 4101 644 4146 ludi
656 4099 693 4146 di-
726 4115 798 4159 quum
815 4100 852 4146 bic
864 4100 946 4146 eadem
957 4101 1011 4144 urba
1028 4113 1108 4144 rursus
1125 4102 1287 4157 oppugneturr
1304 4107 1334 4140 na

87 4175 164 4212 mutas
173 4165 214 4211 bie
224 4165 337 4210 incidisse
347 4165 371 4210 in
386 4165 438 4210 nd.
450 4164 477 4210 V.
489 4165 546 4211 Idus
556 4163 694 4220 Quinctiles,
726 4171 815 4224 pugnet
829 4176 907 4208 aecum
920 4162 1007 4218 Lirim,
1019 4163 1123 4210 dieamus
1135 4173 1187 4206 earn
1204 4157 1335 4204 rebellasse.

87 4239 122 4272 sss
134 4229 212 4276 lisias
229 4243 303 4288 snpra
314 4229 331 4274 l.
342 4227 444 4274 xxvii.
456 4242 475 4274 c.
487 4227 525 4284 2³,
537 4227 633 4273 tradidit
644 4225 694 4272 lieri
728 4225 780 4274 Non
792 4241 844 4272 raro
855 4235 979 4272 occurrunt
996 4227 1059 4285 apud
1076 4233 1181 4270 nostrum
1200 4221 1292 4266 hiantes
1303 4217 1334 4292 'in

87 4291 160 4338 soiitos
173 4307 196 4340 a.
208 4293 232 4340 d.
242 4291 292 4338 111.
304 4291 386 4338 lionae
396 4291 521 4342 Quintiles.
555 4291 601 4338 Sed
612 4291 631 4336 si
643 4289 693 4336 ludi
725 4289 788 4336 bunc
799 4291 893 4336 modurn
905 4289 995 4336 omissis
1004 4287 1088 4335 mediis
1097 4283 1246 4332 narrationes.
1280 4281 1334 4346 Vrd.

86 4353 229 4412 Apollinares
248 4363 328 4402 totum
347 4355 468 4402 octiduum
490 4362 594 4410 tenuere,
617 4363 643 4400 ut
663 4367 693 4400 es
726 4365 772 4400 not.
785 4355 865 4408 4⁰‚sd
877 4367 896 4398 ι.
909 4353 945 4400 li.
959 4353 974 4398 l.
987 4353 1029 4398 tx.

86 4417 222 4468 Kalendario
239 4419 321 4478 colligi
335 4419 435 4474 ridetur,
454 4417 520 4464 nette
538 4433 587 4466 rem
598 4417 693 4464 coneili-
760 4417 788 4470 17
806 4417 877 4476 Prope
899 4417 931 4463 od
951 4416 1062 4462 excidisse
1078 4405 1199 4484 adductos]
1229 4407 1335 4456 Andreas

86 4483 178 4532 atinus.
220 4483 373 4545 Incipiebant
395 4481 429 4528 illi
453 4482 564 4530 nimitum
581 4481 693 4530 celebrari
726 4481 811 4527 omittit
823 4482 852 4528 ro
863 4481 909 4526 od.-
927 4479 994 4526 etsie
1005 4477 1063 4524 solet
1077 4473 1166 4520 Inuus.
