3086 4952
239 338 262 398 4

243 501 272 548 u.
285 500 312 546 c.
323 500 378 548 ssa.

243 566 273 611 s.
285 565 312 611 c.
326 563 379 611 ma

246 743 273 788 1..
285 741 387 788 camelli

244 821 282 853 res
296 813 367 865 gestu

246 871 309 930 apud
322 869 398 916 Reios.
431 899 437 912 .

831 331 923 396 ΤΙΤΙ
946 331 1062 396 LIVII

408 479 525 542 multas
534 499 648 542 manus
655 499 713 562 per
720 485 860 542 extrema
871 478 984 542 finium
999 477 1040 542 sd
1051 477 1261 563 predandam
1270 475 1458 540 emittebam

409 571 451 642 et,
466 584 566 647 quum
580 571 687 625 coacta
697 565 744 625 vis
759 584 875 647 magna
887 584 1039 647 pecorum
1052 563 1232 646 praedaeque
1245 567 1340 639 esset,
1353 568 1458 644 parati

410 657 477 710 erat
513 646 685 723 raesidium,
700 668 757 793 per
772 647 859 729 quod
873 647 906 710 in
921 647 1049 710 castella
1063 667 1172 710 eorum
1180 645 1330 728 vicosque
1345 653 1458 728 ageret

454 732 470 794 l
504 779 511 794 .
536 731 646 795 Quum
660 730 778 794 belum
795 730 832 793 L·
879 731 999 794 stinum
1013 731 1054 793 ad
1070 731 1158 792 Pisas
1171 729 1378 807 constitisset,
1391 750 1458 790 con

411 815 489 878 alter
504 815 542 878 L.
560 814 725 876 Cornelius
741 753 879 877 Martiis!¹
881 837 938 899 per
951 825 1108 878 extremos
1133 814 1289 898 Ligurum
1311 813 1395 875 fines
1418 834 1458 874 ex

411 909 510 962 crtum
531 899 564 960 in
666 921 698 960 m
721 899 873 962 Boiorum
894 898 1029 976 induxit,
1051 897 1108 961 ubi
1129 897 1222 981 longe
1242 896 1301 959 alia
1320 896 1399 959 belli
1414 903 1458 958 rat

412 1003 507 1065 quam
523 920 795 1065 cumaiiiiuribus,
817 991 892 1044 erat.
937 983 1059 1046 Consul
1080 983 1114 1044 in
1133 981 1231 1044 aciem
1254 980 1372 1057 exibat,
1395 981 1458 1042 hos

412 1088 553 1150 pugnam
569 1067 801 1129 detrectabant:
839 1067 1066 1149 raedatumque‚
1080 1065 1136 1128 ubi
1149 1087 1242 1128 nemo
1255 1065 1382 1128 obviarn
1394 1065 1458 1126 exir

413 1150 631 1212 discurrebant
646 1151 801 1228 Romani3
853 1150 895 1213 oii
917 1149 1010 1234 diripi
1031 1171 1089 1214 sua
1110 1149 1241 1233 inpune,
1263 1170 1360 1232 quarn
1383 1157 1458 1210 tuen

414 1257 451 1296 ea
473 1255 635 1297 conserere
664 1243 832 1312 certamen,
860 1234 1029 1298 malebant.
1082 1235 1253 1316 Postquam
1282 1233 1392 1296 omnia
1422 1233 1458 1294 sc]

415 1319 543 1401 ignique
559 1319 635 1380 satis
649 1327 787 1381 evastata
800 1327 899 1396 erant,
914 1318 1025 1381 consul
1043 1339 1118 1402 agro
1140 1317 1281 1380 hostium
1302 1317 1452 1393 excessit,

415 1403 455 1464 ad
472 1403 632 1464 Mutinam
647 1403 772 1486 agmine
787 1402 924 1480 incauto,
939 1410 976 1464 ut
989 1401 1072 1465 inter
1085 1410 1224 1486 pacatos,
1235 1401 1383 1464 ducebat.
1422 1402 1458 1462 Βι

416 1487 472 1548 ubi
499 1508 662 1570 egressum
689 1509 706 1548 e
734 1486 852 1548 finibus
882 1486 947 1550 suis
976 1487 1101 1549 hostem
1131 1507 1264 1564 sensere,
1288 1485 1458 1568 aequabant

417 1571 522 1632 silenti
538 1571 673 1653 agmine,
697 1571 802 1632 locum
820 1570 942 1632 insidiis
957 1578 1144 1653 quaerentes.
1179 1579 1272 1633 nocte
1286 1577 1458 1654 praetergre

417 1661 520 1716 castra
534 1655 676 1716 Romana
691 1654 817 1732 saltum,
832 1675 895 1737 qua
909 1655 1138 1718 transeundum
1153 1663 1220 1718 erat
1235 1654 1399 1732 Romanis,
1422 1653 1455 1714 in

417 1737 542 1800 derunt.
587 1737 626 1799 Id
639 1757 739 1821 quum
753 1759 866 1822 parum
881 1739 1003 1801 occulte
1017 1738 1174 1820 iecissent,
1189 1738 1310 1816 consul,
1332 1737 1389 1821 qui
1403 1759 1458 1799 mu

417 1829 510 1884 nocte
526 1820 638 1884 solitus
651 1830 718 1884 erat
731 1843 856 1884 movere
879 1831 990 1901 castra,
1012 1843 1051 1886 ne
1072 1844 1137 1885 nox
1156 1831 1306 1885 terrorem
1327 1822 1361 1884 in
1384 1829 1456 1883 tum

417 1905 520 1968 tuario
548 1905 659 1988 proelio
688 1914 826 1990 augeret,
856 1905 960 1968 lucem
989 1907 1201 1990 exspectavit:
1232 1915 1274 1984 et,
1303 1927 1405 1988 quum
1434 1905 1458 1966 ls

418 1998 567 2066 moveret,
588 1997 695 2052 tamen
718 1999 856 2052 turmam
880 1989 1024 2073 equiturn
1049 1990 1247 2074 exploratum
1271 1990 1368 2052 misit.
1414 1989 1458 2051 Po

418 2093 514 2156 quam
527 2072 661 2135 relatum
676 2082 735 2150 est,
749 2084 875 2157 quantae
891 2074 1001 2158 copiae,
1014 2081 1047 2137 et
1061 2074 1095 2136 in
1110 2095 1174 2156 quo
1190 2074 1259 2136 loco
1273 2081 1390 2151 essent,
1406 2077 1458 2135 tot}

417 2155 552 2253 agminia
567 2157 703 2220 sarcinas
718 2157 750 2220 in
764 2157 904 2220 medium
920 2157 1032 2242 conjici
1041 2158 1148 2242 jussit.
1183 2157 1234 2220 ⁰et
1247 2157 1371 2220 triarios
1385 2157 1458 2220 valli

418 2240 650 2324 clrcumjicere:
673 2249 775 2304 cetero
797 2241 937 2306 exercitu
957 2242 1113 2305 instructo
1141 2241 1182 2305 ad
1208 2243 1332 2304 hostem
1363 2262 1458 2303 acces:

419 2325 510 2388 Idem
535 2333 567 2388 et
593 2325 678 2390 Galli
701 2327 853 2404 iecerunt,
877 2333 1047 2422 postquam
1073 2333 1197 2410 apertas
1222 2347 1291 2388 esse
1309 2325 1450 2402 insidias,

417 2417 503 2554 re‘cito
526 2430 562 2472 ac
582 2409 672 2492 justo
695 2409 817 2492 proelio,
839 2409 895 2471 ubi
910 2430 984 2472 vera
997 2409 1097 2473 virtus
1109 2409 1247 2473 vinceret
1256 2408 1274 2487 ¹,
1288 2409 1458 2472 dimicandi

417 2492 449 2555 vi
471 2501 574 2556 erunt.

460 2576 500 2638 V.
525 2576 615 2638 Hora
630 2577 769 2639 secunda
777 2577 874 2640 ferme
886 2597 1075 2641 concursum
1088 2586 1147 2642 est.
1168 2577 1313 2642 'sinistra
1323 2577 1458 2642 sociorsu

418 2659 468 2722 ala
481 2668 514 2722 et
528 2659 783 2724 'extraordinarii
796 2661 899 2746 prima
912 2661 946 2724 in
960 2663 1025 2725 acie
1040 2685 1062 2746 p
1130 2661 1236 2726 abant.
1268 2671 1424 2747 praeerant
1439 2663 1458 2724 d

418 2743 598 2808 consideres
623 2744 728 2828 legati,
751 2745 800 2809 Μ.
824 2745 995 2809 Marcellus
1021 2684 1129 2810 εῐᾜὶι.1
1149 2746 1365 2844 Sempronius,
1389 2747 1458 2830 prio

418 2827 494 2891 anni
508 2827 630 2892 consul.
674 2829 787 2892 Novus
804 2830 916 2892 consul
930 2851 1015 2894 nunc
1030 2831 1071 2894 ad
1085 2829 1187 2915 prima
1207 2852 1297 2928 signa
1319 2839 1394 2909 erat,
1416 2853 1458 2893 nu

418 2911 557 2996 legiones
574 2912 756 2976 continebat
777 2913 811 2977 in
832 2914 1001 2992 subsidiis;
1023 2937 1063 2978 ne
1084 2913 1262 2978 certaminis
1287 2915 1391 2978 studio
1413 2913 1458 2998 pri

417 3005 638 3081 procurrerent
647 2997 665 3076 ¹,
718 3020 792 3062 uam
820 2999 930 3062 datum
959 2999 1086 3084 signum
1115 3008 1207 3063 esset.
1249 2999 1369 3082 equites
1395 3019 1458 3060 ears

418 3089 507 3144 extra
530 3082 629 3145 aciem
653 3083 687 3144 in
697 3019 816 3146 iocum
833 3091 998 3182 patentem
1021 3084 1062 3149 Q.
1078 3091 1111 3146 et
1126 3085 1161 3146 P.
1176 3083 1336 3146 Minucios
1358 3083 1458 3146 tribua

418 3165 555 3228 militum
564 3167 695 3229 educere
699 3166 806 3250 jussit.
831 3167 904 3230 mde
913 3179 946 3246 ¹¹¹,
955 3189 1054 3250 quum
1066 3167 1192 3264 signum
1201 3167 1347 3244 dedisset,
1359 3167 1458 3251 inpete

419 3257 580 3333 exsperto
595 3250 742 3313 facerent.
788 3251 869 3314 Hoec
889 3251 995 3334 agenti
1010 3273 1146 3314 nuncius
1160 3252 1247 3314 venit
1261 3273 1280 3314 a
1294 3251 1341 3314 Ti.
1356 3253 1458 3334 Sempr

419 3333 473 3396 nio
501 3333 624 3418 Longo,
651 3355 711 3397 aaa
732 3337 880 3398 autiaere
901 3337 1162 3398 extraordinarios
1183 3339 1315 3417 inpetum
1337 3337 1458 3398 Galloru

420 3424 450 3481 et
465 3437 556 3482 casos
565 3420 733 3498 paruultos
748 3439 831 3482 esse:
848 3426 887 3497 et,
901 3421 952 3501 qui
961 3421 1122 3500 supersint,
1131 3423 1250 3500 partim
1265 3421 1374 3496 labore,
1382 3427 1458 3501 port

419 3509 501 3564 aratu
515 3505 666 3566 remisisse
679 3503 819 3566 ardorem
828 3523 948 3585 psqaoe.
982 3505 1125 3584 lepiaaem
1140 3506 1268 3566 aduam
1283 3525 1321 3566 su
1335 3505 1454 3580 duabsu,

419 3587 583 3665 videretur,
605 3588 803 3666 submitteret,
822 3590 1004 3669 priusquam
1024 3589 1188 3668 iqaamiaia
1208 3590 1400 3668 acciperetur.
1443 3589 1458 3650 E

420 3669 526 3732 cunda
537 3670 618 3754 legio
633 3671 730 3734 missa
744 3680 793 3734 est
801 3682 826 3750 ¹¹,
841 3680 873 3734 et
887 3671 1123 3734 extraordinarii
1138 3673 1265 3756 recepti.
1308 3672 1458 3734 'l'umredi

419 3761 542 3838 tegrata
555 3763 604 3817 est
618 3777 736 3842 pugna.
779 3755 910 3822 'Quum
924 3764 957 3818 et
971 3777 1078 3819 recens
1093 3755 1194 3833 miles,
1211 3763 1244 3818 et
1260 3755 1403 3838 frequens
1417 3777 1458 3818 or<

451 3869 685 3923 hsttttsbautlielslr.
792 3871 991 3923 ¹viacsretoirtus
1003 3877 1063 3923 Ead.
1160 3873 1337 3939 *insequuta
1349 3879 1416 3924 Gran.
1430 3881 1458 3925 Cr

415 3931 589 3986 ¹rascurrsrsat
601 3939 666 3986 tad.
763 3945 784 3972 ¹¹¹
796 3941 854 3987 unda
867 3941 942 3986 Belrk.
1039 3945 1054 3973 ὓ
1065 3955 1132 3986 musa
1142 3948 1175 3987 est
1184 3943 1242 4003 tagis
1253 3942 1312 3988 Esd.

288 4060 353 4109 aas
374 4062 475 4110 Triariae
493 4065 575 4110 cossum
592 4061 757 4124 circumjiesrs]
776 4064 866 4124 Nempe
930 4064 946 4118 7
963 4067 1062 4112 Sinistra
1072 4069 1179 4113 sacimas
1187 4069 1286 4128 equitum
1295 4063 1343 4128 ola]
1361 4067 1458 4113 Delefidr

256 4127 368 4180 meister
391 4127 478 4172 circum
499 4127 600 4172 sarcinas
620 4127 706 4172 vallum
725 4129 815 4186 laceres
840 4136 866 4173 ut
897 4135 997 4174 tarcum
1010 4129 1121 4188 Lipslo,l.
1135 4130 1205 4176 ll.de
1218 4131 1270 4176 Mil.
1284 4131 1458 4185 numatam*

256 4189 317 4236 vallo
328 4191 417 4250 obJecto
429 4191 524 4236 sarcina
536 4191 560 4236 in
571 4197 622 4236 tuto
637 4197 760 4244 essentne
771 4205 867 4250 praescr·
898 4205 948 4237 cem
959 4195 1074 4252 equitasse
1091 4193 1128 4239 hic
1137 4194 1199 4240 enim
1210 4195 1240 4240 de
1252 4194 1365 4253 peditibus
1373 4195 1434 4239 sociis
1445 4209 1458 4238 s

257 4252 307 4306 tim,
320 4261 346 4298 ut
357 4255 470 4300 haberent
480 4254 497 4300 ii
509 4254 549 4313 qui
560 4255 685 4312 pugnaturi
697 4261 773 4310 erant,
784 4268 830 4312 quo
842 4268 866 4300 se
898 4263 944 4299 tur.
969 4255 1020 4302 lloc
1031 4258 1113 4314 probat
1124 4265 1173 4302 tots
1183 4258 1256 4316 prelii
1268 4259 1372 4304 narratio.
1389 4258 1436 4304 Vid.
1448 4273 1458 4302 n

257 4316 394 4375 reciperent,
403 4333 414 4362 s

415 4317 422 4362 l
434 4317 583 4376 pellerentur.
603 4317 654 4362 Mos
665 4325 716 4362 erat
727 4317 828 4362 Tristior
839 4317 869 4362 sd
901 4319 931 4363 ad
944 4317 960 4364 l.
972 4317 1049 4364 XXV.
1062 4333 1081 4365 c.
1093 4321 1123 4368 21
1136 4335 1215 4380 supra.

257 4380 386 4425 custodiam
404 4389 531 4426 castrorum
547 4379 662 4440 relinqui:
681 4381 742 4438 quod
761 4383 868 4429 observat
931 4381 1161 4444 BEstraards'aar-ts‘]
1180 4384 1264 4432 ltidcm
1276 4383 1369 4444 pedites.
1389 4383 1458 4428 Vidn

258 4455 287 4488 ex
311 4443 425 4502 Dionysio
447 4444 541 4505 Lipsius
567 4445 582 4490 l.
610 4444 651 4490 tv.
670 4444 700 4490 de
723 4443 774 4490 Mil.
797 4445 865 4492 Rom.
898 4444 1150 4493 nutrituram

258 4505 313 4553 dlsl.
325 4506 340 4553 l.

931 4509 946 4555 9
965 4509 1037 4558 Quas
1053 4511 1167 4572 ...lagia
1185 4514 1301 4560 recusat·
1325 4507 1421 4570 sisausa]
1446 4511 1458 4556 l
