3118 5002
204 323 269 386 352
755 309 848 376 ‘l'l'l'l
871 309 987 374 len

206 483 237 528 u.
246 481 273 528 c.
284 479 340 527 sat.
368 463 402 530 in
416 463 527 530 eodem
541 469 627 525 statu
641 479 806 525 mansuras
819 479 870 522 rea
879 457 898 537 ¹,
919 477 1022 541 neque
1034 457 1118 521 ultra
1154 457 1307 542 uidquam
1328 481 1461 524 moven-

206 547 234 594 Ᾰ
247 546 273 594 ⁰·
288 544 340 600 ¹7¹·
369 550 464 614 dum:
486 568 551 610 non
573 545 658 610 enim
681 564 830 630 passuros
850 543 1022 620 Romanos,
1045 541 1111 605 vim
1242 543 1461 628 aginiensibus

368 631 492 698 adferri.
536 630 571 694 Si
592 631 699 692 fractae
721 635 828 692 essent
849 649 926 712 opes
950 627 1177 705 Romanorum,
1198 649 1271 710 quae
1293 637 1365 692 tum
1409 652 1462 692 ro-

368 724 511 802 tegerent
534 713 825 798 Karthaginienses,
848 731 938 774 suam
953 731 1080 774 omnem
1094 711 1235 774 Affioam
1248 713 1324 776 fore.
1370 653 1463 778 (len-

368 802 445 882 tius,
470 821 526 864 rex
562 797 754 883 lllyriorum,
782 796 899 860 ieoerat
935 795 1053 880 potius,
1083 817 1141 858 our
1169 805 1337 881 suspectus
1374 809 1463 862 esset

371 885 533 963 Romanis,
549 903 646 981 quam
661 881 737 944 satis
757 887 920 958 abstiterat,
935 887 1040 942 utram
1059 879 1179 943 foveret
1200 889 1344 966 partem3
1368 881 1463 966 inpe-

370 979 469 1054 tuque
486 988 598 1052 magis,
641 987 715 1028 uam
733 963 875 1043 oonsilio,
889 964 940 1028 bis
953 972 1010 1026 aut
1024 963 1086 1027 illis
1101 986 1135 1027 se
1148 964 1357 1048 adjuncturus
1372 967 1464 1030 vide-

369 1054 473 1118 batur.
516 1053 617 1137 Cotys
660 1051 748 1129 hrax,
768 1049 967 1134 Odrysarum
981 1069 1047 1128 rex,
1066 1049 1227 1114 evidenter
1242 1049 1464 1116 Macedonum

370 1138 469 1224 partis
483 1145 560 1201 erat.

207 1233 360 1284 autetiam·
414 1223 526 1286 XXX.
558 1221 638 1284 Haeo
666 1217 822 1284 sententia
850 1217 977 1302 regibus
1028 1239 1107 1280 uum
1134 1225 1218 1281 esset
1243 1217 1282 1280 de
1310 1217 1403 1297 bello,
1428 1221 1465 1284 in

207 1297 351 1372 '.“md'ln'
371 1307 478 1371 liberis
532 1305 642 1370 ntibus
680 1291 846 1390 opulisque
861 1302 984 1388 ”plebs
999 1325 1021 1364 u
1043 1302 1147 1386 iquem
1167 1302 1271 1366 omnis
1293 1303 1400 1382 ferme,
1425 1315 1466 1368 ut

208 1369 274 1407 Μ’
372 1391 461 1470 solet,
483 1391 493 1424 ⁸
517 1327 723 1455 deterioribus
738 1397 805 1453 erat
817 1387 859 1451 ob
872 1409 979 1472 regem
990 1397 1005 1427 ¹¹
1020 1386 1276 1470 Macedonasque
1290 1387 1465 1467 inclinata3

371 1476 553 1562 principum
566 1475 689 1538 diversa
702 1493 844 1536 cerneres
859 1471 974 1535 atudia.
996 1491 1069 1556 pars
1083 1470 1128 1534 ita
1142 1471 1176 1534 in
1192 1472 1353 1535 Romanos
1368 1475 1467 1537 effusi

371 1569 471 1639 erant,
486 1569 524 1624 ut
538 1559 756 1622 auctoritatem
775 1555 933 1619 inmodico
955 1557 1059 1619 favore
1080 1565 1343 1640 conrumperent:
1367 1560 1467 1642 pauci

371 1667 411 1708 ex
425 1645 463 1707 iis
473 1643 598 1728 justitia
611 1640 735 1726 imperii
751 1639 886 1704 Romani
899 1641 1006 1725 capti;
1026 1639 1133 1725 plures
1147 1640 1200 1718 ita,
1221 1640 1248 1704 si
1267 1642 1468 1726 praeoipuam

371 1749 499 1812 operam
524 1733 702 1803 navassent,
724 1732 870 1822 potentes
895 1745 963 1788 sese
985 1725 1020 1788 in
1044 1724 1224 1788 civitatibus
1248 1725 1314 1788 suis
1335 1727 1470 1792 futuros

371 1811 441 1875 rati.
474 1831 547 1894 pars
562 1809 658 1872 altera
672 1830 766 1893 regtae
787 1807 976 1873 eduution'n
998 1816 1075 1888 erat,
1096 1830 1177 1893 quos
1201 1829 1246 1874 oes
1269 1809 1408 1874 alienum
1433 1823 1470 1876 et

371 1893 548 1980 desperatio
561 1915 667 1958 rerum
683 1913 822 1971 auarum,
838 1893 949 1956 eodem
962 1903 1111 1958 manente
1125 1901 1222 1972 statii,
1230 1895 1411 1980 praecipites
1423 1898 1470 1960 ad

372 1978 518 2042 novanda
540 1978 647 2042 omnia
669 1975 805 2064 agebet3
827 1977 982 2062 quosdam
1000 1987 1170 2042 ventosum
1191 1977 1366 2063 ingenium,
1388 1982 1469 2064 quia

372 2063 394 2098 '¹
408 2063 541 2128 Perseus
569 2063 670 2148 magis
697 2083 782 2126 aurae
809 2062 972 2147 popularis
1001 2071 1077 2126 erat.
1113 2063 1207 2126 tertia
1233 2085 1317 2148 pars,
1342 2065 1469 2150 optima

372 2149 482 2214 eadem
495 2157 528 2212 et
564 2147 799 2226 rudentissima,
822 2147 849 2232 si
863 2147 974 2231 utique
989 2147 1077 2232 optio
1092 2147 1213 2210 domini
1227 2148 1360 2232 potioris
1374 2151 1468 2214 dare-

373 2242 437 2312 tur,
451 2234 511 2298 sub
527 2170 690 2311 llomnnis,
704 2253 800 2317 quam
814 2232 874 2296 aub
889 2253 973 2316 rege,
993 2231 1130 2295 malebat
1141 2253 1220 2296 esse.
1256 2231 1277 2264 ⁰⁸
1287 2233 1316 2295 si
1328 2233 1469 2298 liberum

373 2318 447 2383 inde
462 2318 628 2382 arbitrium
641 2319 778 2382 fortunae
792 2323 885 2394 emet,
900 2325 1046 2380 neutram
1059 2323 1182 2400 partem
1192 2315 1342 2380 volebant
1351 2327 1469 2402 poten-

373 2403 486 2466 tiorem
499 2403 597 2466 altera
611 2403 762 2518 obpressa
776 2400 862 2480 lieri3
884 2401 951 2480 sed,
972 2399 1112 2464 inlibatis
1126 2399 1235 2498 potius
1247 2401 1368 2466 viribus
1384 2404 1469 2466 utri-

373 2509 475 2586 usque
502 2487 612 2572 partia,
665 2507 776 2571 pacem
803 2507 842 2548 ex
870 2495 929 2548 eo⁰
957 2505 1092 2548 manere.
1129 2494 1175 2548 rta
1202 2485 1285 2549 inter
1311 2495 1468 2571 utrosque

373 2579 527 2655 optimam
541 2569 755 2633 conditionem
770 2568 946 2632 civitatium
960 2570 1046 2648 fore3
1067 2577 1254 2654 protegente
1268 2569 1367 2636 altero
1382 2593 1468 2636 aem-

453 2654 582 2738 inopem
603 2653 643 2716 ab
662 2653 791 2716 alterius
814 2651 939 2736 injuria.
984 2653 1066 2717 llaec
1088 2655 1270 2733 sentientes,
1292 2657 1469 2721 certamina

372 2675 533 2802 alliorum
548 2737 714 2822 utriusque
729 2735 828 2822 partis
851 2735 939 2800 taciti
956 2758 996 2800 ex
1016 2747 1088 2802 tuto
1109 2739 1306 2824 spectabant.
1348 2740 1467 2806 ”Con-

402 2881 409 2922 ¹
420 2887 474 2934 add.
486 2901 533 2934 uae
546 2887 642 2948 Kreyaa.
654 2885 731 2934 aeut.
875 2889 897 2919 ¹²¹
908 2887 985 2948 aliqu
998 2887 1069 2934 Gron.
1083 2888 1151 2934 crea.
1296 2885 1402 2949 ”sema
1416 2893 1430 2922 ⁰
1439 2897 1468 2937 eat

369 2953 433 3007 tolet.
452 2951 611 3010 deterioribaa,
627 2957 679 3000 eret
698 2951 731 2998 ed
747 2964 822 3012 regest
842 2949 937 3010 llreyaa.
970 2947 1054 3011 serare,
1072 2957 1097 2997 at
1111 2951 1174 3006 tolet,
1192 2953 1347 3010 deterioribus,
1364 2961 1416 3001 nat
1433 2957 1468 3000 ad

371 3031 447 3079 regen
457 3015 534 3064 neun
662 3021 787 3076 ⁰eeaeqaa
799 3013 876 3061 beka.

243 3165 276 3214 98
291 3165 360 3212 Pure
378 3169 456 3228 atique
473 3161 555 3226 mia]
574 3163 687 3215 aueum
706 3162 821 3209 editiones
885 3163 917 3211 95
942 3163 1038 3210 Peraeae
1064 3165 1137 3224 nagia
1168 3178 1231 3211 aare
1255 3166 1374 3224 populoru
1399 3161 1464 3226 arat]

210 3231 398 3289 bebentabiqaa.
433 3229 479 3275 Sed
494 3229 577 3274 meliua
592 3227 684 3273 ridetur
696 3225 724 3272 rb
736 3229 821 3286 atiqae.
855 3227 945 3272 Horum
956 3229 1080 3274 verborum
1098 3227 1184 3288 duplex
1203 3235 1278 3288 potest
1297 3242 1347 3275 eaae
1366 3243 1465 3275 mneos:

212 3295 280 3339 Plebs
290 3295 368 3352 atique
384 3295 461 3346 omnia,
473 3291 498 3336 id
515 3299 558 3342 eat,
569 3291 634 3349 plebe
652 3289 747 3349 quidem
759 3298 821 3335 oerte
853 3304 944 3350 nempe,
957 3289 1054 3336 Peraeua
1072 3305 1097 3337 ae
1108 3291 1183 3350 megia
1194 3292 1264 3337 dabat
1275 3305 1337 3337 aure
1348 3293 1465 3352 populari,

211 3355 300 3402 omnia:
327 3361 353 3400 ut
371 3361 503 3414 opponatur
518 3353 670 3414 principibua,
689 3353 719 3398 de
735 3353 820 3411 quibua
853 3354 927 3412 magia
938 3356 1045 3414 captabat
1057 3355 1159 3400 bearem
1168 3355 1339 3402 multitudiniar
1352 3357 1397 3411 rel,
1407 3357 1463 3402 Per-

211 3433 266 3464 mox
277 3424 367 3478 agetur.
852 3431 906 3463 aeus
923 3418 1011 3476 gratior
1028 3425 1079 3464 erat
1097 3419 1121 3464 in
1134 3419 1225 3478 vulgus.
1258 3420 1463 3469 Quemadmodum

243 3481 275 3528 94
292 3481 447 3528 Deterioridea
458 3485 509 3526 eret
519 3480 546 3525 od
556 3492 630 3539 regen
642 3509 648 3524 .
661 3510 667 3524 .
679 3509 686 3523 .
697 3475 819 3540 inclinata]
853 3488 951 3540 utraque
962 3496 999 3528 rea
1010 3490 1093 3528 natura
1104 3485 1227 3542 coniuncta
1241 3491 1285 3536 eat,
1295 3482 1328 3528 ita
1339 3491 1364 3530 et
1375 3493 1464 3530 utram-

213 3543 312 3591 Minime
328 3543 426 3590 dubium
438 3557 487 3589 eeae
499 3549 582 3602 potest,
594 3541 651 3600 quin
667 3541 779 3588 mendum
790 3543 821 3588 alt
852 3559 898 3604 que
910 3545 947 3590 bie
958 3545 1173 3605 interpretationem
1182 3549 1267 3606 J'ungaa
1280 3547 1341 3592 lieet.

212 3608 236 3653 io
249 3607 329 3653 vocula
340 3607 374 3661 od,
385 3615 455 3666 atque
467 3608 517 3666 eiua
532 3606 582 3653 loeo
599 3605 724 3664 legendum
736 3605 766 3651 ait
782 3608 820 3654 ad.
884 3607 916 3656 90
932 3609 958 3654 Si
969 3610 1064 3656 iiber-aaa
1075 3605 1140 3669 inde]
1158 3609 1271 3670 Displioet
1282 3609 1311 3655 rd
1322 3611 1382 3657 iada.
1402 3609 1463 3656 bial-

213 3671 324 3730 Supereat
332 3671 406 3729 major
422 3671 554 3725 difficultaa,
566 3671 595 3716 de
607 3683 662 3716 voce
673 3671 822 3717 deterioribus
854 3671 929 3718 lemae
939 3675 992 3718 eibi.

212 3733 431 3794 quidatatuendum
440 3733 476 3780 ait.
501 3733 633 3780 Gronoviua
645 3741 711 3792 putat
722 3733 821 3793 intelligi
886 3735 918 3789 97
935 3737 1017 3782 Pareae
1034 3751 1062 3782 er
1082 3751 1108 3783 eo
1125 3733 1228 3798 meam]
1253 3737 1332 3783 Placet
1350 3737 1462 3783 Gronovii

212 3799 302 3852 studiis,
311 3811 364 3856 qua
371 3811 415 3843 vox
424 3797 540 3858 reperitur
551 3798 575 3844 in
584 3805 696 3856 aequente
704 3798 821 3872 membro:
855 3801 994 3857 conjectura,
1006 3815 1034 3846 ar
1044 3815 1114 3860 teqao.

209 3861 822 3984 {waffarium
853 3861 1391 3986 ..illustratorem
1374 3867 1463 3974 ati

212 3989 301 4050 pingue
322 3995 347 4034 et
367 3988 502 4035 redundant
523 3988 639 4033 redoleret
661 3987 711 4033 lter
737 3987 820 4043 oratio,
853 3988 990 4048 elegantiua,
1010 3997 1034 4036 et
1052 3990 1131 4050 aptius
1150 3991 1212 4037 inter
1230 4004 1255 4037 ae
1273 3991 1423 4046 eobarentia,
1441 3991 1461 4038 ai

212 4053 361 4100 manetem
382 4052 465 4098 stadiis
486 4057 536 4098 erat
557 4051 589 4096 ad
609 4065 682 4111 regen
704 4051 821 4098 laedente.
854 4050 1061 4100 buneinmodnm
1080 4054 1258 4100 ordinarentur:
1278 4055 1460 4101 Gmmbaffl

214 4116 287 4162 Nobia
295 4115 443 4163 verisimilior
450 4114 542 4161 ridetur
553 4111 667 4159 excidiaae
678 4113 717 4160 bie
725 4115 822 4161 verbum
853 4129 920 4176 qaam
936 4119 999 4162 eirea
1016 4120 1091 4164 mia
1105 4115 1166 4178 suaa
1184 4149 1225 4165 ...
1243 4117 1366 4179 majoribus
1384 4119 1462 4165 hortiis

213 4180 315 4240 aliquod,
327 4179 396 4240 quale
406 4174 570 4238 eaaetseoeaa:
584 4177 649 4237 plebe
665 4209 671 4221 .
683 4209 690 4222 .
704 4210 709 4222 .
722 4185 748 4224 at
758 4179 821 4234 soor,
853 4179 1010 4238 imminerent,
1023 4185 1137 4241 στηρίσαι
1147 4183 1181 4228 ita
1191 4183 1363 4242 responderent,
1372 4181 1393 4228 ai
1404 4183 1461 4240 qnid

212 4241 554 4297 deterioriiaaiarenamtod
564 4254 638 4300 regest
649 4271 655 4284 .
667 4271 673 4284 .
685 4273 691 4285 .
704 4242 821 4287 imiiaoto.
853 4242 887 4287 rei
907 4257 973 4288 nove
995 4244 1144 4303 inciperem,
1163 4246 1189 4291 id
1210 4246 1375 4292 maturandum
1394 4259 1460 4292 eaae:

214 4307 241 4352 ld
259 4307 341 4353 suadet
358 4307 422 4352 lorua
441 4306 509 4365 plane
520 4304 635 4363 geminus,
651 4317 671 4348 e.
685 4303 725 4358 63,
741 4303 817 4350 inira:
851 4305 979 4360 victoriam,
990 4307 1143 4368 triumphum,
1155 4309 1342 4368 prorogationem
1355 4307 1405 4367 (aea
1420 4325 1461 4368 pe·

210 4371 504 4431 prwoatedmwtiam
515 4371 539 4414 in
550 4368 708 4414 enaret-iou
725 4369 820 4415 ladierie
851 4371 903 4422 tiae,
921 4369 1123 4430 propagationem)
1141 4371 1233 4431 imperii
1255 4372 1370 4431 portendi.
1405 4373 1461 4419 Inde

212 4434 293 4492 ναμε
313 4436 394 4490 aliter,
416 4435 523 4480 deteriori
544 4437 611 4492 atque
638 4431 755 4488 infimiori
775 4429 818 4491 sa·
848 4447 990 4492 prmum
1006 4437 1150 4495 aceeptarm
1165 4437 1211 4481 diia
1226 4437 1390 4482 inmortalitas
1405 4438 1460 4483 oasi-

211 4497 287 4542 eeadi.
850 4498 900 4544 aatt
920 4494 1049 4558 (oomulea)
1064 4500 1154 4547 motai
1170 4501 1215 4546 rita
1230 4501 1388 4559 ueritatem
1406 4515 1459 4560 pre·
