3118 5002
432 291 522 356 LIB.
544 289 635 355 XLI.
674 289 771 356 CAP.
793 291 923 356 XVIII.
1315 303 1378 365 813

118 437 173 516 tis,
188 437 284 522 legati
300 438 446 516 Romam,
459 438 516 522 qui
530 459 567 501 ca
581 439 779 519 nunciarent,
792 438 897 518 missi;
911 439 1029 524 quique
1043 441 1083 506 ab
1098 451 1210 508 senatu
1226 464 1252 513 u.
1265 467 1291 513 c.
1304 467 1358 522 aro.

118 531 276 606 peterent,
300 531 339 584 ut
363 522 405 586 ob
431 543 484 586 eas
510 543 571 602 res,
599 523 699 588 ductu
726 523 930 607 auspicioque
957 525 1006 588 Ti.
1031 526 1210 612 Sempronii
1223 529 1251 577 A.
1264 531 1290 578 ⁰·
1305 531 1357 587 ¹7ss

117 605 748 777 llllliltgilss'mlslllnlllcllffi
767 609 875 756 ltlt
891 609 1069 778 'iffi
1084 611 1209 762 llll?

117 775 266 854 Senatus,
281 777 315 839 in
329 775 397 840 aede
411 775 570 862 Apollinis
585 776 761 861 legatorum
774 776 878 840 verbis
902 777 1028 858 auditis,
1049 801 1087 842 su
1110 781 1207 865 plica·

116 859 237 922 tionem
258 861 291 924 in
314 861 450 924 biduum
468 860 616 938 decrevit,
639 869 672 924 et
684 860 893 945 quadraginta
906 862 1078 947 majoribus
1087 801 1206 930 lostiis

115 944 264 1008 consules
278 945 452 1010 sacrificare
462 944 580 1029 jussit=
601 945 650 1008 Ti.
666 945 887 1030 Sempronium
909 949 1131 1030 proconsulem
1151 972 1205 1014 ex·

115 1028 312 1113 arcitumque
338 1051 376 1094 eo
401 1051 485 1093 anno
511 1029 544 1092 in
562 1029 728 1127 provincia
751 1031 887 1093 manere.
931 1030 1069 1096 Comitia
1090 1034 1204 1100 deinde

114 1113 254 1178 consulis
270 1113 366 1177 unius
380 1113 581 1198 subrogandi,
602 1113 623 1148 '⁶
632 1135 705 1198 qum
719 1112 753 1176 ln
766 1121 839 1176 ante
852 1114 935 1178 diem
947 1117 1075 1180 tertium
1091 1118 1202 1184 Nonas

115 1195 250 1262 Sextiles
263 1198 367 1262 edicta
380 1205 479 1276 erant,
494 1219 531 1261 eo
548 1199 619 1282 ipso
643 1198 694 1262 die
712 1207 788 1262 sunt
806 1199 958 1262 confecta.
1002 1201 1044 1266 Q.
1060 1202 1202 1268 Petillios
1215 1205 1267 1252 ⁰⁰¹·
1278 1209 1334 1252 ⁸¹¹¹)-

113 1281 227 1346 consul
240 1283 403 1368 collegam,
421 1282 476 1381 qui
491 1290 594 1346 extem
617 1282 648 1346 lo
667 1282 888 1367 magistratum
902 1283 1069 1369 occiperet,
1084 1289 1201 1352 creavit
1214 1277 1315 1330 'mm‘

113 1365 151 1428 C.
167 1365 328 1430 Valerium
353 1367 531 1432 Laemnum.
574 1305 650 1446 ”lla
673 1366 742 1451 jam
770 1367 827 1430 diu
856 1367 992 1452 cupidus
1021 1371 1201 1454 provinciae,

111 1471 215 1533 quum
228 1460 415 1536 opportrmae
428 1451 595 1537 cupiditati
609 1451 677 1569 pp'us
696 1451 795 1515 literae
809 1451 922 1515 adlatae
935 1461 1050 1532 essent,
1066 1455 1201 1540 Ligures

110 1533 289 1608 rebellasse,
307 1536 409 1599 Nonis
424 1535 596 1601 Sextilibus
641 1535 821 1621 paludatus,
832 1535 930 1599 literis
943 1537 1069 1618 auditis,
1081 1541 1200 1604 tumul·

109 1627 167 1682 tus
182 1619 251 1704 ejus
264 1641 375 1684 caussa
388 1620 544 1706 legionem
558 1619 683 1684 tertiam
695 1622 736 1685 ad
745 1619 782 1684 C.
795 1620 966 1685 Claudium
977 1625 1199 1708 proconsulem

109 1703 144 1766 in
162 1703 299 1768 Galliam
313 1705 471 1790 proficisci
481 1705 579 1790 jussit
587 1731 597 1785 3
618 1713 651 1769 et
665 1705 849 1770 duumviros
864 1706 991 1771 navales
1010 1728 1085 1772 eum
1099 1709 1199 1775 classe

110 1788 199 1854 Pisas
223 1787 279 1869 ire,
301 1791 357 1875 qui
381 1790 540 1875 Ligurum
563 1811 660 1869 oram,
682 1790 876 1854 maritimum
898 1813 1024 1876 quoque
1047 1801 1199 1861 tenorem

108 1873 323 1954 admoventes,
348 1875 676 1939 circumvectarentur.
719 1875 843 1938 Eodem
858 1883 891 1939 et
906 1875 947 1942 Q„
965 1877 1108 1942 Petillius
1123 1900 1199 1944 con-

109 1958 159 2022 sul
173 1959 214 2022 ad
229 1959 481 2024 conveniendum
496 1959 646 2023 exercitui
659 1959 742 2022 diem
757 1959 906 2024 edixerat.
934 1961 979 2024 Et
994 1961 1032 2027 C.
1044 1962 1198 2028 Claudius

107 2043 290 2126 proconsul,
302 2044 411 2108 audita
423 2043 593 2108 rebellione
608 2043 775 2128 Ligurum,
789 2052 905 2128 praeter
919 2065 971 2108 eas
987 2046 1103 2131 copias,
1118 2069 1197 2132 quas

107 2147 218 2190 secum
244 2129 367 2192 Parmae
387 2129 533 2208 habebat,
557 2128 717 2193 subitariis
741 2127 891 2192 conlectis
919 2129 1084 2210 militibus,
1110 2153 1198 2196 exer-

106 2211 208 2274 citum
224 2211 360 2276 adfines
374 2213 529 2298 Ligurum
544 2213 694 2278 admovit.

149 2295 282 2360 XVIII.
306 2297 424 2361 Hostes
448 2298 508 2362 sub
531 2299 703 2362 adventum
728 2295 767 2362 C.
783 2297 919 2378 Claudii,
941 2319 1042 2383 aquo
1066 2299 1147 2364 duce
1162 2321 1196 2364 se
1210 2307 1292 2384 satu
1306 2309 1345 2356 u-

105 2381 317 2446 mcminerant
330 2403 433 2468 nuper
454 2383 494 2446 ad
513 2383 720 2448 Scultennam
741 2383 861 2446 flumen
875 2383 976 2448 victos
997 2384 1196 2468 fugatosque,
1207 2385 1274 2432 ⁸¹¹⁸*
1281 2381 1359 2432 “¹¹''

104 2465 248 2529 locorum
273 2467 374 2552 magis
399 2467 547 2552 praesidio
576 2469 727 2532 adversus
752 2467 917 2532 iufeliciter
939 2476 1100 2553 expertam
1121 2469 1197 2550 vim,

105 2571 204 2633 quam
228 2551 331 2630 armis,
353 2573 386 2615 se
408 2552 577 2632 defensuri,
600 2553 681 2616 duos
703 2560 829 2616 montes
851 2553 967 2617 Letum
990 2562 1022 2617 et
1044 2553 1196 2618 Balistam

104 2643 269 2719 ceperunt,
283 2635 303 2670 ²⁸
314 2658 469 2721 muroque
483 2637 614 2722 insuper
628 2636 774 2736 amplexi
796 2639 931 2702 Tardius
945 2660 984 2702 ex
999 2639 1082 2724 agris
1097 2639 1196 2703 demi-

103 2726 233 2802 grantes
256 2720 399 2806 obpressi
417 2721 458 2784 ad
475 2721 561 2785 mille
583 2729 616 2786 et
639 2723 855 2820 qumgcntos‘¹
899 2724 1047 2787 erierunt.
1091 2723 1196 2788 Ceteri

104 2804 267 2868 montibus
283 2827 316 2868 se
331 2806 492 2885 tenebant,
513 2815 556 2885 et,
579 2828 620 2870 ne
643 2829 677 2870 m
696 2815 785 2870 metu
805 2807 859 2891 qui
882 2829 931 2870 em
953 2807 1085 2871 feritatis
1106 2808 1195 2894 inge-

104 2887 181 2952 nitoe
210 2889 311 2968 obliti,
341 2890 479 2956 saeviunt
506 2890 539 2954 in
569 2891 720 2975 praedam,
745 2913 817 2974 quae
841 2892 980 2955 Mutinae
1003 2900 1094 2976 parta
1117 2902 1194 2955 erat.

102 2971 246 3056 captivos
271 2995 345 3038 cum
369 2975 455 3039 fmda
479 2975 666 3038 laceratione
691 2975 903 3038 interficiunt:
926 2995 1041 3058 pecora
1062 2975 1096 3038 in
1112 2977 1195 3038 sanis

102 3057 267 3122 trucidant
280 3059 386 3122 verius
400 3059 531 3145 passim,
543 3080 639 3144 quam
661 3058 722 3123 rite
745 3059 931 3122 sacrificant.
976 3058 1088 3122 Satiati
1109 3059 1195 3122 caede

489 3202 632 3269 &quingenti
645 3207 739 3268 Krcyar.
753 3205 828 3253 sara

31 3346 32 3356 ¹
134 3339 168 3396 '1⁰
187 3343 242 3393 Qu
260 3345 284 3389 ta
302 3350 356 3391 crate
370 3339 441 3404 aba]
467 3343 555 3391 Vocula
573 3345 597 3391 tn
618 3345 714 3391 abacta
747 3345 854 3391 consuler
865 3357 912 3392 nan
924 3351 978 3391 ante
990 3343 1156 3405 paludamenta
1167 3344 1191 3392 ln
1203 3345 1260 3392 urbe
1276 3358 1355 3406 samp-

102 3407 269 3452 vetustorum
287 3407 365 3454 edim.
397 3408 457 3454 Eam
477 3407 583 3469 qusquis
602 3408 714 3468 reposuit,
746 3408 1246 3470 deae,quamadbellumproflcimereotur.
1280 3409 1310 3456 Aa
1319 3409 1358 3456 hle

6 3481 7 3510 2
102 3484 149 3516 non
161 3471 213 3516 aiae
224 3483 295 3516 caasa
304 3470 367 3518 fecit.
746 3472 866 3532 aliquanto
877 3479 1003 3532 autequam
1014 3480 1083 3520 exeat
1094 3473 1117 3519 in
1130 3474 1280 3534 provinciam,
1289 3473 1356 3533 palu-

134 3533 164 3588 71
192 3533 217 3579 Ia
227 3531 321 3594 judis
339 3535 434 3595 eapldae
449 3531 581 3596 perlaeta]
606 3535 671 3582 Ordo
690 3543 714 3581 ct
746 3535 827 3582 datum
845 3549 895 3582 aesc
914 3545 1022 3590 ostentat,
1034 3537 1158 3596 paludatus
1175 3537 1241 3583 audit
1259 3537 1355 3592 tutem.

100 3605 220 3643 auuctma
237 3599 360 3644 verborum
377 3599 480 3645 declarat
498 3599 548 3644 brec
566 3599 665 3659 Intelllgi
684 3599 713 3645 de
746 3613 803 3658 quaa
822 3599 933 3645 nlmirum
950 3601 987 3646 vel
1004 3599 1028 3646 ln
1047 3601 1164 3656 concione,
1176 3601 1213 3646 rel
1232 3601 1256 3647 ln
1273 3608 1356 3647 senatu

100 3660 196 3706 Valerlo
207 3661 316 3708 consule:
335 3662 397 3722 qaod
408 3662 490 3708 Itidem
502 3664 601 3722 probant
617 3677 645 3709 ea
661 3677 714 3722 qua
745 3662 838 3709 recitari
854 3664 963 3722 jusserat.
998 3663 1054 3709 llae
1072 3663 1151 3710 omnla
1167 3679 1194 3710 eo
1212 3665 1356 3724 spectabant,

100 3733 247 3784 aquantur:
270 3727 344 3772 erclen
365 3732 388 3772 et
411 3727 440 3776 a.
464 3727 570 3772 Petillios
590 3727 668 3773 coarat
683 3727 715 3772 cd
746 3725 866 3772 utremln
874 3729 950 3786 majus
960 3733 1065 3785 augeret,
1076 3741 1110 3782 ac,
1121 3729 1318 3786 quemadmodum
1330 3727 1355 3774 ln

99 3783 274 3834 mandendas
307 3791 416 3836 anstrat
441 3789 501 3836 dien
527 3791 637 3836 edixerat.
681 3789 714 3836 Aa
746 3789 848 3836 tumultu
867 3789 985 3835 civitatem
1003 3803 1058 3848 saga
1072 3805 1164 3838 sumere
1185 3805 1236 3839 mor
1255 3800 1312 3848 erat,
1323 3791 1357 3838 alc

100 3851 220 3910 qaornodo
238 3851 344 3898 novellus
368 3853 409 3899 ille
430 3853 519 3904 consul.
538 3861 594 3899 ante
613 3853 710 3898 biduum
744 3853 794 3913 ipsc
806 3853 970 3912 consulqnum
982 3853 1208 3914 paludatmlnurbe
1216 3863 1355 3909 versaretur,

100 3923 201 3970 matus.
212 3923 289 3974 potest
300 3915 345 3962 dici
355 3915 447 3976 jamdlu
458 3916 558 3976 cupidus
569 3916 712 3977 provincial
744 3915 901 3976 impendentis
912 3917 1010 3978 alierum
1018 3917 1115 3978 periculi
1127 3919 1227 3980 amciero
1238 3919 1356 3978 ingereret

101 3977 153 4024 Nisi
173 3979 192 4024 al
213 3979 281 4034 forte,
302 3994 375 4038 quum
393 3993 422 4026 eo
440 3979 490 4026 loco
506 3987 575 4026 natus
594 3987 662 4036 esset,
673 3993 713 4026 coa
745 3980 837 4027 animia.

100 4041 201 4088 bonores
212 4043 328 4102 gustaret,
337 4051 362 4089 ut
373 4043 417 4089 albi
429 4051 506 4104 posset
515 4057 587 4104 prope
598 4051 660 4090 certa
672 4057 714 4103 ape
777 4041 809 4098 7³
825 4043 935 4106 uosque
956 4045 1048 4106 laaaper
1068 4047 1172 4106 amplexa
1208 4045 1306 4092 Μὶν
1327 4058 1356 4090 ea

100 4107 249 4152 comulatam
282 4107 435 4166 despondere,
465 4107 636 4166 significaverat
664 4109 714 4169 Jarn
746 4109 810 4169 agris
826 4105 989 4169 master]
1013 4109 1170 4170 Appoaulmua
1188 4115 1240 4168 port
1258 4107 1354 4153 verbum

98 4177 227 4230 antequam
244 4171 326 4218 oamul
336 4171 411 4227 fieret,
422 4183 447 4217 se
465 4171 577 4231 cupidum
594 4183 644 4218 caae
661 4183 716 4232 pro·
747 4171 845 4231 amplexi
863 4185 915 4218 eam
937 4173 1118 4228 distinctIonem,
1136 4186 1183 4230 qua
1200 4185 1281 4217 sacrm
1301 4169 1354 4214 fini-

99 4233 190 4280 vinci..
745 4243 817 4280 retur.
840 4233 1266 4294 ltaquelroemoelolntcrpretamun
1285 4233 1354 4279 blon-

130 4295 162 4352 72
181 4297 318 4352 Paucum,
327 4297 411 4345 littcrla
417 4293 516 4358 aadlta'e]
534 4297 591 4344 llec
603 4296 713 4344 videntur
745 4305 779 4343 tea
792 4297 875 4344 Latum
888 4307 912 4345 ct
925 4299 1035 4346 Ballatarn
1047 4305 1200 4358 ceperuntac
1211 4311 1278 4342 muro
1290 4297 1355 4342 lnca-

98 4361 199 4412 narrari.
213 4369 325 4420 tanquam
336 4369 475 4421 argumenta
491 4361 554 4408 illius
571 4361 712 4422 cupiditatis,
745 4375 787 4420 per
797 4362 898 4422 amplexi
914 4371 976 4408 aunt.
1008 4363 1056 4412 Qui
1075 4373 1156 4407 eorum
1174 4359 1263 4407 tardius
1279 4359 1354 4407 deorl-

98 4439 168 4482 quam
182 4425 314 4471 incausale
327 4425 415 4472 notarit
429 4425 515 4471 Liriua
540 4425 577 4471 Er
590 4425 713 4471 totaenIm
745 4439 849 4483 gravere,
877 4425 982 4486 opprsral
1011 4431 1067 4472 suot
1094 4437 1109 4472 a
1135 4421 1242 4471 Claudlo.
1275 4423 1355 4474 ceurt

110 4490 247 4552 opertorum
266 4497 397 4549 temporum
421 4489 518 4536 historia
542 4488 618 4550 colligi
637 4496 714 4550 potest
746 4495 836 4536 montes
847 4491 965 4536 tenebant.
