3098 4958
177 339 242 404 450
760 331 852 396 Tl‘l'l
877 327 991 394 LlVll

180 501 210 612 q.
223 499 249 610 g.
261 495 307 544 oss
343 481 557 546 interfectores
572 479 704 542 fluvium
723 476 913 563 transgressi
934 483 1028 540 snnts
1049 473 1123 538 dein
1136 473 1254 559 plures,
1268 479 1434 558 postremo

242 595 249 610 ·
263 560 315 608 ¹⁶⁸*
344 587 464 644 omnes,
478 573 510 628 et
525 585 598 628 cum
612 562 770 648 praesidio,

641 703 1091 756 *****

345 816 493 903 proelium
508 814 605 878 ducit.

389 901 481 964 XLI.
505 899 657 962 Movebat
684 897 807 982 imperii
829 893 987 980 majestas,
1012 893 1113 978 gloria
1135 890 1204 968 viri,
1231 899 1306 953 ante
1331 892 1439 954 omnia

347 995 434 1061 setas,
450 985 535 1067 quod
559 984 659 1068 major
683 983 846 1066 sexaginta
869 979 961 1042 annis
980 979 1137 1063 juvenum
1159 975 1269 1038 munia
1291 975 1327 1038 in
1347 987 1439 1060 perte

347 1070 508 1186 praecipua
523 1069 638 1130 laboris
663 1066 857 1151 periculique
879 1063 1072 1148 capessebat.
1117 1059 1336 1138 Intervallum,
1351 1061 1438 1144 quod
1533 1119 1534 1136 ,

378 1155 460 1216 iuter
475 1163 622 1216 caetratos
637 1161 669 1214 et
683 1151 878 1236 phalanges¹
891 1157 967 1225 erat,
982 1145 1116 1232 inplevit
1123 1145 1214 1229 legio,
1225 1153 1322 1227 atque
1338 1147 1438 1208 aciem

348 1239 488 1301 hostium
510 1237 690 1322 interrupit.
733 1237 763 1298 A
776 1245 865 1332 tergo
887 1232 1024 1296 caetratis
1038 1240 1115 1309 erat,
1134 1231 1270 1292 frontem
1285 1231 1438 1293 adversus
1533 1277 1534 1280 ,

349 1322 501 1407 clipeatos
529 1322 688 1385 habebat:
725 1318 922 1404 aglaspsdea⁸
949 1315 1198 1402 adpellabantur.
1256 1314 1438 1377 Secundam

349 1407 506 1492 legionem
522 1407 559 1470 L.
576 1407 713 1469 Albinus
729 1402 902 1468 consularis
923 1402 1037 1464 ducere
1059 1401 1209 1462 adversus
1222 1397 1438 1483 leucaspidem
1533 1417 1534 1440 ³

349 1491 542 1576 phalangem
552 1491 682 1575 jussus:
705 1511 742 1552 ea
756 1488 859 1552 media
881 1487 963 1550 acies
987 1485 1127 1548 hostium
1151 1484 1222 1546 suit.
1267 1482 1341 1545 ¹'lu
1364 1484 1440 1546 dex-

350 1587 435 1640 trum
462 1597 571 1652 cornu,
593 1575 678 1636 unde
701 1575 783 1636 circa
807 1571 940 1634 fluvium
963 1570 1168 1632 commissum
1191 1567 1341 1653 proelium
1363 1581 1440 1646 erat,

350 1660 533 1742 elephantes
548 1658 680 1734 inducti,
697 1657 719 1688 ¹¹
730 1665 762 1720 et
776 1655 826 1718 ala
839 1655 1038 1719 sociorumls
1062 1663 1094 1717 et
1115 1654 1190 1716 hinc
1204 1654 1344 1737 primum
1365 1654 1441 1737 fuga

351 1743 566 1806 Macedonum
581 1751 630 1804 est
643 1751 720 1804 orta.
765 1740 787 1772 ⁸⁰
797 1741 882 1803 Nam
899 1741 982 1802 sicut
994 1739 1144 1824 pleraque
1165 1759 1248 1800 nova
1261 1748 1442 1800 commenta

349 1826 530 1889 mortalium
544 1826 577 1888 in
593 1825 697 1888 verbis
711 1825 776 1889 vim
791 1825 921 1903 habent,
936 1824 958 1855 ’⁰
968 1823 1168 1908 experiendo,
1179 1845 1278 1906 quum
1294 1822 1442 1906 agi,non,
1533 1883 1534 1902 ἶ

351 1911 618 1994 quemadmodum
652 1919 796 1994 agantur,
819 1909 958 1987 edisseri,
982 1917 1118 2007 oportet,
1144 1907 1211 1970 sine
1235 1907 1301 1970 ullo
1326 1909 1443 1970 effectu

351 2005 561 2074 evanescunt3
583 1995 628 2058 ita
642 2005 711 2057 tum
731 1995 891 2079 elephanti
916 1995 950 2056 in
965 2013 1031 2057 acre
1053 1993 1074 2026 ⁸¹
1087 2013 1203 2056 nomen
1222 2000 1351 2054 tantum
1373 1993 1442 2054 sine

351 2101 413 2144 usu
435 2081 575 2144 luerunt.
629 2081 883 2166 Elephantorum
909 2079 1055 2164 inpetum
1080 2077 1242 2140 subsecuti
1264 2087 1344 2139 sunt
1367 2077 1444 2140 socii

188 2175 308 2232 tueantur
351 2165 490 2228 nominis
521 2165 639 2244 Latini,
672 2165 927 2264 pepuleruntque
961 2163 1077 2226 laevum
1107 2183 1216 2225 cornu.
1268 2162 1309 2224 ln
1338 2163 1444 2224 medio

188 2239 338 2286 ¹¹¹⁰²⁴¹⁰¹¹²⁸
353 2252 492 2314 secunda
507 2251 588 2335 legio
610 2251 742 2314 inmissa
761 2249 925 2334 dissipavit
946 2248 1147 2334 phalangem.
1175 2267 1277 2329 neque
1294 2246 1361 2309 ulla
1382 2247 1446 2309 esi-

353 2335 477 2400 dentior
492 2357 604 2399 caussa
618 2335 758 2400 victoriae
772 2335 844 2412 fuit,
859 2355 954 2416 quam
976 2333 1066 2416 quod
1085 2333 1187 2394 multa
1275 2331 1319 2392 im
1334 2331 1448 2416 proelia

352 2429 451 2496 erant,
465 2443 537 2503 quae
561 2421 769 2483 fluctuantem
793 2419 965 2482 turbarunt
983 2418 1097 2502 primo,
1116 2416 1188 2479 dein
1212 2437 1229 2478 e
1253 2415 1447 2498 disjecerunt

351 2505 560 2588 phalangem:
583 2503 676 2586 cujus
691 2505 841 2568 confertae
853 2513 885 2565 et
898 2501 1030 2565 intentis
1044 2501 1202 2564 horrentis
1216 2501 1317 2563 hastis
1332 2501 1446 2564 intole-

351 2588 465 2650 rabiles
502 2588 584 2650 vires
618 2596 703 2650 sunt.
762 2587 797 2650 Si
825 2588 959 2671 carptim
989 2585 1201 2670 adgrediendo
1232 2585 1355 2648 circum
1414 2607 1447 2648 re

351 2671 564 2733 '’inmobilem
587 2670 787 2756 longitudine
811 2681 844 2734 et
868 2673 1021 2756 gravitate
1045 2672 1168 2734 hastam
1188 2691 1293 2753 cogas,
1314 2607 1448 2733 collidas

353 2763 439 2817 strue
455 2755 666 2839 inplicantur:
690 2755 717 2818 si
731 2776 805 2818 vero
821 2765 896 2818 aut⁰
912 2757 952 2820 ab
967 2757 1072 2833 latere,
1087 2765 1143 2818 aut
1157 2755 1197 2817 ab
1218 2763 1309 2839 tergo
1326 2755 1449 2838 aliquid
1533 2767 1534 2776 ’

351 2840 512 2902 tumultus
527 2840 694 2938 increpuit,
709 2840 809 2902 ruiuae
824 2841 920 2904 modo
935 2842 1115 2904 turbantur.
1140 2840 1224 2902 sicut
1244 2849 1316 2902 tum
1337 2841 1449 2902 adver-

353 2945 407 2988 sus
421 2926 603 2990 catervatim
615 2933 813 2991 incurrentes
827 2927 998 3004 Romanos,
1010 2935 1043 2988 ct
1052 2927 1228 3010 interrupta
1242 2924 1450 2988 multifariam

380 3078 534 3138 ¹ptataegm
547 3078 620 3124 Grou.
701 3077 878 3136 ‘chalcaspides
891 3077 985 3136 Kreyss.
1001 3076 1077 3124 ueta.
1167 3069 1450 3134 belephessstoss'sdsscs'tet

359 3141 408 3188 olas
418 3145 525 3187 scelos-oss
538 3141 603 3187 ned.
731 3146 794 3187 eesset
806 3141 850 3186 del.
863 3141 936 3186 Gron.
951 3141 1018 3187 Cres.

220 3263 252 3310 26
275 3265 340 3310 later
360 3271 457 3311 cetratos
478 3273 500 3311 et
520 3261 657 3325 phalanges]
687 3265 743 3310 linc
765 3271 801 3310 est
832 3273 895 3310 erst:
914 3279 957 3310 uec
974 3264 1084 3310 videntur
1101 3277 1186 3310 nomen
1204 3263 1255 3308 siue
1274 3277 1320 3308 ιιιιι
1338 3261 1411 3308 fuisse
1425 3263 1450 3308 in

188 3329 270 3390 prima
281 3327 390 3373 editionis
402 3335 425 3373 et
441 3329 617 3384 Sigonlsoarum
631 3329 711 3374 lectio:
729 3331 801 3386 proba
833 3329 877 3375 isac
898 3342 983 3388 pugna.
1018 3329 1068 3374 lmo
1090 3328 1231 3374 contrarium
1253 3327 1309 3372 eatis
1331 3327 1450 3372 indicatur

188 3393 229 3438 illa
246 3391 349 3450 quidem,
369 3405 441 3449 quum
459 3391 511 3434 disse
525 3391 620 3442 *erant
632 3401 657 3435 ut
669 3405 739 3450 supra
750 3407 800 3437 me·
832 3394 938 3453 proxlsue
950 3393 1102 3452 sequentibus
1111 3392 1200 3438 serbis:
1219 3391 1396 3450 Elephanton·
1407 3393 1449 3435 iss·

189 3456 337 3507 mutavimus,
350 3455 374 3498 in
386 3454 490 3499 exercitu
503 3454 579 3498 Persei
591 3453 731 3512 phalangem
749 3471 801 3514 qun
831 3466 907 3517 petus
918 3459 1094 3503 rotterodamus
1105 3458 1264 3502 sociisossissis
1276 3456 1365 3501 betisi.
1396 3454 1450 3500 lion

189 3529 213 3564 et
224 3517 373 3564 mossleio
382 3518 536 3578 appellantur,
546 3517 682 3576 Aglaspides
690 3519 801 3564 nimirum
835 3536 897 3580 egre
916 3522 982 3566 ambis
1001 3520 1134 3579 persuaderi
1151 3529 1284 3580 pateremur
1302 3519 1368 3564 illam
1388 3519 1449 3578 peri·

189 3591 213 3628 et
226 3581 386 3640 Leucsapldes.
410 3581 545 3637 †Gronosii
557 3581 651 3627 edidere
661 3584 801 3643 phalangem.
835 3585 906 3630 odom
925 3599 954 3630 er
976 3585 1021 3629 alio
1038 3585 1117 3642 aliquo
1137 3585 1187 3629 loco
1204 3583 1250 3628 hue
1268 3582 1449 3628 temerelmusi·

221 3647 252 3700 27
271 3647 413 3690 ledestrass
424 3647 686 3705 corso...sleptostes
702 3644 801 3707 tuderti]
834 3661 920 3706 grasse.
954 3649 1023 3694 Certe
1034 3649 1052 3692 si
1065 3661 1116 3693 earn
1130 3648 1203 3701 tollas,
1216 3646 1274 3692 nihil
1286 3646 1439 3693 desiderabis.

191 3709 432 3768 Elephsatesiuducai
442 3709 465 3754 lu
475 3723 527 3756 eam
536 3720 681 3770 partemque
692 3711 802 3757 dextrum
867 3711 899 3758 tto
915 3708 1070 3772 Expectando]
1098 3711 1187 3757 Unicus
1209 3711 1282 3757 codex
1304 3709 1389 3756 lsalsuit
1410 3725 1451 3756 ee·

190 3783 239 3820 etat
252 3787 324 3818 cornu
338 3772 503 3819 Romanorum.
832 3776 921 3835 pteado.
957 3775 1240 3821 Emendasit‘lurnelsus.

222 3837 253 3884 28
270 3835 301 3882 lis
309 3837 348 3882 olo
358 3833 479 3897 cociones]
499 3837 573 3883 Utrai
592 3837 801 3893 Dueenlmluere,
865 3839 895 3886 tl
914 3839 1001 3886 Nosses
1019 3846 1107 3886 tentess
1124 3841 1173 3885 sisse
1188 3853 1230 3884 aas
1241 3833 1353 3898 semet]
1373 3837 1450 3896 Lege·

190 3909 216 3948 ut
224 3905 273 3962 Jsm
285 3900 407 3959 aliquoties
418 3903 559 3956 monuimus,
568 3903 651 3948 dextra
661 3911 685 3948 et
700 3903 801 3948 sinistra.
833 3901 903 3948 batur
913 3903 937 3948 in
949 3903 1076 3963 exemplari
1081 3900 1185 3964 fenest.
1211 3901 1313 3948 Mutavit
1324 3901 1450 3960 Sigonius:

190 3965 368 4012 Altemtravos
380 3965 472 4010 ridetur
484 3963 521 4010 hic
533 3965 652 4011 excidisse.
834 3975 913 4012 utrum
932 3977 1002 4019 recte,
1025 3981 1054 4013 ars
1074 3979 1203 4026 perperam,
1226 3980 1273 4012 nou
1293 3965 1451 4019 decemimus,

223 4031 255 4078 29
272 4029 332 4076 Noas
350 4029 409 4074 sicat
422 4025 543 4088 pleraque]
562 4029 595 4074 Ut
613 4029 723 4088 pleraque
743 4043 803 4076 nova
835 4045 908 4090 quum
926 4039 987 4076 totus
1005 4031 1044 4077 hic
1061 4031 1132 4086 locus,
1151 4038 1178 4076 ut
1191 4029 1293 4075 diximus
1310 4029 1335 4074 in
1351 4037 1400 4074 not.
1412 4029 1451 4082 29,

190 4093 286 4140 inventa
296 4093 430 4140 mortalium
439 4092 485 4136 vim
496 4091 582 4138 hebere
591 4092 706 4146 sidentur,
718 4107 801 4152 quam·
834 4094 900 4140 uobis
911 4094 1018 4140 videatur
1032 4095 1122 4141 alienus
1139 4095 1169 4140 ab
1183 4107 1212 4140 ea
1222 4095 1247 4139 in
1259 4107 1330 4153 quam
1348 4092 1452 4138 insertus

191 4157 232 4202 diu
243 4158 319 4204 serbis
331 4155 492 4203 tautummodo
507 4157 641 4214 jactantun
658 4157 699 4202 sed
716 4157 755 4202 ubl
772 4158 801 4203 ad
833 4166 869 4205 eet
880 4157 1019 4204 narratione.

191 4229 357 4278 remeantum,
374 4235 446 4279 quum
464 4225 555 4278 oportet
573 4219 620 4277 agi,
640 4233 686 4265 uon
706 4220 802 4266 edisseri
866 4221 898 4268 ³2
914 4221 1123 4269 Ismahelem...
1139 4217 1239 4282 hostcsa]
1268 4221 1376 4274 Hastam,
1399 4235 1452 4280 quas

190 4285 266 4330 solum
282 4285 398 4343 quomodo
409 4284 437 4330 iis
448 4281 549 4330 insertis
567 4290 668 4338 utamur,
686 4283 736 4329 sine
754 4285 802 4331 ullo
835 4287 864 4330 ob
882 4285 1053 4344 longitudinem
1073 4293 1096 4331 et
1115 4285 1252 4344 gravitatem
1271 4283 1340 4330 facile
1362 4285 1452 4330 moseri

190 4347 275 4394 effectu
290 4345 606 4394 evanescunt...0eterum
621 4347 803 4406 tctahecperl·
836 4349 923 4407 nequit.
960 4350 1010 4395 lios
1031 4350 1084 4396 ideo
1104 4357 1219 4404 neumas,
1241 4349 1298 4408 quia
1317 4349 1453 4395 Gronovius

191 4411 250 4456 odos
268 4411 325 4469 quid
343 4411 387 4456 sibi
399 4412 454 4458 selit
471 4411 583 4464 hocloco,
596 4423 679 4469 parom
690 4410 803 4458 ridemus.
836 4412 961 4472 legendum
980 4427 1030 4460 esee
1044 4420 1123 4460 censet
1139 4414 1223 4468 testes,
1241 4420 1267 4460 ut
1279 4410 1453 4458 rdinseots'te·
1533 4435 1534 4446 ι

192 4471 253 4518 Nam
269 4488 345 4533 neque
363 4475 542 4534 elephantorum
557 4487 612 4520 usus
623 4474 647 4520 lu
658 4475 744 4535 praellis
761 4490 804 4522 rso·
835 4475 949 4523 referatur
958 4477 989 4524 ad
1000 4477 1147 4537 phalangem.
1180 4475 1229 4523 iios
1241 4475 1300 4523 nihil
1314 4483 1441 4524 munusue.

191 4547 247 4580 sum
263 4543 318 4581 tunc
337 4549 495 4585 commentum
511 4537 645 4585 mortalium
658 4539 739 4586 haberi
751 4545 804 4598 pot·
