3094 4954
283 853 548 934 EPITOME
590 853 751 936 LIBRI
789 855 1034 938 XXXVIII.

111 1177 161 1240 M.
175 1175 369 1239 FULVIUS
381 1175 486 1237 consul
497 1175 531 1236 in
543 1173 643 1253 Epiro
661 1173 894 1237 Ambracienses
913 1175 1047 1239 obsessos
1066 1180 1100 1241 in
1119 1179 1204 1242 dedi-

112 1263 223 1324 tionem
236 1261 363 1341 accepi,
382 1259 605 1340 Cephalleniam
617 1257 743 1338 subeqih
765 1259 883 1322 AEtatis
896 1261 1077 1339 perdomitis
1090 1283 1201 1344 pacem

111 1346 206 1409 dedit.
253 1345 309 1408 Cn.
323 1345 464 1406 Manlius
478 1343 591 1420 consul,
606 1343 720 1423 colleqa
733 1341 807 1421 ejus,
831 1341 840 1374 ¹
852 1345 1056 1425 Galtoprecos
1073 1348 1202 1411 Tolisto-

111 1430 205 1508 hoios,
229 1436 260 1492 et
285 1431 474 1509 Tectosaqos,
498 1433 528 1490 ct
555 1428 706 1504 thamnas,
730 1429 782 1506 qui
798 1427 922 1490 Brenno
943 1429 1018 1492 duce
1037 1433 1071 1493 in
1093 1434 1203 1495 Asiam

111 1517 311 1592 amanam,
326 1535 416 1595 quum
429 1513 488 1575 sati
501 1513 581 1575 citra
599 1511 732 1573 Taurum
746 1518 876 1574 montem
886 1522 1108 1595 nonparerent,
1118 1519 1201 1580 uicit.

111 1599 231 1662 ΕΜ
245 1601 342 1680 oripo,
357 1597 409 1660 'et
428 1595 675 1680 quenadmodum
690 1615 726 1658 ea
745 1597 821 1674 hoa,
835 1617 900 1678 qus
915 1604 1025 1676 tutent,
1040 1619 1202 1681 occupaue-

109 1685 186 1760 rint,
199 1682 341 1764 close-rur.
367 1682 551 1764 Eaernplum
565 1699 678 1762 quoqne
693 1681 817 1743 uirtutis
830 1687 860 1744 et
869 1683 1029 1762 pudicitia
1043 1685 1076 1746 in
1081 1685 1201 1765 semino

109 1769 256 1831 traditur.
291 1787 363 1830 nam
385 1787 475 1850 quium
500 1766 700 1848 Ortiapantis,
722 1767 803 1848 repis
831 1767 1097 1848 Galloqracomsm,
1121 1791 1202 1833 uuor

109 1855 231 1935 captiua
245 1859 332 1932 esset,
347 1853 550 1916 saumonem
564 1850 725 1927 custodem
739 1852 790 1931 qui
801 1851 900 1914 einim
911 1853 1066 1933 Intulerat,
1078 1855 1199 1920 occidit.

107 1937 255 2000 hotrum
276 1959 296 2000 a
317 1935 490 2000 mantas
511 1935 664 1998 emonam
685 1941 739 1998 est.
776 1955 866 1999 ceraso
884 1943 956 1999 sunt
973 1939 1082 2002 dmum
1097 1941 1200 2020 capita

108 2023 239 2086 ducenta
253 2021 473 2104 quinquaqinta
488 2025 554 2082 octa
568 2021 666 2082 millia
680 2025 710 2082 et
723 2025 858 2083 trecenta
870 2023 979 2103 oiqinti
1001 2029 1078 2086 octo.
1124 2025 1199 2087 Cum

108 2109 290 2185 Ariarathe,
304 2127 375 2188 reqe
391 2105 598 2188 Cappadocia,
613 2105 867 2185 amicitiajuncta
880 2112 935 2169 est.
982 2109 1035 2170 Cn.
1049 2109 1198 2188 Manlios,

108 2191 385 2254 conhadicentibus
405 2191 505 2252 &cun
529 2191 647 2272 leqatis,
671 2210 710 2251 eu
734 2210 861 2271 quorum
879 2191 1002 2254 consilio
1015 2191 1119 2272 sadus
1132 2213 1199 2255 aum

106 2276 265 2338 Antiocho
288 2275 513 2356 comaripserat,
536 2275 574 2337 de
595 2273 802 2356 Colloqroecis‚
824 2280 895 2336 octa
907 2294 969 2354 pra
986 2296 1019 2337 se
1041 2295 1149 2338 caussa
1167 2278 1200 2338 in

105 2366 227 2438 senatu,
251 2359 455 2440 triumphauit.
500 2359 603 2440 Scipio
616 2357 794 2438 Africanus,
811 2358 860 2420 die
874 2359 902 2421 ei
916 2359 1009 2436 dicta,
1025 2365 1060 2421 ut
1074 2360 1198 2441 quidam

106 2447 207 2523 amnt,
224 2465 244 2506 o
262 2445 298 2517 Q.
313 2445 437 2507 Petillio
459 2444 579 2506 tribuno
594 2443 705 2525 plebis,
727 2449 763 2506 ut
786 2443 919 2524 quidam,
939 2463 959 2504 a
978 2444 1095 2522 Noeaio,
1120 2446 1202 2526 quad

104 2530 216 2611 prado
230 2549 269 2592 es·
280 2529 431 2592 Antiocho
445 2535 535 2610 capta
550 2529 694 2591 erarium
704 2527 896 2610 fraudasset,
913 2535 1077 2612 postquam
1091 2531 1120 2592 is
1134 2531 1200 2593 dies

105 2615 200 2692 ooth,
224 2621 362 2677 soccatus
383 2615 417 2676 in
437 2615 562 2690 Rostro,
584 2611 656 2675 Hac
679 2612 739 2690 die,
757 2615 864 2695 inquit,
884 2611 1036 2693 Quirites,
1060 2613 1199 2680 Kartha-

105 2697 215 2782 ginem
228 2698 308 2762 vici:
323 2705 363 2777 et,
370 2703 572 2781 prosequente
576 2699 701 2780 populu
714 2699 895 2779 Capitolium
907 2699 1074 2763 adscendit.
1111 2701 1198 2778 Inde,

104 2805 144 2846 ne
158 2785 287 2866 amplisu
298 2785 471 2846 hibssniciis
480 2783 602 2864 injuriis
612 2789 784 2860 necaretur,
798 2785 830 2846 in
842 2785 1046 2847 uoluntarium
1058 2787 1198 2848 cnsilium

104 2869 266 2931 liternum
289 2869 455 2932 cmuessit:
477 2869 625 2930 incertum
646 2867 700 2946 ibi,
721 2887 762 2930 an
784 2869 898 2946 Rauca,
922 2867 1090 2949 defunctus.
1126 2889 1199 2932 nam

104 3123 138 3184 in
160 3123 281 3184 uinculo
310 3129 340 3186 et
368 3141 520 3185 carcerem
543 3121 713 3199 ducaetm,
740 3121 784 3182 n.
805 3121 1000 3202 Sernprouius
1032 3119 1198 3198 Gracchus,

104 3207 246 3269 tribunus
262 3207 373 3288 plebis,
398 3208 450 3288 qui
472 3211 562 3269 antea
580 3205 772 3286 Scipionibus
791 3205 950 3268 'iuimicus
964 3203 1082 3286 sumat,
1103 3205 1199 3268 inter·

104 3293 217 3363 esssit‚·
239 3297 270 3353 et
285 3291 321 3354 ab
335 3291 370 3353 id
385 3291 557 3371 bmeficium
572 3289 718 3372 Africani
725 3289 827 3370 filiam
842 3289 940 3353 duait.
969 3291 1090 3363 ‘Quum
1104 3309 1199 3373 quas-

104 3381 188 3439 tares
201 3377 234 3437 in
248 3375 327 3438 hona
341 3375 404 3456 qus
411 3375 533 3456 publice
540 3375 727 3456 possidenda
741 3375 826 3437 musi
839 3379 947 3453 essent,
969 3373 1048 3438 ‘non
1063 3375 1151 3438 modo
1165 3376 1199 3438 in

102 3461 145 3522 iis
157 3460 254 3522 uhum
267 3461 425 3540 aestiqium
432 3461 570 3541 pecunia
582 3460 674 3541 reqia
687 3457 843 3540 adparuit,
855 3459 911 3522 set
923 3480 1110 3541 nequaqnam
1130 3466 1198 3522 tan·

104 3551 170 3606 turn
198 3545 367 3621 redactum,
395 3549 515 3626 quanm
541 3563 663 3606 aemma
687 3549 755 3606 erat
779 3543 949 3607 damnabis.
996 3545 1154 3608 Conlatum
1178 3564 1198 3606 a

104 3630 245 3710 eoqnotis
258 3633 288 3690 et
300 3629 407 3692 amicis
420 3628 666 3690 innumerabilem
674 3630 837 3710 pecuniam
851 3629 988 3708 accipere
1001 3629 1116 3692 noluit.-
1133 3647 1199 3711 qua

104 3714 279 3776 memoria
294 3713 323 3775 ei
337 3719 425 3775 mont
439 3713 482 3774 acl
495 3713 618 3790 mhum,
631 3713 778 3775 redemta.

137 3845 149 3894 l
169 3848 193 3894 C
267 3847 629 3907 m...qulBrsnnotscsin
640 3846 718 3892 Aunes
749 3851 886 3907 qualenam
904 3853 1107 3908 ucupnssrantqus
1124 3843 1260 3908 eduntur.
1294 3849 1360 3909 Sigo-

104 3914 246 3958 tsusiemt
283 3910 345 3956 Calli
364 3924 410 3956 nan
429 3909 571 3956 transierunt
593 3909 617 3956 in
636 3909 717 3956 AsIsm
749 3909 802 3956 nius
813 3907 1163 3958 suoslibsashnberenfflnnnt:
1181 3918 1204 3959 st
1215 3913 1363 3974 quintos

105 3975 202 4022 Brenno
212 3975 280 4030 ines,
291 3975 332 4020 ned
343 3972 457 4020 honoria
468 3983 492 4020 et
504 3973 599 4020 anrIo
611 3973 717 4030 ducibus,
748 3987 799 4034 quae
811 3979 894 4028 tenent,
905 3977 1061 4032 componerint
1071 3973 1206 4034 reserantur.

104 4047 131 4084 nt
142 4047 223 4085 neem
236 4039 287 4086 Lis.
299 4037 359 4084 inira
370 4051 389 4084 a.
403 4037 438 4084 lu
457 4037 565 4084 Brennus
575 4037 600 4083 in
613 4037 717 4097 Delpbn·
780 4036 797 4083 8
813 4033 1017 4098 InimicusJusnat]
1031 4038 1129 4084 Siclibri
1140 4039 1258 4098 nSiganin
1269 4039 1363 4086 etho·

104 4117 156 4148 anns
168 4103 345 4164 oppugnatione
356 4102 433 4162 periit.
463 4101 658 4160 Iinnenesttoris
669 4101 720 4160 epi·
752 4101 821 4146 novin
833 4097 940 4160 inspecti.
972 4101 1063 4161 Vulgo:
1080 4107 1138 4148 erat.

105 4175 221 4213 tomum
233 4166 349 4214 inennInnn
365 4165 497 4212 animavit
511 4163 648 4212 Pminnnins
660 4164 720 4212 Ani·
783 4163 799 4210 i
819 4163 892 4213 Quum
909 4171 1028 4224 quotam
1047 4167 1071 4212 in
1089 4167 1145 4212 hona
1161 4163 1210 4226 ejus
1226 4164 1363 4222 mentando

105 4232 181 4277 mov.
195 4231 258 4278 iiiut.
269 4243 289 4276 c.
301 4230 324 4278 9.
749 4228 840 4288 publice
857 4229 920 4274 nissi
937 4225 1020 4288 cuent]
1040 4229 1147 4287 Sigonius
1159 4229 1269 4273 dedente
1290 4227 1363 4276 Quum

136 4295 209 4350 Mt,
231 4295 414 4356 γυιώσω
436 4308 464 4340 ea
490 4293 538 4340 loca
566 4307 616 4354 qua
637 4298 720 4348 tenent,
750 4297 965 4352 pretosqmtases
1046 4293 1149 4337 misisset.
1166 4291 1211 4335 Sed
1224 4297 1363 4348 voxprslor

103 4361 269 4420 meist,
277 4354 388 4418 νόθην]
405 4357 462 4403 Ηιο
469 4355 538 4402 lectio
546 4357 722 4417 expeditiusimn
752 4357 818 4402 soen
828 4369 843 4402 s
854 4355 919 4400 tibris
930 4369 988 4414 quos
999 4355 1057 4401 vidit
1069 4355 1209 4400 Gronovius.
1229 4352 1312 4412 Itaque
1323 4353 1363 4402 ilis

104 4437 167 4474 sane.
185 4437 259 4484 qnam
277 4421 434 4468 Gronovisnoe
451 4421 566 4468 editiones
584 4419 721 4480 petierunt,
753 4418 829 4464 eliseit
839 4419 872 4472 id,
884 4419 946 4477 quod
957 4425 1010 4477 pont
1021 4417 1137 4464 clericum
1148 4417 1271 4464 edihiinns.

105 4489 223 4534 nniennsn
246 4485 351 4546 prolecta
372 4485 451 4540 nent,
473 4495 498 4532 et
519 4497 534 4530 n
555 4497 602 4544 quo
620 4484 720 4538 invectu,
784 4481 869 4530 otton
890 4483 954 4528 nodo
970 4483 994 4528 in
1013 4483 1042 4526 iis
1060 4481 1146 4526 anthus
1166 4477 1297 4543 massaum]
1325 4481 1364 4530 Sic

104 4551 248 4610 muamus.
282 4549 346 4597 otim
362 4549 499 4609 ingenuinus
524 4554 547 4596 et
565 4563 615 4596 cun
630 4561 656 4594 ss
673 4549 721 4596 loon
752 4545 826 4594 edidit
838 4544 954 4603 siguum
989 4543 1133 4598 Aluum
