3098 4958
182 377 246 438 420
746 369 837 434 ΤΙΤΙ
869 367 985 432 LIVII

183 541 213 588 υ.
227 541 252 586 c.
264 539 318 588 aaa
347 521 430 585 cuca
443 541 562 600 muros,
575 529 692 584 temere
714 517 1015 604 adpropinquantes,
1031 516 1088 580 sed
1106 515 1201 579 etiam
1221 515 1277 600 qui
1299 517 1335 580 iu
1353 517 1444 580 nati·

182 604 213 652 Α
226 605 252 651 ⁰·
267 603 319 652 m
347 605 408 670 bns
423 613 522 683 erant,
538 606 621 668 saxis
633 613 792 668 tormento
805 601 1014 666 emicantibus
1029 601 1052 636 ⁰⁸
1061 601 1332 686 percutiebantur.
1380 603 1444 664 Re-

347 691 466 754 vocatis
499 690 596 788 igitur
620 690 652 752 in
682 711 777 752 naves
806 687 971 765 militibus,
996 686 1175 770 emisseque
1203 686 1444 749 Thessalonicae

347 775 594 860 obpugnatione,
609 775 771 838 AEuiamm
793 773 867 835 iude
882 779 1007 856 petunt.
1039 770 1220 854 quindecim
1244 771 1344 832 millia
1368 793 1445 854 pas-

348 881 443 922 suum
469 881 505 922 ca
528 860 605 922 urbs
630 859 729 936 abest,
751 857 902 921 adversus
926 855 1071 940 Pydnam
1093 855 1207 938 posita,
1231 854 1327 916 fertili
1353 876 1444 939 agro.

349 944 538 1007 Pervastatis
561 943 679 1007 finibus
704 943 783 1027 ejus,
807 941 947 1026 legentes
968 961 1066 1016 oram,
1090 939 1303 1022 Antigoneam
1328 960 1445 1022 perve-

348 1028 452 1091 niunt.
478 1028 533 1107 ibi,
546 1029 664 1113 egressi
676 1027 710 1090 in
723 1037 848 1104 terram,
864 1025 967 1110 primo
981 1031 1187 1088 etvastarunt
1201 1045 1293 1106 agros
1307 1024 1444 1106 passim,

348 1121 381 1176 et
394 1113 593 1196 aliquantum
608 1113 725 1198 praedae
740 1112 943 1174 coutulerunt
957 1109 997 1170 ad
1019 1129 1125 1171 nares.
1156 1107 1228 1170 dein
1246 1107 1372 1192 palatos
1386 1130 1445 1170 eos

348 1197 450 1260 adorti
467 1198 670 1275 Macedones,
691 1195 782 1260 mixti
804 1194 926 1280 pedites
950 1192 1145 1277 equitesque,
1160 1191 1317 1276 fiagieutes
1340 1193 1445 1255 effuse

348 1283 389 1345 ad
403 1305 489 1346 mare
504 1283 673 1368 persecuti,
687 1282 877 1366 quingentos
890 1278 987 1340 ferme
1003 1277 1196 1356 occiderunt,
1206 1285 1238 1338 et
1253 1298 1318 1338 nou
1331 1277 1444 1340 miuus

349 1377 512 1452 cepemnt.
556 1369 626 1431 Nec
641 1366 736 1444 aliud,
751 1385 845 1448 quam
859 1362 971 1426 ultima
988 1361 1168 1440 necessitas,
1183 1383 1284 1444 quum
1298 1361 1444 1445 recipere

350 1473 383 1514 se
399 1461 470 1516 tuto
485 1453 526 1514 ad
538 1473 634 1515 naves
648 1450 899 1536 prohiberentur,
915 1447 1036 1510 animos
1055 1445 1193 1508 militum
1209 1447 1444 1525 Romanorum,

349 1536 446 1599 simul
471 1537 688 1620 desperatione
713 1534 773 1596 alia
802 1533 922 1610 salutis,
949 1530 1044 1593 simul
1066 1529 1264 1614 indignitate,
1293 1529 1442 1594 irritavit.

350 1621 487 1683 Redinte
544 1629 577 1682 ta
592 1621 624 1681 in
639 1619 729 1681 litora
742 1639 852 1702 pugna
866 1625 924 1678 est.
951 1615 1097 1700 adjuvere
1112 1623 1145 1678 et
1155 1625 1180 1693 ¹¹,
1189 1613 1244 1698 qui
1259 1615 1290 1676 in
1302 1615 1443 1678 navibus

349 1712 448 1767 erant.
511 1704 543 1766 bi
569 1703 783 1765 Macedonum
808 1701 937 1764 ducenti
961 1701 1058 1762 ferme
1081 1699 1173 1779 ctesi3
1204 1720 1262 1783 par
1283 1721 1444 1762 numerus

349 1795 472 1871 captus.
514 1787 567 1850 Ab
579 1787 757 1871 Antigonea
767 1785 875 1849 classis
883 1785 1033 1869 profecta,
1042 1784 1083 1847 ad
1098 1805 1209 1868 agnam
1221 1783 1443 1848 Pallenensem

349 1871 584 1936 exscensiouem
600 1872 640 1934 ad
658 1871 878 1956 populandum
899 1869 983 1933 fecit.
1028 1868 1155 1932 Finium
1170 1868 1197 1931 is
1212 1889 1286 1952 ager
1301 1867 1444 1932 Cassan-

349 1956 511 2019 drensium
534 1965 611 2036 erat,
626 1956 719 2040 louge
743 1953 955 2018 fertilissimus
974 1954 1077 2017 omnis
1100 1975 1174 2032 orae,
1189 1974 1284 2036 quarn
1308 1963 1444 2101 praeter-

349 2039 431 2104 vecti
459 2041 594 2105 fuerant.
639 2041 689 2104 Ibi
713 2041 874 2103 Etuneues
895 2059 961 2116 rex,
985 2037 1099 2122 viginti
1121 2037 1213 2100 tectis
1238 2037 1309 2100 navi
1334 2059 1373 2100 us
1399 2039 1443 2102 ab

349 2125 428 2189 Elea
440 2127 612 2212 profectus,
627 2125 740 2190 obvius
754 2124 832 2187 fuit:
855 2131 888 2188 et
908 2122 1049 2208 quinque
1070 2122 1176 2186 missae
1198 2121 1344 2186 aPrusia
1365 2145 1442 2209 rege

349 2218 442 2276 tectae
456 2233 562 2274 naves.

392 2296 454 2360 XI.
479 2297 550 2360 Hac
564 2295 679 2361 virium
700 2294 877 2358 accessione
891 2293 1017 2356 animus
1038 2292 1136 2357 crevit
1152 2291 1291 2377 praetnri,
1305 2299 1344 2354 ut
1361 2291 1442 2356 Cas-

350 2381 515 2444 sandream
539 2381 747 2466 obpugnaret.
798 2377 969 2442 “Condita
990 2387 1039 2441 est
1063 2399 1082 2440 a
1103 2376 1281 2440 Cassandro
1307 2399 1382 2525 rege
1406 2377 1443 2440 in

349 2464 427 2564 ipsis
452 2465 607 2542 faucibus,
632 2486 704 2548 quae
730 2463 946 2526 Pellenensem
966 2483 1081 2610 eagrurn
1103 2469 1215 2525 ceterae
1238 2461 1333 2524 Mace
1357 2463 1442 2526 oniae

344 2557 499 2632 Junguut,
513 2549 588 2611 hinc
602 2549 788 2624 Toronaico,
802 2547 965 2610 hincMac
1006 2547 1097 2610 ouico
1112 2555 1202 2631 septa
1216 2545 1304 2608 mari.
1350 2547 1442 2610 Emi-

349 2641 405 2696 net
429 2653 566 2715 namque
590 2631 623 2694 in
648 2631 748 2693 altum
769 2631 887 2715 lingua,
909 2631 943 2695 in
965 2652 1029 2715 qua
1050 2631 1110 2694 nita
1130 2640 1198 2694 esta
1220 2629 1308 2694 “nec
1321 2631 1442 2709 minus,

349 2737 445 2800 quam
459 2715 493 2778 in
508 2716 608 2778 altum
622 2715 840 2799 magnitudine
850 2727 863 2754 ⁰
877 2716 965 2779 Atho
979 2737 1082 2794 mous,
1096 2715 1244 2792 excurrit,
1259 2716 1393 2779 obversa
1407 2717 1442 2780 iu

348 2799 508 2884 regionem
523 2800 699 2885 Magnesia
715 2799 840 2863 duobus
856 2799 1020 2885 inparibus
1058 2799 1279 2880 romontoriis3
1301 2823 1441 2883 quorum

347 2884 459 2970 majori
481 2885 651 2948 Posideum
673 2893 722 2948 est
744 2905 871 2962 nomen,
886 2885 1002 2948 minori
1024 2823 1253 2950 &anastraenm
1297 2885 1442 2950 Divisis?

348 2971 493 3056 partibus
509 2969 693 3056 obpugnare
708 2969 829 3034 adorti=
853 2971 1017 3033 Romanus
1039 2970 1079 3033 ad
1094 2969 1205 3048 Clitas,
1221 2991 1301 3054 quas
1313 2979 1442 3048 vocant,

348 3056 556 3136 munimenta,
572 3053 701 3118 ”cervis
723 3055 817 3119 etiam
843 3055 986 3139 objectis,
1008 3063 1046 3118 ut
1069 3054 1151 3118 viam
1174 3054 1443 3132 intercludereta

349 3141 558 3205 Macedonico
581 3141 621 3203 ad
643 3139 855 3204 Toronaicum
876 3161 961 3202 mare
984 3139 1139 3223 perducit.
1173 3137 1213 3202 ab
1235 3139 1334 3202 altera
1349 3149 1442 3224 parte

347 3223 443 3288 ”euri
468 3247 506 3288 us
521 3234 588 3288 esta
611 3225 685 3287 inde
699 3225 860 3287 Eumenes
875 3223 1091 3308 obpugnabat.
1135 3223 1289 3286 Romanis
1305 3224 1340 3286 in
1355 3225 1443 3288 fossa

347 3247 545 3392 eompiinda,
570 3328 666 3390 quam
688 3329 791 3405 nuper
819 3308 977 3392 objecerat
1000 3309 1144 3386 Perseus,
1172 3307 1349 3392 plurimum
1373 3317 1442 3372 erat

346 3389 472 3456 laboris.
517 3390 567 3454 Ibi
583 3399 738 3474 quaerentr
751 3392 890 3476 pretori,
905 3392 980 3477 quia
994 3413 1152 3476 nusquam
1166 3392 1287 3456 cumuli
1308 3393 1441 3478 adpare-

374 3541 395 3571 ὓ
407 3537 504 3584 AEneonn
516 3537 612 3598 Kreyan.
626 3537 704 3584 aena.
834 3543 849 3573 ¹²
860 3547 884 3586 et
895 3540 941 3586 del.
951 3541 1016 3586 aad.
1145 3543 1236 3600 “pnorn
1248 3541 1342 3586 inclitae
1353 3542 1442 3600 magni·

341 3603 418 3648 tudine
431 3601 525 3662 Kreysn.
553 3617 620 3664 quan
633 3598 670 3662 [in
680 3602 741 3649 aune
752 3600 919 3665 magnitudine]
933 3603 1008 3650 Beki.
1118 3605 1241 3650 Pdivernir
1253 3603 1350 3663 Kreyan.
1363 3604 1442 3650 Besa.

179 3729 266 3776 babere
278 3727 371 3774 videtur
381 3728 471 3788 aliquid
481 3730 572 3776 obscuri
585 3737 678 3790 propter
696 3729 792 3776 nimiam
824 3733 848 3775 et
860 3744 912 3789 que
928 3728 1004 3790 sapiat
1023 3730 1170 3780 sarcinatoris
1185 3743 1290 3776 manum.
1324 3731 1443 3776 ‘itenere

179 3793 324 3838 brevitatem.
358 3793 445 3838 Sensus
456 3801 503 3838 ent:
518 3797 614 3854 Jamque
627 3795 670 3854 ipsi
683 3795 733 3840 urbi
746 3803 793 3840 ter·
825 3807 904 3840 vocem
923 3795 1085 3855 nagndudine,
1101 3801 1133 3849 et,
1151 3793 1196 3840 levi
1209 3793 1344 3854 trajectione
1357 3797 1441 3840 verbo-

179 3857 252 3903 rihiiin
272 3863 329 3910 erat.
350 3871 422 3916 quum
442 3857 519 3902 subito
537 3871 648 3904 conversa
663 3865 698 3904 ent
713 3871 791 3903 rerum
823 3871 885 3912 rum,
895 3859 1009 3904 emenda:
1026 3873 1067 3905 nec
1077 3860 1150 3904 nense
1165 3860 1189 3904 in
1205 3860 1277 3904 attans
1295 3873 1364 3918 qm
1379 3860 1443 3904 Aeno

178 3921 256 3976 facien,
267 3920 384 3980 dispositis
401 3933 470 3979 super
487 3921 645 3968 urbismuros
662 3922 791 3976 tormentit,
823 3936 884 3967 nona
895 3923 1002 3967 creanda

178 3985 263 4044 quibua
276 3985 383 4040 Romani,
395 3993 418 4030 et
430 3984 453 4030 in
465 3985 534 4044 agria,
548 3993 571 4031 et
589 3986 613 4030 in
631 3986 686 4046 ipsis
698 3999 790 4044 qnoque
854 3983 886 4031 so
904 3987 980 4030 Cernis
990 3986 1058 4031 ctione
1069 3981 1173 4045 objectis]
1200 3985 1343 4032 Centemm
1354 3985 1441 4032 ramosi

177 4049 276 4110 naribus
294 4049 489 4108 percutiebantur.
524 4047 606 4108 ltaque
624 4049 735 4095 absistere
753 4049 789 4094 in·
822 4049 898 4094 trunci
920 4049 1038 4102 nrbomm,
1058 4049 1157 4107 quonia
1175 4056 1262 4094 terram
1279 4057 1334 4094 ante
1354 4049 1442 4094 seuam

178 4121 246 4173 cepto
258 4112 330 4158 coacti
342 4119 405 4158 nunt.
822 4111 955 4170 vallumque
974 4113 1106 4171 depangere
1125 4121 1149 4158 et
1161 4113 1224 4159 varie
1235 4125 1312 4158 serere
1324 4114 1441 4168 wiebaut,

207 4177 240 4223 63
256 4171 457 4236 Pereatiedautar]
476 4175 538 4233 Lege
547 4181 726 4234 percuterentur.
822 4175 852 4221 nd
864 4175 1032 4220 obstruendum
1042 4183 1082 4220 aut
1089 4175 1266 4236 impediendum
1274 4177 1327 4221 iter.
1346 4175 1442 4222 Nomen

208 4239 241 4286 ot
259 4239 565 4287 ConditaentoGanrmdro
580 4235 644 4298 rege]
670 4237 732 4283 Olim
746 4239 789 4284 Po·
822 4238 1271 4286 habueruntanimilitudinecornuum
1280 4239 1349 4284 uerri.
1368 4239 1442 4285 Plura

175 4303 253 4360 tides,
266 4311 325 4350 teate
338 4304 421 4358 Plinio,
441 4305 456 4349 Ι.
470 4303 539 4348 tv.c
554 4301 590 4348 lo.
624 4301 790 4348 illamdeiude
823 4302 852 4347 de
864 4301 892 4346 iis
904 4302 956 4347 vide
968 4303 1030 4361 apud
1045 4303 1106 4362 Lips.
1119 4303 1134 4348 Ι.
1144 4303 1176 4348 11.
1195 4303 1316 4348 Poliorcet.
1342 4302 1441 4349 orata

174 4367 327 4422 seiunxerat,
340 4369 376 4413 vet
389 4365 706 4421 instauraveratCaneauder,
722 4367 786 4412 etde
851 4364 883 4418 67
900 4361 1014 4425 Euripus]
1033 4365 1190 4424 intelligenda
1203 4365 1297 4411 videtur
1313 4365 1375 4411 fonsa
1395 4367 1439 4412 ali-
1534 4403 1535 4428 ,

174 4445 216 4476 ιιιο
229 4431 323 4475 nomine
337 4433 500 4478 Currendreenn
512 4429 610 4476 dixerat.
819 4441 867 4488 qua
881 4443 953 4474 mauu
974 4427 1042 4482 secu,
1060 4443 1111 4488 qua
1131 4429 1202 4474 maris
1222 4442 1295 4488 aquas
1314 4429 1440 4488 acciperet.

206 4493 237 4538 65
255 4495 304 4540 Nec
321 4497 395 4540 miuus
431 4511 481 4540 aun
500 4497 525 4541 in
543 4495 615 4539 altana
632 4494 788 4554 magnitudine
820 4493 881 4538 Nam
895 4493 952 4538 talen
963 4492 1030 4538 sonae
1041 4494 1116 4552 euripi
1126 4493 1189 4552 apud
1200 4493 1311 4552 antiquos
1329 4493 1440 4539 nomina·

173 4557 234 4601 Attio
244 4571 305 4602 mons
315 4560 415 4603 caeam
446 4558 539 4604 Prolinn
555 4564 579 4602 et
595 4559 691 4604 verbone
706 4557 788 4614 oratio,
820 4559 913 4604 bantur.
