3086 4952
429 327 516 392 LIB.
547 327 709 394 XXXVI.
739 328 836 395 CAP.
860 329 936 394 XX.
1324 336 1362 398 61

102 471 198 537 irrito
221 473 435 552 recessissent,
458 484 514 539 aut
532 477 640 575 plures
661 477 857 556 cecidissent,
880 479 913 542 ni
932 479 982 542 M.
1006 479 1138 542 Porcius
1161 479 1202 544 ab
1216 500 1245 546 υ.
1255 501 1281 548 c.
1293 501 1348 548 ool.

96 559 184 642 jugo
206 558 401 638 Callidromi,
430 561 560 659 dejectis
586 562 659 625 inde
684 562 812 642 AEtolis,
836 571 869 626 et
899 585 1015 648 magna
1042 586 1081 626 ex
1111 573 1201 647 parte
1215 566 1242 610 Α·
1255 565 1281 612 ⁰·
1294 563 1347 614 ¹⁹¹·

101 643 206 720 cesis
220 643 253 724 (⁸
261 644 408 709 incautos
422 667 507 708 enun
523 655 555 709 et
565 647 732 732 plerosque
742 647 862 732 sopitos
877 647 1087 732 obpresserat)
1104 669 1203 734 super

101 727 312 791 inminentem
327 729 440 792 castris
454 731 565 793 collem
580 731 787 816 ndpmuisset.

144 811 244 876 XIX.
267 813 380 876 Flacco
399 836 465 878 non
486 815 595 878 eedem
614 817 743 880 fortuna
760 817 801 880 ad
814 817 986 880 Tichiunta
1000 825 1032 880 et
1044 817 1199 881 Rhodun-

100 897 191 974 tiam,
205 899 422 982 nequidquam
438 900 544 963 subire
562 901 603 964 ad
622 921 659 962 ea
673 901 802 964 castella
824 909 948 979 conato,
971 901 1082 965 fueret
1126 901 1199 966 Ma-

99 982 249 1059 oedones,
286 983 384 1065 uique
398 983 451 1046 alii
465 984 499 1046 in
519 985 630 1047 castris
644 984 738 1070 regiis
753 993 852 1063 erant,
864 985 977 1069 primo,
995 985 1073 1049 dum
1087 986 1199 1070 procul

99 1066 183 1130 nihil
200 1003 298 1144 aliud,
316 1088 413 1151 quam
427 1068 521 1131 huba
535 1077 567 1132 et
582 1090 706 1153 agmen,
721 1069 902 1154 adparebat,
922 1069 1048 1133 AEtolos
1062 1070 1197 1149 credere,

97 1151 169 1213 visa
182 1152 296 1236 procul
315 1173 426 1236 pugna
450 1153 591 1216 subsidio
605 1153 720 1216 venire.
744 1163 895 1231 ceterum,
912 1163 950 1218 ut
968 1155 1107 1239 primum
1133 1155 1197 1240 sig·

97 1257 206 1383 mique
234 1245 267 1298 et
295 1257 382 1384 artqra
411 1257 451 1299 ex
479 1237 659 1322 propinquo
670 1238 821 1386 'pogpitq'
824 1259 970 1384 Ιιεηὲιρικτιιι
994 1249 1196 1387 aperuerunq,
1210 1325 1288 1371 wem
1300 1325 1351 1372 sn-

97 1403 119 1438 η
130 1324 1197 1493 aimmutationum?cumcurn

97 1509 198 1573 quam
221 1490 374 1574 sequendi
393 1499 500 1568 eraut3
531 1499 563 1554 et
588 1491 724 1554 maxime
747 1491 900 1569 omnium,
926 1491 1014 1575 quod
1037 1491 1196 1576 elephanti

98 1574 266 1638 novissimi
289 1575 424 1659 agminis
444 1583 544 1654 erant,
569 1597 650 1660 quos
674 1575 771 1661 pedes
796 1597 879 1660 aegre
906 1575 1077 1661 praeterire,
1100 1598 1196 1660 eques

98 1659 190 1722 nullo
210 1667 337 1744 poterat
355 1660 461 1738 modo,
476 1659 662 1724 timentibus
680 1660 780 1744 equis,
794 1661 1034 1744 tumultumque
1056 1661 1139 1724 iuter
1162 1683 1195 1725 se

97 1743 1196 1895 omlffimtfflnlui‘iiiid‘{imbibi-illiohim?

99 1914 202 1976 secuti
211 1850 313 1976 ¹psunt
330 1914 464 1976 hostem.
509 1877 625 1976 Multis
644 1913 677 1976 in
697 1851 767 1999 iiio
782 1914 892 1978 itincre
912 1915 1003 1980 coesis
1019 1853 1194 2000 captisiqhe,

98 2019 167 2060 nou
181 1997 272 2080 equis
286 1998 424 2096 virisque
438 2005 576 2076 tantum,
591 1999 647 2062 sed
662 1999 756 2062 etiam
776 1999 962 2084 elephantis,
987 2021 1067 2084 quos
1082 2021 1193 2085 capere

99 2091 363 2230 authu*
376 2082 1194 2232 uttaintuentihus?

97 2250 258 2314 uentibus
268 2189 423 2335 praesidio,
434 2189 575 2315 shbgrillo
584 2191 671 2316 haud
679 2273 791 2338 parum
803 2217 930 2314 audadis
941 2252 1059 2336 incepti
1070 2252 1194 2330 effectu,

98 2335 240 2398 iirerant.
286 2335 415 2414 Consul,
441 2337 543 2400 noctis
566 2337 763 2420 insequentis
786 2336 880 2399 tertie
901 2335 1007 2419 vigilia
1030 2335 1195 2420 praemisso

96 2419 248 2504 equitatu
261 2420 302 2484 ad
316 2423 568 2506 persequendum
579 2423 715 2500 hostem,
731 2420 822 2506 signa
834 2419 995 2506 legionum
1009 2419 1113 2506 prima
1125 2419 1194 2484 luce

97 2505 213 2568 morit.
234 2505 442 2589 Aliquantum
454 2507 514 2570 viae
526 2513 720 2592 praeceperat
730 2527 786 2569 rex
798 2532 806 2584 ς
819 2505 921 2589 utqui
930 2527 995 2568 non
1005 2513 1089 2583 ante,
1098 2526 1194 2588 quam

99 2589 227 2668 Elatiae,
242 2589 283 2654 ab
305 2591 405 2654 effuso
420 2591 596 2689 constiterit
610 2613 721 2654 cursu:
744 2591 800 2690 ubi
816 2591 955 2676 primum
968 2589 1096 2688 reliquis
1111 2611 1194 2688 pug-

97 2683 314 2824 luith
345 2677 1193 2845 ,stituitphfflufftllitlfftsslll
1206 2764 1342 2840 cunm

97 2845 230 2928 quidem
244 2865 352 2943 regem
370 2844 484 2909 Elatiae
494 2845 663 2908 adsecuuus
675 2867 740 2908 nou
754 2852 814 2923 est,
825 2844 847 2877 '²
857 2845 943 2908 sedm
957 2865 1105 2928 maguam
1119 2865 1191 2928 par-
1204 2843 1229 2875 ⁸²
1241 2837 1332 2889 '‘⁶¹⁹¹“

97 2937 165 2992 tem
178 2929 325 3013 agminis,
339 2938 396 2994 aut
417 2930 601 2994 lassitudine
623 2929 645 2962 '⁸
655 2927 868 3005 subsistentis,
883 2935 939 2990 aut
959 2948 1072 3005 errore,
1085 2935 1123 2990 ut
1137 2927 1192 3010 qui

98 3014 168 3076 sine
183 3013 319 3078 ducibus
337 3035 396 3099 per
415 3015 525 3099 ignota
545 3013 659 3078 itinera
671 3014 827 3098 fugerent,
841 3011 1010 3095 dissipatos
1029 3011 1193 3094 obpresse-

97 3107 186 3162 runt.
215 3121 275 3162 nec
286 3107 404 3184 praeter
417 3099 619 3184 quingentos,
634 3099 689 3182 qui
703 3098 786 3162 circa
800 3117 906 3181 regem
921 3095 1061 3192 fuerunt,
1075 3115 1114 3192 er
1125 3101 1193 3158 toto

98 3183 240 3246 exercitu
276 3184 423 3268 uisquam
436 3183 565 3269 effugit:
588 3183 683 3246 etiam
698 3205 735 3246 ex
750 3183 860 3246 decem
881 3179 1021 3244 milhbus
1044 3178 1192 3258 mlhtum‚

97 3289 191 3352 quoe,
218 3206 351 3354 Polybio
373 3277 510 3347 auctore,
533 3268 691 3354 trajecisse
715 3289 823 3331 secum
846 3287 954 3350 regem
975 3265 1009 3328 in
1034 3261 1191 3328 Graeciam

97 3353 296 3438 scripsimus,
310 3353 445 3438 exiguus
468 3374 630 3416 numerus.
658 3351 736 3450 quid
759 3351 785 3415 si
800 3350 922 3414 Antiati
937 3347 1062 3412 Valerio
1084 3349 1191 3412 creda-

97 3459 182 3514 mus,
197 3437 362 3522 sexnginta
376 3437 620 3501 milliamilitum
634 3437 731 3500 husee
740 3437 773 3499 iu
782 3435 868 3520 regio
879 3433 1019 3498 exercitu
1031 3433 1191 3512 scribenti,

98 3522 310 3606 quadraginta
330 3522 405 3585 inde
419 3522 517 3585 millia
541 3521 700 3599 cecidisse,
715 3543 811 3606 supra
825 3519 966 3604 quinque
986 3517 1084 3580 millia
1098 3525 1191 3602 capta

97 3627 172 3670 cum
188 3606 289 3690 signis
303 3605 491 3670 militaribus
500 3606 646 3670 ducentis
655 3605 808 3690 triginta?
831 3605 1047 3667 Romanorum
1061 3609 1190 3664 centum

97 3690 332 3776 quinquaginta
343 3691 377 3754 in
392 3690 461 3776 ipso
482 3690 652 3754 certamine
666 3711 794 3775 pugnae,
804 3689 844 3752 ab
859 3687 989 3752 incursu
1007 3685 1189 3749 AEtolorum

97 3796 130 3838 sc
143 3785 272 3840 tuentes
287 3797 352 3839 non
368 3775 441 3860 plus
479 3775 687 3860 uinquaginta
700 3772 856 3838 interfecti
871 3780 957 3835 sunt.
1319 3833 1325 3846 ‚

140 3860 218 3924 XX.
243 3859 386 3924 Consule
400 3881 458 3946 per
494 3859 639 3924 hocidem
650 3857 848 3922 etBoeotiam
859 3855 1031 3920 exercitum
1042 3855 1187 3932 ducente,
1201 3833 1353 3958 fidulii-⁰·

95 3945 232 4008 muscia
255 3944 441 4008 defectionis
462 3945 605 4008 civitates
626 3965 701 4008 cum
715 3941 899 4007 velamentis
915 3947 987 4004 ante
1002 3948 1109 4026 portas
1125 3949 1187 4002 sta-
1200 3961 1315 4022 nequitur.

129 4075 397 4142 *Se-plenssreyse.
411 4082 489 4129 Behk.
627 4075 758 4128 ¹omecun
771 4079 836 4125 Eud.
972 4083 993 4111 Ν
1004 4079 1046 4126 red
1056 4077 1101 4124 del
1114 4075 1191 4124 sees.

127 4205 159 4258 70
176 4205 283 4252 lunares
294 4201 366 4266 m]
385 4205 438 4252 Vid.
450 4204 511 4252 Plut.
523 4205 548 4252 in
560 4205 649 4252 catone
659 4217 710 4250 ms·
742 4205 885 4251 transeunda
896 4211 946 4250 erat
956 4203 1106 4263 sequentibus
1114 4200 1193 4246 victos

94 4269 152 4324 lm·
162 4269 192 4314 de
204 4269 249 4316 hoe
257 4271 354 4328 egregio
365 4269 434 4325 facto,
446 4270 509 4328 quod
519 4271 661 4331 eatlsJejune
672 4269 711 4315 hic
775 4269 806 4322 ⁷²
823 4269 978 4329 Sedmgnom
988 4262 1089 4326 meren]
1107 4262 1190 4321 scripti
1199 4260 1311 4306 omittunt
1321 4255 1350 4305 rb

98 4331 182 4378 iediear
195 4333 285 4388 Livius,
296 4333 365 4393 plura
376 4343 552 4380 memorantem.
740 4333 787 4387 ud,
802 4331 865 4391 quod
875 4345 931 4377 sane
947 4331 1063 4376 interdum
1081 4325 1204 4384 elegans·
1215 4337 1284 4368 eausa
1294 4337 1349 4384 eup-

128 4395 156 4448 il
182 4395 237 4444 ’Bt
256 4401 394 4444 attinente
411 4405 528 4458 “quantes
546 4391 708 4456 impedierunt]
741 4395 822 4456 primii
836 4395 922 4442 Livius.
1312 4449 1317 4462 ¹

99 4459 213 4508 Βωυιω
225 4461 356 4520 &menum
374 4461 464 4507 herem
481 4471 605 4520 sequentes
622 4469 645 4506 er
657 4473 710 4504 mu·
773 4459 806 4514 7³
822 4451 1002 4514 'Saturnum
1028 4453 1072 4498 Vel
1089 4451 1173 4508 scribe,
1191 4449 1227 4496 vel
1245 4449 1348 4509 intellige

98 4525 199 4570 nimenta
220 4525 388 4584 impedierunt.
406 4535 430 4570 et
448 4525 562 4584 agusti·
575 4523 639 4570 vallis
656 4537 709 4582 qun
741 4523 891 4568 subsistentes.
924 4517 1035 4577 Sequitur
1045 4515 1108 4562 enlm
1117 4515 1243 4574 dissipatos.
