3094 4954
184 323 245 386 172
746 312 839 378 'l'l'l'l
870 309 984 388 LlVll

185 489 252 535 uc.
264 487 319 537 col.
346 473 467 544 vatent,
480 463 580 544 dixit3
602 463 876 546 denunciavitque‚
890 470 927 525 ut
948 481 1067 524 morem
1087 459 1223 545 vagandi
1244 482 1319 524 curn
1340 460 1443 524 armis

185 551 318 628 A·0·‚¹⁸{³·
348 551 486 628 liabent,
501 569 711 634 agrorumque
726 569 857 611 suorum
875 545 1017 608 terminis
1042 567 1075 608 se
1097 545 1305 610 continerent.
1350 545 1443 610 Con-

186 616 288 726 grunitu·
299 629 324 662 ¹¹¹
348 635 457 700 tractis
473 633 586 697 deinde
600 655 640 696 ex
657 632 744 696 omni
759 653 814 695 ora
827 631 971 708 navibus,
986 637 1019 693 et
1041 630 1196 693 Eumenis
1220 631 1315 694 etiam
1337 631 1442 694 classe

185 695 306 804 ..nn
349 715 851 866 ιι
874 716 914 862 l
929 715 1180 863 {aaziae
1195 716 1302 863 ...p
1326 737 1442 863 ιιι

349 823 789 972 ιιιίὶὶιιιεὲῗὲνῗῃρτωιὶὲοέιιιιιιίἓ
802 821 926 970 gedrrlderis
941 905 1055 968 agmen
1070 823 1441 969 trahendbylllndchiae

351 973 466 1038 stativa
492 971 623 1050 habuit3
661 979 700 1033 ut
728 991 825 1053 quam
860 969 996 1032 maxime
1022 969 1203 1032 recentibus
1237 979 1270 1033 ct
1304 970 1441 1054 integris

346 1057 502 1144 jumentis
522 1055 700 1132 Thraciam,
714 1075 772 1139 per
793 1075 889 1138 quam
912 1054 972 1116 iter
985 1053 1081 1138 vulgo
1098 1054 1278 1134 horrebant,
1294 1055 1443 1139 ingrede-

352 1151 449 1206 retur.
493 1141 567 1206 Quo
596 1140 757 1224 profectus
787 1147 836 1201 est
863 1138 903 1202 ab
928 1139 1129 1223 Lysimachia
1151 1139 1211 1216 die,
1236 1139 1277 1202 ad
1301 1161 1441 1218 amnem,

354 1226 484 1290 Melana
507 1247 601 1308 quem
616 1231 741 1301 vocant,
754 1223 828 1286 inde
851 1231 979 1308 postero
1002 1223 1053 1286 die
1077 1223 1216 1308 Cypsela
1237 1223 1390 1308 pervenit.
1421 1245 1442 1287 a

354 1310 501 1408 Cypselis
516 1309 566 1372 via
581 1309 689 1372 decem
703 1307 838 1372 millium
851 1309 915 1370 fere
930 1307 1089 1387 silvestris,
1100 1317 1245 1406 anguste,
1254 1309 1443 1393 confragosa

354 1395 539 1480 excipiebat.
566 1401 697 1480 propter
710 1393 802 1477 cujus
817 1391 1034 1456 difficultatem
1048 1393 1168 1456 itineris
1183 1393 1217 1456 in
1238 1393 1317 1456 duas
1332 1403 1442 1478 partes

354 1480 474 1544 divisus
486 1479 651 1543 exercitus.
679 1485 711 1542 et
724 1477 901 1562 praecedere
915 1499 980 1540 uno
987 1479 1088 1562 jussa,
1103 1477 1200 1540 altera
1212 1499 1327 1563 magno
1342 1479 1442 1542 inter-

353 1565 436 1630 vallo
447 1585 557 1648 cogere
572 1585 695 1648 agmen,
709 1561 814 1625 media
833 1561 1050 1646 inpedimenta
1068 1563 1275 1648 interposuit:
1298 1563 1444 1648 plaustra

355 1671 429 1712 oum
443 1648 579 1732 pecunia
616 1647 720 1710 ublica
734 1654 833 1724 erant,
852 1647 1052 1731 pretiosaque
1071 1647 1132 1711 alia
1154 1648 1270 1732 praeda.
1316 1649 1442 1732 Itaque,

355 1743 480 1818 quum¹
495 1753 582 1816 pers
613 1739 682 1793 tum
703 1731 772 1808 iret,
787 1731 946 1794 Thracum
968 1733 1076 1796 decem
1090 1733 1176 1796 haud
1192 1731 1327 1817 amplius
1342 1733 1443 1795 millia

355 1839 395 1880 ex
409 1825 546 1915 quatuor
559 1815 697 1900 populis,
710 1815 804 1894 Astii,
818 1823 851 1878 et
870 1815 970 1894 Caeni,
986 1825 1018 1880 et
1041 1817 1238 1894 Maduateni,
1254 1826 1286 1880 et
1302 1817 1407 1881 Coreli
1418 1827 1442 1896 ¹,

354 1901 428 1965 adr
452 1922 503 1963 sas
528 1900 690 1984 angustias
712 1900 795 1962 viam
820 1899 1099 1966 circumsederunt.
1143 1901 1262 1988 Opinio
1285 1911 1361 1981 erat,
1375 1923 1442 1966 non

356 1985 424 2050 sine
462 1979 575 2070 hilippi
590 1984 672 2070 regis
689 1985 923 2048 Macedonum·
937 1987 1047 2050 fraude
1062 1987 1095 2050 id
1103 1987 1231 2050 factum.
1246 2009 1319 2050 eum
1334 1987 1442 2066 scisse,

357 2093 422 2134 non
437 2070 507 2148 alie,
521 2091 617 2154 quam
632 2091 690 2155 per
701 2069 877 2149 Thraciam,
888 2070 1044 2134 redituros
1061 2073 1231 2150 Romanos,
1245 2081 1277 2135 ει
1290 2081 1443 2156 quantam

357 2155 1444 2324 llil'lidailiullolilmdlinalmpllffllillllldl

209 2330 248 2360 ”¹¹¹
359 2347 392 2388 se
421 2335 599 2404 moverunt,
629 2325 729 2388 donec
763 2325 874 2388 armati
908 2326 1088 2390 transirent.
1126 2334 1296 2411 postquam
1322 2327 1442 2412 primos

358 2431 524 2494 superasse
546 2410 709 2493 angustias
732 2409 890 2487 viderunt,
905 2417 1082 2494 postremos
1107 2411 1251 2474 nondum
1272 2411 1443 2496 adpropin-

358 2503 503 2578 quantes,
523 2493 739 2576 inpedimenta
761 2503 793 2556 et
817 2495 954 2558 sarcinas
977 2495 1142 2559 invadunt.
1169 2496 1322 2580 caesisque
1337 2505 1443 2559 custo-

358 2579 463 2654 dibus,
477 2577 593 2660 partim
608 2598 645 2639 ea
658 2598 730 2659 quae
746 2576 779 2638 in
824 2578 950 2642 laustris
971 2588 1070 2659 erant,
1085 2581 1229 2666 diripere,
1243 2581 1360 2666 partim
1382 2582 1444 2645 sub

358 2661 506 2724 oneribus
523 2660 671 2744 jumenta
694 2599 882 2726 abstrudere.
928 2664 1022 2728 Unde
1046 2674 1216 2750 postquam
1240 2665 1357 2730 clamor
1379 2667 1444 2750 pri-

357 2767 447 2808 mum
468 2745 510 2808 ad
532 2765 597 2823 eos,
612 2745 678 2828 qui,
694 2745 763 2829 jam
784 2745 918 2830 ingressi
933 2749 1060 2828 saltum,
1084 2751 1307 2834 sequebantur,
1329 2749 1442 2814 deinde

358 2829 452 2892 etiam
468 2829 508 2892 ad
522 2829 661 2914 primum
684 2851 797 2914 agmen
819 2839 868 2894 est
890 2833 1041 2918 perlatus,
1064 2835 1224 2919 utrimque
1246 2835 1280 2899 in
1302 2835 1444 2898 medium

358 2914 566 2994 concunitur,
582 2923 614 2978 et
639 2914 854 2978 inordinatum
884 2917 979 2981 simul
1003 2919 1172 3004 pluribus·
1194 2919 1270 2983 locis
1294 2919 1443 3006 proelium

358 2999 542 3064 conseritur.
585 3001 724 3064 Thracas
746 3001 855 3085 praeda
878 3001 948 3087 ipsa
969 3003 1127 3088 inpeditos
1150 3005 1308 3082 oneribus,
1324 3013 1356 3068 et
1379 3004 1445 3090 ple·

357 3105 393 3148 ro
433 3107 472 3148 ue
489 3087 537 3166 (ut
551 3085 592 3148 ad
606 3085 793 3170 rapiendum
808 3107 921 3150 manus
935 3109 1050 3152 vacuas
1063 3089 1227 3172 haberent)
1244 3089 1390 3168 inermes,
1405 3089 1445 3152 ad

358 3191 404 3232 cae
428 3191 478 3232 em
506 3169 648 3252 praebet3
673 3171 833 3233 Romanos
860 3171 905 3234 ini
928 3172 1010 3235 uitas
1040 3173 1192 3253 locorum,
1222 3175 1363 3238 barbaris
1389 3195 1445 3259 per

358 3253 452 3316 calle·
467 3260 560 3315 notos
576 3252 819 3318 obcursantibus
831 3256 854 3334 ¹³,
870 3193 1088 3322 etlatentibus
1103 3259 1264 3322 interdum
1323 3281 1340 3322 r
1353 3281 1444 3322 cavas

358 3335 466 3413 valles,
490 3336 653 3420 prodebat.
683 3338 753 3422 ipsa
773 3339 867 3402 etiam
886 3363 982 3406 onera
1000 3343 1213 3427 plaustraque,
1229 3353 1267 3407 ut
1294 3365 1345 3406 ors
1360 3343 1444 3422 tulit,

358 3420 409 3483 his
432 3427 488 3484 aut
510 3419 572 3482 illis
599 3420 797 3486 incommode
822 3425 954 3510 objecta,
982 3429 1201 3513 pugnantibus
1228 3429 1445 3514 inpedimento

360 3513 454 3570 sunt:
477 3503 552 3568 alibi
571 3505 690 3590 praedo,
716 3507 790 3572 alibi
836 3511 930 3574 raedae
955 3511 1071 3576 vindex
1095 3513 1189 3577 cadit.
1234 3513 1333 3577 Prout
1356 3512 1445 3576 locus

359 3588 488 3673 iniquus
502 3612 652 3674 aequusve
667 3591 717 3654 his
732 3601 788 3655 aut
802 3593 809 3606 '
824 3594 871 3672 lis,
886 3604 983 3679 prout
1005 3597 1130 3662 animus
1153 3598 1365 3696 pugnantium
1387 3605 1445 3676 est,

359 3682 456 3757 prout
470 3697 632 3756 numerus,
649 3675 712 3759 (alii
727 3677 811 3740 enim
826 3678 982 3763 pluribus,
996 3703 1092 3766 quam
1106 3682 1169 3768 ipsi
1183 3690 1283 3761 erant,
1298 3681 1351 3744 alii
1368 3704 1446 3767 pau-

360 3757 508 3837 cioribus,
523 3761 738 3845 obcurrerunt)
754 3762 839 3826 varia
859 3785 977 3849 pugnae
992 3767 1119 3830 fortuna
1132 3775 1190 3831 est.
1219 3767 1313 3830 multi
1335 3767 1445 3830 utrim-

383 3863 422 3905 ue
451 3843 579 3907 cadunt.
622 3847 697 3910 Jam
724 3867 789 3909 nox
815 3849 993 3933 adpetebat,
1020 3873 1121 3934 quum
1148 3851 1261 3936 proelio
1289 3852 1446 3914 excedunt

360 4011 382 4074 h
401 3949 508 4074 beben,
523 3950 588 3992 non
602 3929 678 4016 fuga
692 3929 859 3995 vrrlnerum
874 3942 930 3997 aut
944 3935 1065 4016 mortis,
1079 3937 1136 4000 sed
1150 3936 1225 4020 quia
1240 3935 1316 4000 satis
1330 3936 1445 4021 praedae

383 4035 402 4074 a
465 4021 529 4076 ant.

403 4095 494 4160 XLI.
532 4097 747 4163 Romanorum
774 4100 914 4186 primum
941 4125 1054 4189 agmen
1083 4113 1171 4168 extra
1198 4105 1315 4168 saltum
1335 4103 1447 4168 “circa

387 4223 402 4252 ¹
413 4221 447 4266 ito
457 4235 506 4267 eun
520 4220 595 4268 lleklr.
692 4226 705 4265 5
720 4224 811 4272 Coeleeae
823 4225 896 4272 Gron.
908 4227 975 4272 Cres.
1083 4228 1255 4274 'Macedonum
1266 4231 1328 4290 regie
1339 4227 1414 4290 Bell.

548 4286 675 4345 ⁸plarr'bsc
685 4287 753 4333 simiel
765 4289 822 4334 lind.
931 4283 945 4323 b
956 4293 1123 4338 incursantibus
1135 4293 1208 4340 Gron.
1221 4292 1289 4338 Crev.

227 4392 260 4440 40
278 4395 345 4442 caea
364 4397 469 4456 templu
487 4395 638 4460 Bendidium]
664 4399 757 4456 aare,
775 4407 802 4447 ut
835 4400 935 4447 Athena
953 4403 1104 4451 vocabantur.
1129 4403 1264 4460 Turnebus,
1281 4403 1296 4450 l.
1315 4403 1382 4451 xlv.
1398 4403 1446 4450 Ad·

270 4465 276 4488 *
303 4459 442 4518 Hesychius,
471 4462 553 4521 lingua
581 4463 698 4508 Thracum
727 4463 803 4511 Diana
834 4479 924 4512 verae·
939 4464 975 4512 ll.

302 4535 339 4567 u:
373 4524 436 4569 unde
464 4532 488 4571 et
516 4527 634 4576 Beadldta
660 4528 710 4586 ejm
738 4527 802 4574 ferire
