3098 4958
414 315 502 382 LlB.
528 315 652 380 XLIV.
687 315 783 380 CAP.
811 318 1010 386 XXXVIII.
1327 335 1391 400 447

137 468 257 534 videri:
281 465 486 543 Maccdonas,
505 471 543 528 ut
562 463 651 526 triste
671 463 862 548 prodigium,
878 487 1025 532 occasum
1045 470 1134 554 regui
1155 493 1226 558 per.
1240 494 1268 541 u,
1280 495 1306 542 ο,
1318 495 1374 544 334

137 554 317 636 niciemque
332 549 437 635 gentis
452 548 655 634 portendens,
669 549 786 613 movit:
808 571 867 613 nec
881 551 971 614 aliter
985 561 1082 617 vates.
1108 556 1226 623 clamor
1239 559 1267 608 Α
1280 560 1305 606 ⁰·
1320 559 1389 607 ¹⁰¹²*

137 637 342 720 ululatusque
357 635 391 698 iu
412 632 523 697 castris
540 632 754 696 Macedonum
771 633 842 712 fuit,
857 634 958 699 donec
979 636 1056 701 luna
1077 638 1110 703 in
1135 661 1225 706 suam

136 722 241 786 lucem
256 719 394 784 emersit.
440 717 460 749 ¹³
471 718 601 780 Postero
616 715 666 780 die
681 717 812 781 tnntua¹
827 719 955 803 utrique
969 722 1063 785 ardor
1075 725 1225 790 exercitui

137 806 179 870 ad
203 803 457 870 concurrendum
480 801 594 878 iuerat,
608 809 646 864 ut
669 801 719 864 et¹
733 823 840 886 regem
863 811 896 866 et
917 806 1079 870 consulem
1094 829 1224 874 suorum

160 890 278 968 uidam,
317 887 405 972 quod
452 886 519 950 aine
558 885 669 970 proelio
704 885 878 951 discessum
907 897 1000 968 esset,
1029 903 1223 959 accusarent.

137 911 251 1059 Xegim
265 981 391 1058 promta
405 970 545 1036 defensio
558 977 635 1049 erat,
646 991 711 1034 non
726 991 763 1034 eo
778 972 891 1051 solum,
906 975 993 1057 quod
1013 975 1113 1039 hostis
1128 979 1224 1062 prior,

137 1065 244 1142 aperte
265 1078 407 1142 pugnam
432 1056 621 1134 detrectans,
645 1053 678 1118 in
697 1063 800 1118 casim
822 1057 928 1141 copias
951 1059 1146 1139 mdurdaaet3
1168 1063 1224 1126 aed

136 1143 241 1220 etiam,
256 1142 344 1226 quod
367 1163 405 1204 eo
427 1140 496 1204 loco
519 1138 610 1237 sigua
631 1139 857 1218 constituisset,
878 1163 941 1224 quo
964 1143 1112 1228 phalanx,
1127 1167 1223 1229 quam

136 1225 281 1290 inutilem
296 1225 346 1289 vel
359 1223 525 1292 mediocria
547 1221 698 1306 ruiquitaa
717 1223 779 1287 loci
800 1227 945 1304 efficeret,
959 1229 1136 1310 promoveri
1157 1253 1223 1294 non

134 1319 253 1396 posset.
297 1309 420 1374 Consul
436 1309 508 1372 ¹‘ad
522 1307 565 1387 id,
602 1307 667 1372 uod
687 1307 788 1392 pridie
804 1311 1042 1394 praetermisisse
1057 1315 1223 1398 pugnandi

135 1395 332 1458 occasionem
346 1393 522 1472 videbatur,
535 1401 567 1456 et
580 1329 695 1458 locum
718 1392 842 1457 deduce
862 1395 957 1473 hosti,
973 1395 1000 1458 si
1023 1405 1116 1460 nocte
1137 1399 1222 1462 abire

134 1479 240 1557 vellet,
253 1487 332 1542 tunc
355 1499 482 1562 quoque
506 1498 563 1562 per
587 1476 725 1562 speciem
747 1476 921 1542 inmolandi
944 1487 1042 1543 terere
1057 1481 1223 1546 videbatur

134 1569 201 1626 tem
226 1585 274 1641 us,
289 1584 389 1647 quum
401 1563 471 1628 luce
484 1561 587 1646 prima
600 1561 625 1626 ι’
673 1583 729 1626 um
741 1563 941 1647 propositum
965 1585 1083 1649 pugnae
1105 1567 1146 1628 nd
1168 1589 1223 1630 ex-

134 1585 278 1712 eundum
292 1645 326 1710 in
346 1647 444 1713 aciem
464 1647 586 1712 fuisset.
656 1646 734 1710 ertia
746 1647 875 1710 demum
888 1648 975 1727 hora,
990 1649 1142 1714 sacrificio
1163 1651 1222 1715 rite

157 1740 325 1818 erpenuto,
339 1733 381 1796 ed
400 1728 569 1798 consilium
582 1731 725 1810 vocavit3
747 1739 841 1815 atque
861 1731 917 1810 ibi,
935 1733 1023 1816 quod
1044 1733 1089 1796 rei
1110 1755 1222 1819 geren·

132 1753 183 1880 dur
198 1825 325 1901 tempus
339 1825 433 1896 esset,
448 1815 607 1900 loquendo
621 1823 655 1882 et
674 1815 896 1901 intempestive
911 1817 1121 1882 consultando
1135 1819 1222 1884 vide-

132 1901 227 1966 batur
241 1900 432 2050 qurlibssrsdam
445 1901 618 1966 extrahere.
640 1908 715 1985 post
728 1921 888 1966 sermonen
903 1909 1009 1966 tamen
1024 1903 1137 1968 consul
1151 1925 1221 1968 cra-

132 1985 253 2050 tionem
290 2006 309 2048 a
332 1985 388 2050 uit.
1128 2035 1133 2046 .

174 2070 374 2134 XXXVIII.
396 2071 434 2133 P.
450 2069 578 2148 Nasica,
593 2070 729 2151 eqreqiue
744 2069 926 2148 umescere,
936 2089 975 2133 eu
986 2071 1121 2134 muttire
1132 2093 1219 2151 amu,
1233 2067 1322 2144 runnu
1331 2083 1384 2116 ⁰¹⁸·

131 2155 240 2236 mtto
254 2157 415 2218 naiman
433 2155 483 2218 aa
498 2154 949 2236 aquampendentem
963 2157 1037 2217 mni
1050 2176 1137 2218 aaa
1150 2177 1220 2220 cm
1232 2133 1376 2242 gggfffiss·

130 2241 256 2302 uilium:
278 2240 358 2302 idern
365 2245 483 2321 postea,
498 2241 544 2302 ita
558 2245 592 2302 ut
607 2241 753 2301 tramitae
766 2240 800 2300 in
813 2240 992 2301 sententiam
1012 2259 1110 2302 meum
1123 2242 1221 2305 videri

125 2329 242 2404 poscet,
258 2325 363 2388 tacuit.
406 2323 592 2396 Quiduadum
606 2323 676 2386 otiis
696 2321 847 2386 absentent
860 2341 985 2403 corpere
999 2324 1221 2404 imperatorne,

130 2427 222 2488 quom
230 2413 410 2490 presentem
424 2427 553 2485 nwncre,
566 2408 672 2472 melius
685 2409 782 2470 ulrum
794 2411 849 2470 eat.
891 2407 937 2470 Et
951 2407 1016 2486 tibi,
1032 2409 1071 2472 P.
1089 2409 1218 2487 Norico,

131 2498 162 2554 et
185 2495 360 2574 quicumque
380 2493 470 2570 idere,
484 2493 565 2573 quod
581 2498 623 2569 tu,
646 2492 791 2556 occultius
804 2497 972 2568 rennuunt,
989 2511 1049 2555 non
1068 2493 1222 2573 movebor

131 2577 259 2640 reddere
274 2577 377 2640 dilate
384 2596 496 2658 pieque
510 2578 668 2640 rationem.
711 2576 797 2640 Nam
810 2582 928 2638 tontum
942 2577 1036 2654 obeat,
1047 2583 1081 2639 ut
1095 2598 1142 2640 me
1155 2579 1222 2641 dea-

132 2665 226 2724 terne
241 2663 350 2742 quietio
356 2663 514 2742 permeat,
528 2667 562 2723 ut
574 2665 726 2724 emotum
748 2681 768 2724 c
789 2681 836 2724 me
855 2663 1020 2724 eeercitum
1042 2681 1077 2725 eo
1098 2665 1222 2726 coneilio

131 2745 265 2810 credam.
294 2747 328 2808 in
349 2767 410 2826 quo
429 2766 475 2810 me
489 2747 626 2828 opinione
649 2765 713 2808 eene
734 2765 771 2808 ne
794 2746 861 2826 quia
880 2747 945 2808 eine
967 2766 1076 2810 caueae
1090 2747 1223 2810 vestrim

131 2829 249 2907 credat,
263 2835 466 2912 recoqnoacat‚
481 2829 619 2912 uqedum,
633 2850 756 2906 mem,
766 2831 796 2892 ai
807 2831 936 2907 videtur,
951 2851 1042 2912 queem
1054 2833 1150 2894 multa
1158 2851 1221 2912 pro

130 2913 218 2978 doale
232 2920 262 2978 et
275 2915 421 2977 αάυενιιιι
435 2935 489 2977 noa
494 2913 625 2994 suerint.
666 2915 739 2977 Jcm
748 2915 879 2976 omnium
886 2916 1031 2994 primum,
1044 2915 1065 2946 ¹⁸
1075 2923 1222 2996 quantem

131 3017 257 3060 nummo
279 3018 333 3062 noa
350 2999 668 3079 montemacutum
691 3003 825 3062 vestrum
846 3017 901 3060 nec
921 3003 993 3061 onte
1013 3001 1178 3079 iquorem,
1193 3005 1224 3062 et

131 3083 273 3146 hertei-rw
288 3083 338 3145 die
362 3083 383 3116 ¹⁸
395 3083 594 3164 ιἰιρῖιόαίιιιιιο
608 3083 757 3146 intuentes
769 3082 865 3145 umen
884 3081 1142 3160 animadvertitur,
1158 3102 1224 3146 eer-

132 3171 198 3230 tum
213 3165 318 3230 ladem
360 3167 414 3230 Eu
428 3169 486 3230 truc
498 3171 604 3230 nortrc
614 3167 772 3247 paucitate
784 3171 895 3246 qeeurta
911 3185 990 3246 para
1003 3167 1132 3230 mittum
1140 3186 1223 3248 pre-

130 3250 212 3314 eidic
226 3251 436 3330 inpedimentis
447 3251 555 3314 relicta
566 3256 655 3318 erat:
678 3251 1223 3332 neciqrmoierimumquemquerelin·

132 3336 186 3415 qui
200 3335 243 3398 ad
256 3335 423 3400 natorum
436 3337 629 3403 turrinorum
642 3335 738 3400 scitia
783 3335 847 3398 Sed
852 3333 1005 3417 fuerimus
1018 3355 1128 3399 manea.
1144 3356 1224 3418 por·

132 3439 203 3480 uum
226 3421 282 3481 doc
305 3420 426 3481 tandem
448 3439 512 3482 esee
535 3420 694 3498 credimur,
709 3419 790 3500 quod
808 3439 847 3482 ee
867 3420 915 3482 tte
935 3421 1056 3498 castris,
1071 3421 1103 3483 in
1118 3421 1224 3502 quidue

133 3503 194 3565 duc
207 3507 293 3565 nocte
302 3505 476 3582 monmmua,
487 3505 601 3570 evitari
613 3505 646 3565 in
656 3505 751 3566 acino
764 3503 908 3566 hodierno
920 3511 974 3568 cut
983 3523 1129 3567 rammam
1141 3523 1224 3567 erca-

134 3587 199 3648 tino
213 3587 271 3664 die,
286 3589 315 3649 ri
328 3590 374 3649 itc
388 3587 549 3664 uidebitur,
563 3589 634 3650 Dite
649 3587 915 3667 beraejuoontibue,
929 3590 1059 3652 mimus?
1100 3590 1226 3652 Nihilne

133 3671 270 3748 intereat,
283 3677 387 3733 utrum
400 3673 536 3750 militem,
547 3691 633 3752 quem
643 3691 736 3752 neque
746 3673 801 3733 cie
814 3671 900 3734 labor
910 3673 1008 3748 tadu,
1023 3691 1116 3753 neque
1126 3674 1226 3754 operit

125 3751 323 3835 sntiqnmrd,
350 3757 526 3836 requietum,
552 3757 703 3838 iuteqrum
725 3755 759 3818 iu
780 3757 909 3818 tentorio
932 3776 986 3820 nto
1008 3777 1096 3819 annu
1119 3777 1226 3839 capere

168 3919 432 3986 kpiratercdie(terretur
445 3925 539 3985 Kreyaa.
621 3921 663 3973 let
674 3923 719 3972 del.
733 3927 805 3974 Gran.
886 3925 1123 3990 “mercatorem
1136 3928 1231 3989 Xreyea.

332 3995 346 4022 Ε
357 3991 462 4036 hesterna
474 3988 547 4035 Gron.
676 3995 689 4022 ⁰
700 3991 836 4050 erpttcatmt
848 3987 942 4050 llreyaa.
956 3989 1031 4038 netu.

171 4123 201 4172 ta
217 4125 334 4173 'Postero
351 4123 400 4188 die]
419 4127 490 4174 Reter
507 4127 557 4174 hee
572 4129 643 4176 rerba
659 4129 751 4176 adver·
778 4129 874 4176 Contuli
900 4143 930 4176 ex
955 4117 1085 4190 legionibus
1108 4129 1220 4177 Romania
1241 4135 1266 4176 at
1286 4128 1390 4178 exercitu

137 4192 193 4236 burn
205 4196 346 4237 manarent.
777 4193 856 4239 sociali
883 4201 950 4240 erant
978 4195 1152 4252 duodetriginta
1178 4193 1252 4238 millia
1275 4191 1391 4252 peditum,

170 4251 199 4300 lt
218 4249 373 4316 Adidquod]
392 4253 549 4316 Praeterquam
566 4255 636 4316 quod.
670 4255 753 4302 Stolo·
778 4257 883 4315 equitum
895 4257 950 4314 duo,
962 4265 988 4303 ut
1000 4257 1116 4316 colligitur
1131 4269 1159 4301 ea
1178 4255 1238 4302 eat
1251 4257 1267 4302 l.
1278 4255 1356 4302 xtu.
1367 4265 1391 4304 et

135 4325 204 4362 cutus
215 4323 250 4362 ert
265 4317 343 4363 Livius
354 4327 377 4364 et
388 4319 403 4364 l.
418 4319 464 4365 lll.
476 4333 496 4366 c.
507 4316 546 4365 62.
778 4333 797 4366 c.
809 4319 839 4368 2l
857 4321 926 4380 hujua
944 4321 1005 4368 libri.
1040 4321 1092 4366 llue
1109 4318 1169 4365 adde
1181 4333 1228 4366 uon
1239 4333 1325 4380 magna
1334 4333 1392 4367 tana

171 4379 200 4426 tt
219 4381 333 4429 Quantum
351 4397 441 4428 nurnero
455 4399 494 4429 aaa
513 4379 635 4444 praeterit]
653 4382 752 4428 Peraean
779 4385 850 4429 Attali
863 4391 886 4430 et
900 4383 1025 4444 Misagenia
1036 4382 1130 4428 auxilia.

135 4444 231 4503 aupral.
245 4443 323 4490 XLII.
336 4459 354 4491 c.
363 4445 401 4501 dl.
414 4447 499 4492 dicitur
510 4447 618 4494 habuisse
631 4447 752 4506 undequa-
812 4445 841 4493 16
858 4447 999 4507 Inplicatcm
1010 4443 1211 4509 iutueateraelear]
1229 4447 1302 4496 Recta
1310 4460 1391 4496 emto·

135 4507 246 4566 draginta
272 4509 378 4568 pedltunt
406 4509 488 4565 minu,
510 4519 610 4571 quatuor
638 4509 752 4570 equitum.
779 4509 1113 4570 datGrouoriuaerplicotnar.
