3094 4954
204 305 266 374 162
776 293 868 358 'l'l'l'l
902 295 1017 358 LlVll

205 463 272 512 uc.
285 461 338 510 tta
368 447 411 512 ob
436 465 590 524 causum,
610 442 724 508 Samni
741 442 949 508 desciverunt.
994 442 1079 509 Quia
1097 447 1278 526 opportuno
1291 439 1363 504 loco
1377 441 1457 505 urbs

206 529 234 576 Α·
247 527 273 574 ⁰·
288 525 340 574 ¹⁸2
368 529 473 681 ma
486 537 580 608 esset,
593 527 737 592 timuisse
753 548 786 590 se
800 527 935 606 aiebant,
951 547 992 590 ue
1013 525 1187 610 demigrare
1209 533 1398 610 cogerentur
1415 527 1457 590 ab

207 592 291 639 Ssmci

207 655 346 702 desciscunt.

453 613 531 680 auis.
557 621 698 678 oetemm
711 611 813 710 ipsine
825 611 886 675 sibi
899 633 973 674 eum
987 611 1136 674 linxerint
1150 617 1282 689 metum,
1298 617 1330 673 et
1343 611 1458 674 timore

369 721 451 764 vano
473 699 611 782 quietem
634 704 788 774 exuunt,
811 717 852 758 an
867 695 986 780 jactata
1006 694 1205 758 sermonibus
1225 715 1276 758 res
1290 696 1377 779 apud
1392 697 1458 757 Ro-

369 804 482 848 manos
494 782 614 867 perlata
628 781 669 844 ad
683 801 736 844 eos
750 781 802 857 sit,
816 779 896 842 nihil
910 779 1064 864 comperti
1085 786 1152 842 ests
1175 778 1237 841 nisi
1257 779 1353 863 quod,
1374 779 1457 842 datis

366 868 435 954 jam
448 866 622 944 obsidibus,
635 872 764 962 repente
779 871 887 948 portas
902 863 1083 927 clauserunt
1091 887 1101 942 3
1123 871 1156 926 et
1178 884 1217 926 ne
1234 884 1365 926 suorum
1386 865 1459 946 qui·

372 953 445 1017 dem
457 950 604 1036 precibus
621 951 760 1032 (miserat
772 947 857 1011 euim
870 947 930 1011 sub
944 968 1053 1011 muros
1075 947 1186 1010 consul
1208 947 1250 1010 ad
1273 947 1459 1010 tentandam

373 1034 619 1101 misericordiam
655 1040 801 1096 arentum
818 1032 1093 1116 populariumque)
1111 1031 1261 1094 desistere
1275 1031 1315 1094 ab
1330 1031 1458 1116 incepto

211 1127 355 1184 oapugnsu-
373 1121 553 1186 voluenrnt.
596 1055 695 1202 inu
740 1116 786 1180 ari
799 1117 922 1194 deinde,
935 1123 1105 1201 postquam
1119 1115 1199 1178 nihil
1212 1115 1317 1200 pacati
1327 1137 1459 1200 respon-

211 1197 257 1236 ‘'¹¹·
375 1204 519 1281 debatur,
541 1209 646 1286 coepta
669 1222 747 1266 urs
773 1209 830 1264 est.
867 1201 1052 1286 adparatum
1078 1221 1205 1263 omnem
1227 1209 1459 1263 tormentorum

374 1287 654 1370 machinarumque
688 1293 903 1349 transvectum
936 1285 977 1348 ab
1008 1284 1185 1348 Ambracia
1221 1283 1459 1368 obpugnatione

375 1372 531 1438 habebat:
555 1379 587 1434 et
608 1391 713 1455 opera,
728 1391 800 1452 quse
823 1369 966 1434 facienda
988 1377 1086 1447 erant,
1108 1368 1231 1453 inpigre
1249 1369 1365 1432 milites
1387 1391 1461 1454 per·

375 1457 528 1524 iecerunt.
546 1455 671 1520 duobus
685 1453 783 1538 igitur
795 1453 872 1516 locis
886 1453 1005 1518 admoti
1019 1453 1129 1516 arietes
1143 1453 1325 1536 quatiebant
1338 1475 1459 1517 mmos.

419 1540 550 1606 XXIX.
572 1540 641 1602 Nec
666 1537 706 1602 ab
736 1537 866 1602 Samaeis
894 1537 1076 1622 quidquam,
1104 1559 1169 1620 quo
1195 1545 1251 1600 aut
1277 1559 1382 1622 opera,
1404 1546 1461 1600 aut

377 1625 478 1690 hostis
491 1623 587 1688 arceri
602 1629 719 1707 posset,
732 1621 980 1705 praetermissum
994 1629 1053 1686 est.
1074 1622 1198 1685 duabus
1208 1631 1313 1685 tamen
1323 1622 1460 1686 maxime

377 1707 565 1772 resistebant
590 1707 704 1769 rebus:
726 1727 800 1784 una,
828 1705 1009 1770 interiorem
1038 1727 1162 1790 semper
1190 1707 1200 1738 ⁴
1206 1707 1300 1791 juxta
1320 1707 1460 1770 validum

376 1813 435 1877 pro
458 1791 563 1854 diruto
586 1811 706 1856 novum
726 1790 926 1856 obstruentes
947 1812 1094 1870 murum;
1116 1791 1222 1869 altera,
1242 1791 1460 1876 eruptionibus

378 1875 502 1954 subitis,
516 1874 649 1940 nuncin
663 1895 758 1959 opera
772 1875 922 1953 hostium,
937 1897 1023 1940 nunc
1037 1875 1071 1937 in
1082 1875 1243 1939 stationes,
1279 1885 1311 1938 et
1322 1875 1461 1960 plerum

378 1981 439 2044 que
452 1960 491 2022 iis
505 1959 625 2044 proeliis
641 1959 817 2043 superiores
832 1967 931 2026 erant.
976 1959 1051 2023 Una
1069 1959 1109 2022 sd
1126 1959 1314 2024 coercendos
1333 1961 1462 2023 inventa

377 2045 464 2110 haud
478 2065 594 2128 magna
607 2051 783 2108 memoratu
795 2065 845 2108 res
860 2051 919 2108 est.
962 2043 1101 2108 Centum
1121 2044 1295 2108 funditores
1310 2044 1349 2108 ab
1364 2045 1460 2128 AEgio

378 2137 411 2194 et
426 2129 527 2192 Patris
542 2136 574 2192 et
586 2127 701 2214 Dymis
713 2128 817 2192 adciti.
860 2129 891 2192 A
913 2128 1021 2212 pueris
1038 2128 1071 2206 ii,
1092 2149 1178 2192 more
1198 2129 1334 2212 quodam
1347 2129 1461 2213 gentis,

380 2213 463 2278 suxis
478 2213 627 2299 globosis,
642 2213 758 2297 quibus
772 2213 868 2276 ferme
882 2233 984 2292 arenoe
1001 2211 1143 2278 inmixtis
1157 2221 1256 2276 strata
1269 2213 1362 2276 litora
1375 2222 1462 2291 sunt,

380 2299 481 2364 lunda
492 2319 578 2362 mare
592 2305 738 2383 apertum
752 2297 953 2376 incessentes,
965 2297 1199 2362 exercebantur.
1221 2298 1326 2381 itaque
1336 2297 1461 2381 longius

218 2397 358 2446 susurrores
382 2384 559 2466 certiusque
574 2391 607 2446 et
615 2382 763 2446 validiore
777 2382 854 2460 ictu,
869 2404 965 2465 quatu
978 2381 1109 2448 Baliaris
1122 2382 1273 2460 funditor,
1287 2403 1324 2445 eo
1337 2381 1400 2445 telo
1411 2382 1463 2445 usi

218 2461 306 2510 sehet.
382 2475 467 2532 sunt.
504 2476 536 2530 ct
551 2474 600 2530 est
618 2487 682 2530 non
700 2465 851 2549 simplicis
870 2467 1013 2544 habenoe,
1033 2474 1070 2530 ut
1093 2467 1247 2530 Baliarica
1268 2467 1462 2550 aliarumque

381 2551 525 2635 gentium
539 2549 656 2612 funda:
680 2549 736 2612 sed
750 2550 884 2634 ‘triplex
900 2551 1029 2630 scutale,
1044 2551 1160 2616 crebris
1175 2551 1293 2615 suturis
1304 2552 1462 2628 duratum,

381 2655 421 2698 ne
434 2633 539 2696 ‘fluxa
553 2633 676 2698 habena
689 2633 849 2698 volutetur
861 2635 895 2697 in
904 2635 993 2719 jactu
1007 2635 1118 2720 glaua3
1136 2635 1223 2714 ἰαὶ,
1238 2637 1350 2700 librata
1363 2659 1461 2720 quum

381 2717 506 2795 sederit,
520 2715 607 2780 velut
622 2737 718 2780 nervo
733 2717 828 2783 missa
841 2721 1028 2784 excutiatur.
1064 2742 1195 2786 coronas
1217 2721 1334 2784 modici
1355 2721 1462 2786 circuli

379 2822 495 2886 magno
510 2823 550 2864 ex
569 2801 733 2866 intervallo
753 2803 813 2869 loci
833 2803 955 2872 sdsueti
977 2805 1128 2890 trajicere,
1149 2827 1214 2870 uon
1235 2807 1339 2890 capita
1360 2805 1463 2868 solum

379 2885 520 2950 hostium
534 2886 752 2964 vulnerabant,
766 2888 822 2952 sed
836 2911 931 2972 quem
945 2889 1051 2956 locum
1064 2891 1274 2956 destinassent
1289 2890 1361 2954 oris.
1405 2891 1462 2954 Eae

380 2971 487 3036 fundae
503 2971 642 3038 Samaeos
657 2971 876 3052 cohibuenmt,
892 2995 932 3038 ne
945 2983 1010 3038 tam
1022 2974 1141 3052 crebro,
1150 2995 1227 3038 neve
1238 2983 1303 3038 tam
1316 2975 1465 3038 audacter

380 3077 470 3120 erum
511 3065 600 3122 rente
617 3057 739 3122 adeout
748 3067 950 3142 precarentur
959 3079 999 3120 ex
1008 3059 1260 3138 murisAchaeos,
1270 3063 1463 3143 ut‘parum-

380 3163 471 3228 pera
493 3141 674 3220 scedereut3
697 3149 729 3204 et
749 3163 792 3221 se,
809 3163 883 3206 cum
904 3143 1055 3210 Romanis
1071 3143 1259 3208 stationibus
1273 3151 1463 3230 pugnantes,

381 3224 486 3308 quiete
500 3233 687 3309 spectarent.
731 3225 877 3292 Quatuor
896 3249 1020 3290 menses
1040 3228 1237 3293 obsidionem
1257 3228 1348 3292 Sume
1369 3229 1464 3292 susti-

381 3307 464 3374 nuit.
505 3309 623 3392 'quum
638 3329 678 3372 ex
692 3311 801 3394 paucis
823 3311 963 3394 quotidie
985 3311 1081 3396 aliqui
1103 3335 1212 3378 eorum
1232 3313 1388 3391 caderent,
1409 3321 1465 3376 aut

380 3393 630 3472 vulnerarentur,
653 3402 695 3474 et,
710 3394 765 3478 qui
780 3404 973 3480 superarent,
989 3397 1104 3462 fessiet
1114 3419 1151 3460 co
1191 3397 1299 3462 oribus
1310 3405 1342 3460 et
1351 3397 1464 3460 animis

382 3485 507 3556 essent3
530 3477 665 3544 Romani
694 3487 786 3544 noete
814 3501 871 3564 per
894 3501 1007 3560 arcem,
1030 3503 1125 3564 quam
1178 3481 1317 3564 yatidem
1338 3490 1463 3560 vocant,

385 3561 412 3643 (¹
421 3582 495 3626 narn
508 3562 597 3642 urbs,
607 3563 641 3626 in
655 3584 741 3626 mare
756 3564 883 3643 devexa,
896 3565 929 3627 in
940 3564 1134 3628 occidentem
1143 3565 1255 3650 vergit)
1268 3587 1359 3630 muro
1371 3587 1464 3654 supe-

832 3684 877 3735 ‘st
888 3688 934 3734 del.
945 3688 1020 3734 Bekh.
1100 3679 1103 3690 '

251 3797 474 3864 elusanus-a]
492 3801 535 3850 Vel
543 3815 610 3864 reque
619 3801 765 3858 validusque
776 3802 825 3862 pri·
857 3803 1010 3849 runtscstsle
1026 3801 1175 3861 interpretari
1192 3801 1295 3848 mediam
1311 3800 1391 3852 lunda
1409 3815 1464 3860 par-

220 3877 298 3912 erem:
315 3865 352 3910 vel
357 3863 428 3926 justa
439 3863 484 3912 erit
494 3879 575 3928 prope,
585 3879 640 3912 eum
651 3865 739 3912 scilicet
749 3865 825 3912 locum
857 3873 913 3919 tem,
924 3865 949 3912 in
961 3880 1007 3925 qus
1018 3865 1077 3925 lepis
1089 3865 1190 3924 ponitur.
1219 3865 1272 3912 vid.
1284 3864 1380 3913 Mutia
1393 3865 1464 3912 beri·

221 3929 261 3976 ubi
273 3927 336 3988 prior
347 3942 429 3974 usurus
440 3927 522 3976 luerat
857 3943 899 3976 con
912 3929 936 3974 ln
948 3929 992 3974 hac
1002 3943 1064 3976 voce.

253 3993 269 4039 b
288 3991 379 4052 Triplex
390 3989 487 4050 scutale]
506 3992 592 4038 Vocem
603 3993 696 4046 merle,
705 4007 756 4052 qun
768 4007 824 4038 nus-
888 3992 904 4039 6
921 3987 1117 4051 Ἠιιιιιὴιὶιιιια]
1130 3993 1154 4038 Si
1163 3993 1255 4040 habens
1263 3993 1341 4038 minus
1350 3991 1417 4038 firma
1425 3992 1462 4038 sit.

221 4071 291 4118 quam
318 4055 413 4102 sortasse
440 4055 495 4100 slibi
520 4056 643 4114 reperitur,
664 4057 787 4102 Turnebus
808 4055 823 4102 l.
888 4055 965 4110 7Sed
976 4057 1061 4102 librata
1069 4071 1136 4116 qsssss
1145 4051 1241 4115 sederit]
1260 4056 1305 4102 Sed
1314 4071 1387 4115 quum
1395 4056 1462 4114 glans

222 4119 286 4166 xlv.
300 4119 395 4166 Adsere
413 4134 431 4166 a
446 4119 483 4174 11.
496 4129 520 4166 et
532 4117 625 4178 Lipsius
641 4119 655 4164 l.
669 4119 709 4166 lV.
728 4119 823 4166 l’oliore.
855 4119 967 4166 manserit
978 4121 1074 4166 immota
1085 4120 1110 4166 in
1121 4119 1202 4176 fundo,
1211 4120 1267 4166 dum
1278 4120 1376 4166 libratur
1388 4127 1463 4168 rotsts

222 4183 283 4230 Dlsl.
297 4183 320 4238 ³,
338 4183 454 4243 scclpiunt
472 4197 514 4242 pro
533 4183 584 4244 ipss
600 4183 698 4228 habens.
732 4183 823 4230 Nomen
856 4183 960 4230 habens.

222 4247 346 4294 Turnebus
365 4247 419 4294 inde
439 4257 518 4293 natum
536 4246 660 4300 existimat.
673 4247 735 4304 quod
753 4260 782 4292 es
796 4261 823 4292 eo
888 4247 903 4293 8
923 4248 995 4296 quss
1016 4261 1044 4294 ss
1063 4249 1143 4306 paucis
1164 4247 1264 4308 quotidie
1288 4248 1361 4307 cltqss'
1387 4261 1462 4296 somn

221 4325 307 4371 genere
326 4311 389 4364 corii,
408 4325 438 4358 ex
456 4325 503 4371 quo
520 4317 592 4365 scuta,
612 4309 765 4356 conficeretur
782 4309 823 4356 ills
856 4307 975 4370 caderent]
994 4309 1252 4358 liedundatrdeorssn.
1341 4343 1345 4348 ·

220 4375 319 4421 hebens.
348 4373 823 4435 Noss,inquitidem,stopsd1²slybtsss
886 4371 1004 4422 O'Noss
1033 4369 1100 4433 urbs]
1129 4375 1238 4424 Quonam
1266 4373 1384 4432 pertineat
1411 4373 1462 4420 hsec

223 4444 262 4491 nt.
273 4441 370 4485 exterior
387 4443 447 4486 scsts‘
457 4435 533 4498 socies
549 4439 609 4484 esrio
624 4437 717 4484 ss'tuls'so
728 4439 823 4484 obducta
853 4437 1007 4496 parenthesis,
1019 4437 1082 4484 unde
1090 4439 1199 4496 pendeat,
1212 4437 1312 4484 hamur
1324 4451 1366 4483 uos
1378 4451 1461 4496 parurn

263 4507 278 4546 ⁴.
310 4502 413 4562 Scallger
429 4511 454 4549 et
474 4501 597 4550 Marcellus
610 4499 715 4552 Donatus
732 4499 821 4548 malue-
854 4501 941 4548 videre.
974 4499 1071 4560 Aliquid
1083 4499 1121 4548 hic
1132 4501 1246 4548 excidisse
1256 4499 1412 4560 suspicemur.
