<?xml version="1.0" encoding="UTF-8"?>
<!DOCTYPE html PUBLIC "-//W3C//DTD XHTML 1.0 Transitional//EN"
    "http://www.w3.org/TR/xhtml1/DTD/xhtml1-transitional.dtd">
<html xmlns="http://www.w3.org/1999/xhtml" xml:lang="en" lang="en">
 <head>
  <title>
</title>
<meta http-equiv="Content-Type" content="text/html;charset=utf-8" />
  <meta name='ocr-system' content='tesseract 3.04.00' />
  <meta name='ocr-capabilities' content='ocr_page ocr_carea ocr_par ocr_line ocrx_word'/>
</head>
<body>
  <div class='ocr_page' id='page_1' title='image "./tliviipatavinih01crevgoog/tliviipatavinih01crevgoog_0527.png"; bbox 0 0 3070 4962; ppageno 0'>
   <div class='ocr_carea' id='block_1_1' title="bbox 464 315 865 380">
    <p class='ocr_par' dir='ltr' id='par_1_1' title="bbox 464 315 865 380">
     <span class='ocr_line' id='line_1_1' title="bbox 464 315 865 380; baseline 0 0"><span class='ocrx_word' id='word_1_1' title='bbox 464 315 646 380; x_wconf 85' lang='lat' dir='ltr'><strong>LIBROR.</strong></span> <span class='ocrx_word' id='word_1_2' title='bbox 669 315 865 380; x_wconf 82' lang='lat' dir='ltr'><strong>DEPERD.</strong></span> 
     </span>
    </p>
   </div>
   <div class='ocr_carea' id='block_1_2' title="bbox 160 619 1205 882">
    <p class='ocr_par' dir='ltr' id='par_1_2' title="bbox 160 619 1205 882">
     <span class='ocr_line' id='line_1_2' title="bbox 622 619 701 690; baseline -0.025 0"><span class='ocrx_word' id='word_1_3' title='bbox 622 619 701 690; x_wconf 85' lang='lat' dir='ltr'><em>LX.</em></span> 
     </span>
     <span class='ocr_line' id='line_1_3' title="bbox 160 794 1205 882; baseline 0.007 -24"><span class='ocrx_word' id='word_1_4' title='bbox 160 797 199 859; x_wconf 86' lang='lat' dir='ltr'><em>L.</em></span> <span class='ocrx_word' id='word_1_5' title='bbox 212 797 357 860; x_wconf 87' lang='lat' dir='ltr'><em>Aurelius</em></span> <span class='ocrx_word' id='word_1_6' title='bbox 372 797 476 859; x_wconf 88' lang='lat' dir='ltr'><em>consul</em></span> <span class='ocrx_word' id='word_1_7' title='bbox 484 794 505 830; x_wconf 80' lang='lat'><em>&#39;⁴</em></span> <span class='ocrx_word' id='word_1_8' title='bbox 517 796 695 860; x_wconf 69' lang='lat' dir='ltr'><em>rebellantes</em></span> <span class='ocrx_word' id='word_1_9' title='bbox 706 797 955 882; x_wconf 72' lang='lat' dir='ltr'><em>Sardossubeqit.</em></span> <span class='ocrx_word' id='word_1_10' title='bbox 986 799 1006 832; x_wconf 79' lang='lat'><em>&#39;⁵</em></span> <span class='ocrx_word' id='word_1_11' title='bbox 1016 801 1064 864; x_wconf 86' lang='grc' dir='ltr'><em>Μ.</em></span> <span class='ocrx_word' id='word_1_12' title='bbox 1079 802 1205 864; x_wconf 73' lang='lat' dir='ltr'><em>Maius</em></span> 
     </span>
    </p>
   </div>
   <div class='ocr_carea' id='block_1_3' title="bbox 7 875 1198 963">
    <p class='ocr_par' dir='ltr' id='par_1_3' title="bbox 7 875 1198 963">
     <span class='ocr_line' id='line_1_4' title="bbox 7 875 1198 963; baseline 0.007 -22"><span class='ocrx_word' id='word_1_13' title='bbox 7 875 8 950; x_wconf 75' lang='lat' dir='ltr'>J</span> <span class='ocrx_word' id='word_1_14' title='bbox 116 879 368 962; x_wconf 81' lang='lat' dir='ltr'><em>Flacceuprimus</em></span> <span class='ocrx_word' id='word_1_15' title='bbox 380 881 730 962; x_wconf 66' lang='lat' dir='ltr'><em>lbonsaboinosloioures</em></span> <span class='ocrx_word' id='word_1_16' title='bbox 741 881 814 944; x_wconf 89' lang='lat' dir='ltr'><em>bello</em></span> <span class='ocrx_word' id='word_1_17' title='bbox 824 883 947 963; x_wconf 65' lang='lat' dir='ltr'><em>munit,</em></span> <span class='ocrx_word' id='word_1_18' title='bbox 958 887 1066 948; x_wconf 71' lang='lat' dir='ltr'><em>musae</em></span> <span class='ocrx_word' id='word_1_19' title='bbox 1075 887 1107 948; x_wconf 90' lang='lat' dir='ltr'><em>in</em></span> <span class='ocrx_word' id='word_1_20' title='bbox 1116 887 1198 948; x_wconf 79' lang='lat' dir='ltr'><em>auci</em></span> 
     </span>
    </p>
   </div>
   <div class='ocr_carea' id='block_1_4' title="bbox 117 965 1204 1136">
    <p class='ocr_par' dir='ltr' id='par_1_4' title="bbox 117 965 1204 1136">
     <span class='ocr_line' id='line_1_5' title="bbox 119 965 1204 1050; baseline 0.006 -25"><span class='ocrx_word' id='word_1_21' title='bbox 119 965 194 1026; x_wconf 89' lang='lat' dir='ltr'><em>lium</em></span> <span class='ocrx_word' id='word_1_22' title='bbox 209 965 453 1027; x_wconf 84' lang='lat' dir='ltr'><em>Massiliensibus</em></span> <span class='ocrx_word' id='word_1_23' title='bbox 467 966 611 1028; x_wconf 74' lang='lat' dir='ltr'><em>oduerm</em></span> <span class='ocrx_word' id='word_1_24' title='bbox 626 967 778 1028; x_wconf 85' lang='lat' dir='ltr'><em>Salluuios</em></span> <span class='ocrx_word' id='word_1_25' title='bbox 795 967 909 1046; x_wconf 88' lang='lat' dir='ltr'><em>Gallos,</em></span> <span class='ocrx_word' id='word_1_26' title='bbox 924 971 976 1050; x_wconf 85' lang='lat' dir='ltr'><em>qui</em></span> <span class='ocrx_word' id='word_1_27' title='bbox 991 969 1073 1050; x_wconf 84' lang='lat' dir='ltr'><em>fines</em></span> <span class='ocrx_word' id='word_1_28' title='bbox 1087 971 1204 1032; x_wconf 86' lang='lat' dir='ltr'><em>Massi-</em></span> 
     </span>
     <span class='ocr_line' id='line_1_6' title="bbox 117 1047 1203 1136; baseline 0.006 -27"><span class='ocrx_word' id='word_1_29' title='bbox 117 1047 256 1110; x_wconf 75' lang='lat' dir='ltr'><em>liensiem</em></span> <span class='ocrx_word' id='word_1_30' title='bbox 264 1049 499 1130; x_wconf 80' lang='lat' dir='ltr'><em>populabantur.</em></span> <span class='ocrx_word' id='word_1_31' title='bbox 543 1049 580 1111; x_wconf 88' lang='lat' dir='ltr'><em>L.</em></span> <span class='ocrx_word' id='word_1_32' title='bbox 599 1051 735 1130; x_wconf 82' lang='lat' dir='ltr'><em>Opimisce</em></span> <span class='ocrx_word' id='word_1_33' title='bbox 741 1057 861 1131; x_wconf 81' lang='lat' dir='ltr'><em>prator</em></span> <span class='ocrx_word' id='word_1_34' title='bbox 873 1053 1066 1136; x_wconf 71' lang='lat' dir='ltr'><em>Freyellanas</em></span> <span class='ocrx_word' id='word_1_35' title='bbox 1084 1055 1136 1134; x_wconf 85' lang='lat' dir='ltr'><em>qui</em></span> <span class='ocrx_word' id='word_1_36' title='bbox 1152 1054 1203 1116; x_wconf 89' lang='lat' dir='ltr'><em>de·</em></span> 
     </span>
    </p>
   </div>
   <div class='ocr_carea' id='block_1_5' title="bbox 7 1131 1203 1216">
    <p class='ocr_par' dir='ltr' id='par_1_5' title="bbox 7 1131 1203 1216">
     <span class='ocr_line' id='line_1_7' title="bbox 7 1131 1203 1216; baseline 0.006 -23"><span class='ocrx_word' id='word_1_37' title='bbox 7 1189 8 1200; x_wconf 71' lang='grc'>,</span> <span class='ocrx_word' id='word_1_38' title='bbox 107 1131 262 1212; x_wconf 82' lang='lat' dir='ltr'><em>jecerant,</em></span> <span class='ocrx_word' id='word_1_39' title='bbox 278 1135 311 1195; x_wconf 91' lang='lat' dir='ltr'><em>in</em></span> <span class='ocrx_word' id='word_1_40' title='bbox 325 1133 505 1196; x_wconf 89' lang='lat' dir='ltr'><em>deditionem</em></span> <span class='ocrx_word' id='word_1_41' title='bbox 518 1135 644 1214; x_wconf 82' lang='lat' dir='ltr'><em>accepit,</em></span> <span class='ocrx_word' id='word_1_42' title='bbox 657 1135 811 1216; x_wconf 69' lang='lat' dir='ltr'><em>lleyetlas</em></span> <span class='ocrx_word' id='word_1_43' title='bbox 825 1135 930 1199; x_wconf 88' lang='lat' dir='ltr'><em>diruit.</em></span> <span class='ocrx_word' id='word_1_44' title='bbox 974 1139 1155 1200; x_wconf 70' lang='lat' dir='ltr'><strong><em>Pestilentia</em></strong></span> <span class='ocrx_word' id='word_1_45' title='bbox 1170 1139 1203 1200; x_wconf 88' lang='lat' dir='ltr'><em>in</em></span> 
     </span>
    </p>
   </div>
   <div class='ocr_carea' id='block_1_6' title="bbox 114 1214 1203 1382">
    <p class='ocr_par' dir='ltr' id='par_1_6' title="bbox 114 1214 1203 1382">
     <span class='ocr_line' id='line_1_8' title="bbox 115 1214 1203 1298; baseline 0.006 -20"><span class='ocrx_word' id='word_1_46' title='bbox 115 1214 229 1296; x_wconf 83' lang='lat' dir='ltr'><em>Africa</em></span> <span class='ocrx_word' id='word_1_47' title='bbox 243 1217 282 1280; x_wconf 91' lang='lat' dir='ltr'><em>ab</em></span> <span class='ocrx_word' id='word_1_48' title='bbox 305 1218 419 1298; x_wconf 68' lang='lat' dir='ltr'><em>inqenti</em></span> <span class='ocrx_word' id='word_1_49' title='bbox 442 1219 625 1280; x_wconf 66' lang='lat' dir='ltr'><em>indutarum</em></span> <span class='ocrx_word' id='word_1_50' title='bbox 646 1219 847 1297; x_wconf 87' lang='lat' dir='ltr'><em>multitudine,</em></span> <span class='ocrx_word' id='word_1_51' title='bbox 862 1227 891 1282; x_wconf 92' lang='lat' dir='ltr'><em>et</em></span> <span class='ocrx_word' id='word_1_52' title='bbox 905 1222 1012 1284; x_wconf 80' lang='lat' dir='ltr'><em>deinde</em></span> <span class='ocrx_word' id='word_1_53' title='bbox 1026 1228 1203 1284; x_wconf 88' lang='lat' dir='ltr'><em>necatarum</em></span> 
     </span>
     <span class='ocr_line' id='line_1_9' title="bbox 114 1301 1201 1382; baseline 0.006 -20"><span class='ocrx_word' id='word_1_54' title='bbox 114 1305 230 1382; x_wconf 71' lang='lat' dir='ltr'><em>struae,</em></span> <span class='ocrx_word' id='word_1_55' title='bbox 245 1301 346 1381; x_wconf 82' lang='lat' dir='ltr'><em>fisisee</em></span> <span class='ocrx_word' id='word_1_56' title='bbox 369 1302 513 1364; x_wconf 84' lang='lat' dir='ltr'><em>traditur.</em></span> <span class='ocrx_word' id='word_1_57' title='bbox 556 1303 701 1364; x_wconf 77' lang='lat' dir='ltr'><em>bustrum</em></span> <span class='ocrx_word' id='word_1_58' title='bbox 727 1323 746 1364; x_wconf 92' lang='lat' dir='ltr'><em>a</em></span> <span class='ocrx_word' id='word_1_59' title='bbox 771 1305 943 1367; x_wconf 68' lang='lat' dir='ltr'><em>censoribus</em></span> <span class='ocrx_word' id='word_1_60' title='bbox 972 1307 1124 1368; x_wconf 88' lang='lat' dir='ltr'><em>conditum</em></span> <span class='ocrx_word' id='word_1_61' title='bbox 1147 1312 1201 1369; x_wconf 88' lang='lat' dir='ltr'><em>est.</em></span> 
     </span>
    </p>
   </div>
   <div class='ocr_carea' id='block_1_7' title="bbox 119 1385 1202 1471">
    <p class='ocr_par' dir='ltr' id='par_1_7' title="bbox 119 1385 1202 1471">
     <span class='ocr_line' id='line_1_10' title="bbox 119 1385 1202 1471; baseline 0.007 -25"><span class='ocrx_word' id='word_1_62' title='bbox 119 1385 217 1446; x_wconf 82' lang='lat' dir='ltr'><em>Gerasa</em></span> <span class='ocrx_word' id='word_1_63' title='bbox 230 1392 299 1448; x_wconf 82' lang='lat' dir='ltr'><em>sunt</em></span> <span class='ocrx_word' id='word_1_64' title='bbox 314 1385 421 1448; x_wconf 87' lang='lat' dir='ltr'><em>ciuium</em></span> <span class='ocrx_word' id='word_1_65' title='bbox 441 1388 543 1466; x_wconf 86' lang='lat' dir='ltr'><em>capita</em></span> <span class='ocrx_word' id='word_1_66' title='bbox 566 1392 701 1449; x_wconf 86' lang='lat' dir='ltr'><em>trecenta</em></span> <span class='ocrx_word' id='word_1_67' title='bbox 724 1391 889 1469; x_wconf 74' lang='lat' dir='ltr'><em>amsayintc</em></span> <span class='ocrx_word' id='word_1_68' title='bbox 903 1391 1000 1452; x_wconf 86' lang='lat' dir='ltr'><em>millia</em></span> <span class='ocrx_word' id='word_1_69' title='bbox 1014 1391 1202 1471; x_wconf 65' lang='lat' dir='ltr'><em>septimenta</em></span> 
     </span>
    </p>
   </div>
   <div class='ocr_carea' id='block_1_8' title="bbox 103 1469 1202 2566">
    <p class='ocr_par' dir='ltr' id='par_1_8' title="bbox 103 1469 1202 2566">
     <span class='ocr_line' id='line_1_11' title="bbox 115 1469 1202 1556; baseline 0.006 -25"><span class='ocrx_word' id='word_1_70' title='bbox 115 1469 247 1550; x_wconf 70' lang='lat' dir='ltr'><em>triointa</em></span> <span class='ocrx_word' id='word_1_71' title='bbox 265 1489 328 1532; x_wconf 82' lang='lat' dir='ltr'><em>sea.</em></span> <span class='ocrx_word' id='word_1_72' title='bbox 375 1471 408 1532; x_wconf 86' lang='lat' dir='ltr'><em>G.</em></span> <span class='ocrx_word' id='word_1_73' title='bbox 430 1471 596 1548; x_wconf 86' lang='lat' dir='ltr'><em>Graccbns,</em></span> <span class='ocrx_word' id='word_1_74' title='bbox 614 1471 726 1533; x_wconf 76' lang='lat' dir='ltr'><em>liberii</em></span> <span class='ocrx_word' id='word_1_75' title='bbox 738 1471 854 1551; x_wconf 89' lang='lat' dir='ltr'><em>srater,</em></span> <span class='ocrx_word' id='word_1_76' title='bbox 874 1473 1131 1556; x_wconf 83' lang='lat' dir='ltr'><em>tribunusplebis,</em></span> <span class='ocrx_word' id='word_1_77' title='bbox 1142 1476 1202 1538; x_wconf 92' lang='lat' dir='ltr'><em>elo-</em></span> 
     </span>
     <span class='ocr_line' id='line_1_12' title="bbox 114 1552 1202 1639; baseline 0.006 -24"><span class='ocrx_word' id='word_1_78' title='bbox 114 1555 257 1632; x_wconf 81' lang='lat' dir='ltr'><em>quentior</em></span> <span class='ocrx_word' id='word_1_79' title='bbox 269 1552 480 1635; x_wconf 82' lang='lat' dir='ltr'><em>qucmsrater‚</em></span> <span class='ocrx_word' id='word_1_80' title='bbox 492 1556 678 1635; x_wconf 68' lang='lat' dir='ltr'><em>perniciosas</em></span> <span class='ocrx_word' id='word_1_81' title='bbox 692 1556 808 1636; x_wconf 75' lang='lat' dir='ltr'><em>aliquot</em></span> <span class='ocrx_word' id='word_1_82' title='bbox 823 1559 901 1638; x_wconf 68' lang='lat' dir='ltr'><em>leues</em></span> <span class='ocrx_word' id='word_1_83' title='bbox 916 1561 1007 1621; x_wconf 87' lang='lat' dir='ltr'><em>tulit:</em></span> <span class='ocrx_word' id='word_1_84' title='bbox 1030 1561 1111 1622; x_wconf 88' lang='lat' dir='ltr'><em>inter</em></span> <span class='ocrx_word' id='word_1_85' title='bbox 1125 1579 1202 1639; x_wconf 86' lang='lat' dir='ltr'><em>quas</em></span> 
     </span>
     <span class='ocr_line' id='line_1_13' title="bbox 103 1635 1199 1726; baseline 0.006 -27"><span class='ocrx_word' id='word_1_86' title='bbox 103 1635 358 1716; x_wconf 76' lang='lat' dir='ltr'><em>frumentariam,</em></span> <span class='ocrx_word' id='word_1_87' title='bbox 367 1647 405 1700; x_wconf 91' lang='lat' dir='ltr'><em>ut</em></span> <span class='ocrx_word' id='word_1_88' title='bbox 415 1635 436 1670; x_wconf 82' lang='lat'><em>&#39;⁸</em></span> <span class='ocrx_word' id='word_1_89' title='bbox 444 1639 572 1702; x_wconf 88' lang='lat' dir='ltr'><em>semisse</em></span> <span class='ocrx_word' id='word_1_90' title='bbox 588 1647 620 1702; x_wconf 91' lang='lat' dir='ltr'><em>et</em></span> <span class='ocrx_word' id='word_1_91' title='bbox 628 1639 742 1702; x_wconf 88' lang='lat' dir='ltr'><em>triente</em></span> <span class='ocrx_word' id='word_1_92' title='bbox 753 1639 949 1704; x_wconf 90' lang='lat' dir='ltr'><em>frumentum</em></span> <span class='ocrx_word' id='word_1_93' title='bbox 957 1641 1043 1726; x_wconf 90' lang='lat' dir='ltr'><em>plebi</em></span> <span class='ocrx_word' id='word_1_94' title='bbox 1054 1643 1199 1706; x_wconf 88' lang='lat' dir='ltr'><em>daretur:</em></span> 
     </span>
     <span class='ocr_line' id='line_1_14' title="bbox 113 1722 1200 1806; baseline 0.006 -22"><span class='ocrx_word' id='word_1_95' title='bbox 113 1722 245 1784; x_wconf 75' lang='lat' dir='ltr'><em>aderam</em></span> <span class='ocrx_word' id='word_1_96' title='bbox 264 1723 357 1805; x_wconf 63' lang='lat' dir='ltr'><em>leuem</em></span> <span class='ocrx_word' id='word_1_97' title='bbox 373 1725 540 1804; x_wconf 64' lang='lat' dir='ltr'><em>aaronem,</em></span> <span class='ocrx_word' id='word_1_98' title='bbox 555 1744 646 1804; x_wconf 84' lang='lat' dir='ltr'><em>quam</em></span> <span class='ocrx_word' id='word_1_99' title='bbox 666 1730 696 1786; x_wconf 90' lang='lat' dir='ltr'><em>et</em></span> <span class='ocrx_word' id='word_1_100' title='bbox 701 1722 808 1804; x_wconf 76' lang='lat' dir='ltr'><em>frater</em></span> <span class='ocrx_word' id='word_1_101' title='bbox 822 1725 886 1806; x_wconf 71' lang='lat' dir='ltr'><em>qne</em></span> <span class='ocrx_word' id='word_1_102' title='bbox 906 1728 1040 1790; x_wconf 85' lang='lat' dir='ltr'><em>tulerat:</em></span> <span class='ocrx_word' id='word_1_103' title='bbox 1064 1729 1200 1804; x_wconf 78' lang='lat' dir='ltr'><em>tertiam,</em></span> 
     </span>
     <span class='ocr_line' id='line_1_15' title="bbox 113 1808 1200 1890; baseline 0.007 -23"><span class='ocrx_word' id='word_1_104' title='bbox 113 1825 175 1886; x_wconf 77' lang='lat' dir='ltr'><em>qua</em></span> <span class='ocrx_word' id='word_1_105' title='bbox 198 1813 362 1887; x_wconf 74' lang='lat' dir='ltr'><em>equestrem</em></span> <span class='ocrx_word' id='word_1_106' title='bbox 386 1808 531 1885; x_wconf 89' lang='lat' dir='ltr'><em>ordinem,</em></span> <span class='ocrx_word' id='word_1_107' title='bbox 551 1813 622 1870; x_wconf 89' lang='lat' dir='ltr'><em>tunc</em></span> <span class='ocrx_word' id='word_1_108' title='bbox 646 1829 713 1870; x_wconf 91' lang='lat' dir='ltr'><em>cum</em></span> <span class='ocrx_word' id='word_1_109' title='bbox 734 1815 841 1872; x_wconf 88' lang='lat' dir='ltr'><em>senatu</em></span> <span class='ocrx_word' id='word_1_110' title='bbox 862 1813 1102 1890; x_wconf 86' lang='lat' dir='ltr'><em>consentientem,</em></span> <span class='ocrx_word' id='word_1_111' title='bbox 1130 1831 1200 1874; x_wconf 87' lang='lat' dir='ltr'><em>con-</em></span> 
     </span>
     <span class='ocr_line' id='line_1_16' title="bbox 112 1889 1198 1980; baseline 0.006 -28"><span class='ocrx_word' id='word_1_112' title='bbox 112 1897 286 1971; x_wconf 82' lang='lat' dir='ltr'><em>rumperet:</em></span> <span class='ocrx_word' id='word_1_113' title='bbox 310 1889 330 1922; x_wconf 78' lang='lat'><em>&#39;¹</em></span> <span class='ocrx_word' id='word_1_114' title='bbox 341 1899 377 1953; x_wconf 87' lang='lat' dir='ltr'><em>ut</em></span> <span class='ocrx_word' id='word_1_115' title='bbox 388 1891 527 1954; x_wconf 82' lang='lat' dir='ltr'><em>sexcenti</em></span> <span class='ocrx_word' id='word_1_116' title='bbox 542 1912 580 1954; x_wconf 87' lang='lat' dir='ltr'><em>ex</em></span> <span class='ocrx_word' id='word_1_117' title='bbox 594 1891 754 1976; x_wconf 88' lang='lat' dir='ltr'><em>equitibus</em></span> <span class='ocrx_word' id='word_1_118' title='bbox 768 1892 801 1956; x_wconf 91' lang='lat' dir='ltr'><em>in</em></span> <span class='ocrx_word' id='word_1_119' title='bbox 812 1895 931 1958; x_wconf 82' lang='lat' dir='ltr'><em>curiam</em></span> <span class='ocrx_word' id='word_1_120' title='bbox 942 1895 1198 1980; x_wconf 80' lang='lat' dir='ltr'><em>sublegerentur:</em></span> 
     </span>
     <span class='ocr_line' id='line_1_17' title="bbox 111 1973 1200 2060; baseline 0.006 -24"><span class='ocrx_word' id='word_1_121' title='bbox 111 1981 147 2036; x_wconf 88' lang='lat' dir='ltr'><em>et</em></span> <span class='ocrx_word' id='word_1_122' title='bbox 161 1973 235 2057; x_wconf 84' lang='lat' dir='ltr'><em>quis</em></span> <span class='ocrx_word' id='word_1_123' title='bbox 249 1974 310 2037; x_wconf 89' lang='lat' dir='ltr'><em>illis</em></span> <span class='ocrx_word' id='word_1_124' title='bbox 324 1975 520 2060; x_wconf 79' lang='lat' dir='ltr'><em>temporibus</em></span> <span class='ocrx_word' id='word_1_125' title='bbox 535 1976 666 2038; x_wconf 90' lang='lat' dir='ltr'><em>trecenti</em></span> <span class='ocrx_word' id='word_1_126' title='bbox 686 1985 812 2040; x_wconf 89' lang='lat' dir='ltr'><em>tantum</em></span> <span class='ocrx_word' id='word_1_127' title='bbox 833 1987 992 2042; x_wconf 84' lang='lat' dir='ltr'><em>senatores</em></span> <span class='ocrx_word' id='word_1_128' title='bbox 1016 1989 1115 2058; x_wconf 84' lang='lat' dir='ltr'><em>erant,</em></span> <span class='ocrx_word' id='word_1_129' title='bbox 1130 2001 1200 2043; x_wconf 83' lang='lat' dir='ltr'><em>sex·</em></span> 
     </span>
     <span class='ocr_line' id='line_1_18' title="bbox 112 2057 1200 2142; baseline 0.006 -22"><span class='ocrx_word' id='word_1_130' title='bbox 112 2057 198 2122; x_wconf 84' lang='lat' dir='ltr'><em>centi</em></span> <span class='ocrx_word' id='word_1_131' title='bbox 213 2059 334 2142; x_wconf 87' lang='lat' dir='ltr'><em>equites</em></span> <span class='ocrx_word' id='word_1_132' title='bbox 357 2060 505 2122; x_wconf 85' lang='lat' dir='ltr'><em>trecentis</em></span> <span class='ocrx_word' id='word_1_133' title='bbox 528 2061 725 2124; x_wconf 81' lang='lat' dir='ltr'><em>senatoribus</em></span> <span class='ocrx_word' id='word_1_134' title='bbox 748 2061 1013 2126; x_wconf 80' lang='lat' dir='ltr'><em>admiscerentur:</em></span> <span class='ocrx_word' id='word_1_135' title='bbox 1036 2065 1072 2127; x_wconf 94' lang='lat' dir='ltr'><em>id</em></span> <span class='ocrx_word' id='word_1_136' title='bbox 1089 2071 1143 2142; x_wconf 88' lang='lat' dir='ltr'><em>est,</em></span> <span class='ocrx_word' id='word_1_137' title='bbox 1165 2071 1200 2127; x_wconf 91' lang='lat' dir='ltr'><em>ut</em></span> 
     </span>
     <span class='ocr_line' id='line_1_19' title="bbox 110 2144 1199 2226; baseline 0.005 -21"><span class='ocrx_word' id='word_1_138' title='bbox 110 2149 248 2224; x_wconf 84' lang='lat' dir='ltr'><em>eqrsester</em></span> <span class='ocrx_word' id='word_1_139' title='bbox 262 2145 336 2207; x_wconf 93' lang='lat' dir='ltr'><em>ardo</em></span> <span class='ocrx_word' id='word_1_140' title='bbox 351 2144 397 2206; x_wconf 89' lang='lat' dir='ltr'><em>bis</em></span> <span class='ocrx_word' id='word_1_141' title='bbox 411 2151 528 2208; x_wconf 87' lang='lat' dir='ltr'><em>tantum</em></span> <span class='ocrx_word' id='word_1_142' title='bbox 547 2147 658 2208; x_wconf 79' lang='lat' dir='ltr'><em>oinium</em></span> <span class='ocrx_word' id='word_1_143' title='bbox 675 2149 709 2209; x_wconf 89' lang='lat' dir='ltr'><em>in</em></span> <span class='ocrx_word' id='word_1_144' title='bbox 726 2153 833 2210; x_wconf 88' lang='lat' dir='ltr'><em>senatu</em></span> <span class='ocrx_word' id='word_1_145' title='bbox 851 2149 983 2211; x_wconf 77' lang='lat' dir='ltr'><em>babmet.</em></span> <span class='ocrx_word' id='word_1_146' title='bbox 1008 2155 1047 2226; x_wconf 88' lang='lat' dir='ltr'><em>et,</em></span> <span class='ocrx_word' id='word_1_147' title='bbox 1063 2150 1199 2211; x_wconf 86' lang='lat' dir='ltr'><em>continu·</em></span> 
     </span>
     <span class='ocr_line' id='line_1_20' title="bbox 109 2229 1199 2312; baseline 0.006 -23"><span class='ocrx_word' id='word_1_148' title='bbox 109 2233 164 2290; x_wconf 87' lang='lat' dir='ltr'><em>ato</em></span> <span class='ocrx_word' id='word_1_149' title='bbox 178 2229 210 2290; x_wconf 92' lang='lat' dir='ltr'><em>in</em></span> <span class='ocrx_word' id='word_1_150' title='bbox 224 2229 352 2292; x_wconf 86' lang='lat' dir='ltr'><em>alterum</em></span> <span class='ocrx_word' id='word_1_151' title='bbox 367 2249 477 2292; x_wconf 89' lang='lat' dir='ltr'><em>annum</em></span> <span class='ocrx_word' id='word_1_152' title='bbox 492 2229 657 2307; x_wconf 78' lang='lat' dir='ltr'><em>tribunatu,</em></span> <span class='ocrx_word' id='word_1_153' title='bbox 673 2231 785 2312; x_wconf 59' lang='lat' dir='ltr'><em>leuibus</em></span> <span class='ocrx_word' id='word_1_154' title='bbox 798 2233 932 2312; x_wconf 72' lang='lat' dir='ltr'><em>corariis</em></span> <span class='ocrx_word' id='word_1_155' title='bbox 947 2233 1019 2295; x_wconf 89' lang='lat' dir='ltr'><em>latis</em></span> <span class='ocrx_word' id='word_1_156' title='bbox 1039 2231 1146 2312; x_wconf 80' lang='lat' dir='ltr'><em>effecit,</em></span> <span class='ocrx_word' id='word_1_157' title='bbox 1164 2238 1199 2295; x_wconf 92' lang='lat' dir='ltr'><em>ut</em></span> 
     </span>
     <span class='ocr_line' id='line_1_21' title="bbox 109 2313 1199 2392; baseline 0.005 -18"><span class='ocrx_word' id='word_1_158' title='bbox 109 2313 278 2392; x_wconf 80' lang='lat' dir='ltr'><em>complures</em></span> <span class='ocrx_word' id='word_1_159' title='bbox 295 2314 416 2376; x_wconf 80' lang='lat' dir='ltr'><em>colonie</em></span> <span class='ocrx_word' id='word_1_160' title='bbox 431 2313 573 2376; x_wconf 80' lang='lat' dir='ltr'><em>initalia</em></span> <span class='ocrx_word' id='word_1_161' title='bbox 588 2315 816 2392; x_wconf 84' lang='lat' dir='ltr'><em>deducerentur,</em></span> <span class='ocrx_word' id='word_1_162' title='bbox 837 2321 867 2378; x_wconf 93' lang='lat' dir='ltr'><em>et</em></span> <span class='ocrx_word' id='word_1_163' title='bbox 881 2337 942 2379; x_wconf 90' lang='lat' dir='ltr'><em>una</em></span> <span class='ocrx_word' id='word_1_164' title='bbox 956 2318 989 2379; x_wconf 88' lang='lat' dir='ltr'><em>in</em></span> <span class='ocrx_word' id='word_1_165' title='bbox 1004 2317 1067 2378; x_wconf 73' lang='lat' dir='ltr'><em>soles</em></span> <span class='ocrx_word' id='word_1_166' title='bbox 1090 2317 1199 2379; x_wconf 75' lang='lat' dir='ltr'><em>dimetas</em></span> 
     </span>
     <span class='ocr_line' id='line_1_22' title="bbox 107 2397 1197 2480; baseline 0.005 -22"><span class='ocrx_word' id='word_1_167' title='bbox 107 2397 314 2480; x_wconf 70' lang='lat' dir='ltr'><em>Kartbooinis</em></span> <span class='ocrx_word' id='word_1_168' title='bbox 324 2424 334 2472; x_wconf 89' lang='lat'><em>‚·</em></span> <span class='ocrx_word' id='word_1_169' title='bbox 366 2418 433 2478; x_wconf 84' lang='lat' dir='ltr'><em>quo,</em></span> <span class='ocrx_word' id='word_1_170' title='bbox 458 2399 522 2479; x_wconf 82' lang='lat' dir='ltr'><em>ipse</em></span> <span class='ocrx_word' id='word_1_171' title='bbox 549 2400 690 2461; x_wconf 73' lang='lat' dir='ltr'><em>tmnmuir</em></span> <span class='ocrx_word' id='word_1_172' title='bbox 728 2406 858 2478; x_wconf 86' lang='lat' dir='ltr'><em>creatus,</em></span> <span class='ocrx_word' id='word_1_173' title='bbox 888 2401 1036 2463; x_wconf 80' lang='lat' dir='ltr'><em>colomam</em></span> <span class='ocrx_word' id='word_1_174' title='bbox 1061 2401 1197 2464; x_wconf 82' lang='lat' dir='ltr'><em>deducit.</em></span> 
     </span>
     <span class='ocr_line' id='line_1_23' title="bbox 107 2482 1197 2566; baseline 0.005 -25"><span class='ocrx_word' id='word_1_175' title='bbox 107 2482 266 2545; x_wconf 78' lang='lat' dir='ltr'><em>Preterea</em></span> <span class='ocrx_word' id='word_1_176' title='bbox 280 2501 330 2544; x_wconf 85' lang='lat' dir='ltr'><em>res</em></span> <span class='ocrx_word' id='word_1_177' title='bbox 343 2503 363 2544; x_wconf 86' lang='lat' dir='ltr'><em>a</em></span> <span class='ocrx_word' id='word_1_178' title='bbox 381 2483 416 2556; x_wconf 92' lang='lat' dir='ltr'><em>Q.</em></span> <span class='ocrx_word' id='word_1_179' title='bbox 432 2483 557 2546; x_wconf 89' lang='lat' dir='ltr'><em>Metella</em></span> <span class='ocrx_word' id='word_1_180' title='bbox 573 2485 692 2546; x_wconf 90' lang='lat' dir='ltr'><em>consule</em></span> <span class='ocrx_word' id='word_1_181' title='bbox 707 2485 851 2546; x_wconf 72' lang='lat' dir='ltr'><em>adamus</em></span> <span class='ocrx_word' id='word_1_182' title='bbox 858 2485 1002 2548; x_wconf 85' lang='lat' dir='ltr'><em>Baliares</em></span> <span class='ocrx_word' id='word_1_183' title='bbox 1013 2491 1116 2566; x_wconf 74' lang='lat' dir='ltr'><em>yestos</em></span> <span class='ocrx_word' id='word_1_184' title='bbox 1128 2505 1197 2547; x_wconf 88' lang='lat' dir='ltr'><em>con·</em></span> 
     </span>
    </p>
   </div>
   <div class='ocr_carea' id='block_1_9' title="bbox 103 2565 1198 3069">
    <p class='ocr_par' dir='ltr' id='par_1_9' title="bbox 103 2565 1198 3069">
     <span class='ocr_line' id='line_1_24' title="bbox 106 2565 1197 2650; baseline 0.004 -22"><span class='ocrx_word' id='word_1_185' title='bbox 106 2565 206 2628; x_wconf 89' lang='lat' dir='ltr'><em>tinet:</em></span> <span class='ocrx_word' id='word_1_186' title='bbox 229 2587 304 2648; x_wconf 85' lang='lat' dir='ltr'><em>quos</em></span> <span class='ocrx_word' id='word_1_187' title='bbox 321 2567 419 2629; x_wconf 78' lang='lat' dir='ltr'><em>Greci</em></span> <span class='ocrx_word' id='word_1_188' title='bbox 438 2569 616 2648; x_wconf 60' lang='lat' dir='ltr'><em>anesias</em></span> <span class='ocrx_word' id='word_1_189' title='bbox 630 2569 795 2648; x_wconf 84' lang='lat' dir='ltr'><em>adpellant,</em></span> <span class='ocrx_word' id='word_1_190' title='bbox 809 2571 881 2650; x_wconf 83' lang='lat' dir='ltr'><em>quia</em></span> <span class='ocrx_word' id='word_1_191' title='bbox 898 2575 1032 2632; x_wconf 71' lang='lat' dir='ltr'><em>:estatem</em></span> <span class='ocrx_word' id='word_1_192' title='bbox 1051 2569 1125 2631; x_wconf 85' lang='lat' dir='ltr'><em>nudi</em></span> <span class='ocrx_word' id='word_1_193' title='bbox 1144 2590 1197 2632; x_wconf 85' lang='lat' dir='ltr'><em>ea-</em></span> 
     </span>
     <span class='ocr_line' id='line_1_25' title="bbox 105 2649 1198 2734; baseline 0.005 -23"><span class='ocrx_word' id='word_1_194' title='bbox 105 2651 217 2730; x_wconf 68' lang='lat' dir='ltr'><em>ioant:</em></span> <span class='ocrx_word' id='word_1_195' title='bbox 240 2649 261 2682; x_wconf 78' lang='lat'><em>&#39;⁸</em></span> <span class='ocrx_word' id='word_1_196' title='bbox 271 2651 414 2714; x_wconf 84' lang='lat' dir='ltr'><em>Baliares</em></span> <span class='ocrx_word' id='word_1_197' title='bbox 437 2673 456 2714; x_wconf 93' lang='lat' dir='ltr'><em>a</em></span> <span class='ocrx_word' id='word_1_198' title='bbox 476 2653 529 2714; x_wconf 87' lang='lat' dir='ltr'><em>teli</em></span> <span class='ocrx_word' id='word_1_199' title='bbox 550 2654 643 2714; x_wconf 86' lang='lat' dir='ltr'><em>missu</em></span> <span class='ocrx_word' id='word_1_200' title='bbox 665 2653 819 2734; x_wconf 83' lang='lat' dir='ltr'><em>adpellati,</em></span> <span class='ocrx_word' id='word_1_201' title='bbox 834 2659 887 2716; x_wconf 90' lang='lat' dir='ltr'><em>aut</em></span> <span class='ocrx_word' id='word_1_202' title='bbox 902 2675 921 2716; x_wconf 91' lang='lat' dir='ltr'><em>a</em></span> <span class='ocrx_word' id='word_1_203' title='bbox 935 2655 1040 2732; x_wconf 79' lang='lat' dir='ltr'><em>Balsa,</em></span> <span class='ocrx_word' id='word_1_204' title='bbox 1054 2655 1198 2716; x_wconf 86' lang='lat' dir='ltr'><em>Herculis</em></span> 
     </span>
     <span class='ocr_line' id='line_1_26' title="bbox 106 2735 1197 2820; baseline 0.004 -24"><span class='ocrx_word' id='word_1_205' title='bbox 106 2735 225 2812; x_wconf 85' lang='lat' dir='ltr'><em>comite,</em></span> <span class='ocrx_word' id='word_1_206' title='bbox 237 2735 279 2797; x_wconf 91' lang='lat' dir='ltr'><em>ibi</em></span> <span class='ocrx_word' id='word_1_207' title='bbox 292 2737 398 2798; x_wconf 87' lang='lat' dir='ltr'><em>relicto</em></span> <span class='ocrx_word' id='word_1_208' title='bbox 420 2743 501 2813; x_wconf 90' lang='lat' dir='ltr'><em>tunc,</em></span> <span class='ocrx_word' id='word_1_209' title='bbox 517 2757 607 2817; x_wconf 89' lang='lat' dir='ltr'><em>quum</em></span> <span class='ocrx_word' id='word_1_210' title='bbox 621 2737 769 2800; x_wconf 88' lang='lat' dir='ltr'><em>Hercules</em></span> <span class='ocrx_word' id='word_1_211' title='bbox 790 2737 833 2799; x_wconf 91' lang='lat' dir='ltr'><em>ad</em></span> <span class='ocrx_word' id='word_1_212' title='bbox 848 2739 1015 2819; x_wconf 65' lang='lat' dir='ltr'><em>Geryonem</em></span> <span class='ocrx_word' id='word_1_213' title='bbox 1028 2740 1197 2820; x_wconf 71' lang='lat' dir='ltr'><em>naciyaret.</em></span> 
     </span>
     <span class='ocr_line' id='line_1_27' title="bbox 103 2819 1197 2904; baseline 0.004 -24"><span class='ocrx_word' id='word_1_214' title='bbox 103 2819 215 2881; x_wconf 86' lang='lat' dir='ltr'><em>Motus</em></span> <span class='ocrx_word' id='word_1_215' title='bbox 228 2840 340 2901; x_wconf 79' lang='lat' dir='ltr'><em>qzsoqne</em></span> <span class='ocrx_word' id='word_1_216' title='bbox 354 2821 452 2902; x_wconf 79' lang='lat' dir='ltr'><em>Syria</em></span> <span class='ocrx_word' id='word_1_217' title='bbox 462 2820 644 2900; x_wconf 74' lang='lat' dir='ltr'><em>reseruntur,</em></span> <span class='ocrx_word' id='word_1_218' title='bbox 666 2823 698 2884; x_wconf 91' lang='lat' dir='ltr'><em>in</em></span> <span class='ocrx_word' id='word_1_219' title='bbox 719 2822 824 2903; x_wconf 82' lang='lat' dir='ltr'><em>quibus</em></span> <span class='ocrx_word' id='word_1_220' title='bbox 837 2824 997 2904; x_wconf 83' lang='lat' dir='ltr'><em>Cleopatra</em></span> <span class='ocrx_word' id='word_1_221' title='bbox 1010 2823 1197 2886; x_wconf 82' lang='lat' dir='ltr'><em>Demetrium</em></span> 
     </span>
     <span class='ocr_line' id='line_1_28' title="bbox 104 2903 1197 2987; baseline 0.003 -22"><span class='ocrx_word' id='word_1_222' title='bbox 104 2903 207 2964; x_wconf 74' lang='lat' dir='ltr'><em>:sirum</em></span> <span class='ocrx_word' id='word_1_223' title='bbox 222 2925 308 2966; x_wconf 89' lang='lat' dir='ltr'><em>suum</em></span> <span class='ocrx_word' id='word_1_224' title='bbox 321 2911 351 2967; x_wconf 92' lang='lat' dir='ltr'><em>et</em></span> <span class='ocrx_word' id='word_1_225' title='bbox 366 2905 521 2967; x_wconf 78' lang='lat' dir='ltr'><em>Selmcum</em></span> <span class='ocrx_word' id='word_1_226' title='bbox 529 2905 641 2984; x_wconf 82' lang='lat' dir='ltr'><em>fllium,</em></span> <span class='ocrx_word' id='word_1_227' title='bbox 651 2905 810 2987; x_wconf 64' lang='lat' dir='ltr'><em>indicnata</em></span> <span class='ocrx_word' id='word_1_228' title='bbox 821 2907 908 2987; x_wconf 80' lang='lat' dir='ltr'><em>quod,</em></span> <span class='ocrx_word' id='word_1_229' title='bbox 924 2909 1020 2971; x_wconf 88' lang='lat' dir='ltr'><em>occiso</em></span> <span class='ocrx_word' id='word_1_230' title='bbox 1029 2912 1122 2987; x_wconf 82' lang='lat' dir='ltr'><em>patre</em></span> <span class='ocrx_word' id='word_1_231' title='bbox 1134 2906 1197 2987; x_wconf 61' lang='lat' dir='ltr'><em>nris</em></span> 
     </span>
     <span class='ocr_line' id='line_1_29' title="bbox 104 2989 890 3069; baseline 0.003 -20"><span class='ocrx_word' id='word_1_232' title='bbox 104 3007 128 3049; x_wconf 87' lang='lat' dir='ltr'><em>a</em></span> <span class='ocrx_word' id='word_1_233' title='bbox 142 3007 184 3066; x_wconf 94' lang='lat' dir='ltr'><em>se,</em></span> <span class='ocrx_word' id='word_1_234' title='bbox 199 2989 312 3069; x_wconf 86' lang='lat' dir='ltr'><em>injussu</em></span> <span class='ocrx_word' id='word_1_235' title='bbox 326 3009 379 3052; x_wconf 86' lang='lat' dir='ltr'><em>sna</em></span> <span class='ocrx_word' id='word_1_236' title='bbox 395 2989 535 3052; x_wconf 85' lang='lat' dir='ltr'><em>diadema</em></span> <span class='ocrx_word' id='word_1_237' title='bbox 548 2991 713 3068; x_wconf 73' lang='lat' dir='ltr'><em>noussen,</em></span> <span class='ocrx_word' id='word_1_238' title='bbox 728 2991 890 3052; x_wconf 87' lang='lat' dir='ltr'><em>interemit.</em></span> 
     </span>
    </p>
   </div>
   <div class='ocr_carea' id='block_1_10' title="bbox 604 3211 705 3282">
    <p class='ocr_par' dir='ltr' id='par_1_10' title="bbox 604 3211 705 3282">
     <span class='ocr_line' id='line_1_30' title="bbox 604 3211 705 3282; baseline -0.05 0"><span class='ocrx_word' id='word_1_239' title='bbox 604 3211 705 3282; x_wconf 86' lang='lat' dir='ltr'><strong>LXI.</strong></span> 
     </span>
    </p>
   </div>
   <div class='ocr_carea' id='block_1_11' title="bbox 104 3375 1197 3543">
    <p class='ocr_par' dir='ltr' id='par_1_11' title="bbox 104 3375 1197 3543">
     <span class='ocr_line' id='line_1_31' title="bbox 152 3375 1197 3460; baseline 0.002 -24"><span class='ocrx_word' id='word_1_240' title='bbox 152 3375 186 3437; x_wconf 81' lang='lat'><em>0.</em></span> <span class='ocrx_word' id='word_1_241' title='bbox 200 3375 500 3456; x_wconf 76' lang='lat' dir='ltr'><em>Sastisuprocosseul,</em></span> <span class='ocrx_word' id='word_1_242' title='bbox 513 3378 595 3440; x_wconf 70' lang='lat' dir='ltr'><em>ruta</em></span> <span class='ocrx_word' id='word_1_243' title='bbox 607 3377 811 3440; x_wconf 73' lang='lat' dir='ltr'><em>Sedenim-um</em></span> <span class='ocrx_word' id='word_1_244' title='bbox 817 3381 917 3460; x_wconf 69' lang='lat' dir='ltr'><em>grente,</em></span> <span class='ocrx_word' id='word_1_245' title='bbox 932 3375 1079 3440; x_wconf 71' lang='lat' dir='ltr'><em>renuam</em></span> <span class='ocrx_word' id='word_1_246' title='bbox 1089 3375 1197 3456; x_wconf 83' lang='lat' dir='ltr'><em>Aquae</em></span> 
     </span>
     <span class='ocr_line' id='line_1_32' title="bbox 104 3459 1196 3543; baseline 0.002 -21"><span class='ocrx_word' id='word_1_247' title='bbox 104 3459 231 3523; x_wconf 75' lang='lat' dir='ltr'><em>Sestias</em></span> <span class='ocrx_word' id='word_1_248' title='bbox 245 3461 390 3538; x_wconf 87' lang='lat' dir='ltr'><em>condidit,</em></span> <span class='ocrx_word' id='word_1_249' title='bbox 411 3459 433 3494; x_wconf 77' lang='lat'><em>’⁰</em></span> <span class='ocrx_word' id='word_1_250' title='bbox 441 3460 478 3524; x_wconf 92' lang='lat' dir='ltr'><em>ob</em></span> <span class='ocrx_word' id='word_1_251' title='bbox 492 3481 640 3543; x_wconf 82' lang='lat' dir='ltr'><em>aquarum</em></span> <span class='ocrx_word' id='word_1_252' title='bbox 652 3463 769 3543; x_wconf 79' lang='lat' dir='ltr'><em>capiam</em></span> <span class='ocrx_word' id='word_1_253' title='bbox 783 3481 800 3525; x_wconf 88' lang='lat' dir='ltr'><em>e</em></span> <span class='ocrx_word' id='word_1_254' title='bbox 814 3461 923 3526; x_wconf 86' lang='lat' dir='ltr'><em>calidis</em></span> <span class='ocrx_word' id='word_1_255' title='bbox 928 3459 1117 3543; x_wconf 70' lang='lat' dir='ltr'><em>friyidisqne</em></span> <span class='ocrx_word' id='word_1_256' title='bbox 1122 3459 1196 3541; x_wconf 88' lang='lat' dir='ltr'><em>son-</em></span> 
     </span>
    </p>
   </div>
   <div class='ocr_carea' id='block_1_12' title="bbox 98 3617 1358 4574">
    <p class='ocr_par' dir='ltr' id='par_1_12' title="bbox 100 3617 1358 3872">
     <span class='ocr_line' id='line_1_33' title="bbox 138 3617 1358 3682; baseline 0.002 -14"><span class='ocrx_word' id='word_1_257' title='bbox 138 3617 446 3682; x_wconf 63' lang='lat' dir='ltr'><em>remurmuremus]</em></span> <span class='ocrx_word' id='word_1_258' title='bbox 476 3621 544 3668; x_wconf 76' lang='lat' dir='ltr'><em>Hune</em></span> <span class='ocrx_word' id='word_1_259' title='bbox 566 3621 713 3682; x_wconf 73' lang='lat' dir='ltr'><em>scripturum,</em></span> <span class='ocrx_word' id='word_1_260' title='bbox 746 3621 886 3677; x_wconf 55' lang='lat' dir='ltr'><em>eduiiidn</em></span> <span class='ocrx_word' id='word_1_261' title='bbox 906 3621 965 3668; x_wconf 76' lang='lat' dir='ltr'><em>etue</em></span> <span class='ocrx_word' id='word_1_262' title='bbox 980 3621 1059 3668; x_wconf 86' lang='lat' dir='ltr'><em>multis</em></span> <span class='ocrx_word' id='word_1_263' title='bbox 1078 3622 1160 3680; x_wconf 82' lang='lat' dir='ltr'><em>probet</em></span> <span class='ocrx_word' id='word_1_264' title='bbox 1178 3621 1223 3668; x_wconf 84' lang='lat' dir='ltr'><em>hoc</em></span> <span class='ocrx_word' id='word_1_265' title='bbox 1240 3622 1320 3669; x_wconf 83' lang='lat' dir='ltr'><em>tulisse</em></span> <span class='ocrx_word' id='word_1_266' title='bbox 1332 3623 1358 3670; x_wconf 85' lang='lat' dir='ltr'><em>G.</em></span> 
     </span>
     <span class='ocr_line' id='line_1_34' title="bbox 102 3684 1357 3746; baseline 0.001 -16"><span class='ocrx_word' id='word_1_267' title='bbox 102 3699 175 3745; x_wconf 83' lang='lat' dir='ltr'><em>quem</em></span> <span class='ocrx_word' id='word_1_268' title='bbox 188 3685 318 3731; x_wconf 76' lang='lat' dir='ltr'><em>Gronovius</em></span> <span class='ocrx_word' id='word_1_269' title='bbox 329 3699 343 3730; x_wconf 84' lang='lat' dir='ltr'><em>s</em></span> <span class='ocrx_word' id='word_1_270' title='bbox 356 3685 434 3745; x_wconf 79' lang='lat' dir='ltr'><em>Pighii</em></span> <span class='ocrx_word' id='word_1_271' title='bbox 446 3687 578 3746; x_wconf 75' lang='lat' dir='ltr'><em>conjecturs</em></span> <span class='ocrx_word' id='word_1_272' title='bbox 588 3685 714 3746; x_wconf 82' lang='lat' dir='ltr'><em>proiectsm</em></span> <span class='ocrx_word' id='word_1_273' title='bbox 748 3685 887 3740; x_wconf 84' lang='lat' dir='ltr'><em>Gracchum,</em></span> <span class='ocrx_word' id='word_1_274' title='bbox 899 3684 1019 3744; x_wconf 79' lang='lat' dir='ltr'><em>utjudicis</em></span> <span class='ocrx_word' id='word_1_275' title='bbox 1031 3686 1060 3730; x_wconf 82' lang='lat' dir='ltr'><em>ab</em></span> <span class='ocrx_word' id='word_1_276' title='bbox 1074 3685 1219 3730; x_wconf 73' lang='lat' dir='ltr'><em>senatoribus</em></span> <span class='ocrx_word' id='word_1_277' title='bbox 1235 3686 1265 3731; x_wconf 86' lang='lat' dir='ltr'><em>ad</em></span> <span class='ocrx_word' id='word_1_278' title='bbox 1283 3685 1357 3746; x_wconf 78' lang='lat' dir='ltr'><em>Equi·</em></span> 
     </span>
     <span class='ocr_line' id='line_1_35' title="bbox 101 3747 1358 3809; baseline -0.001 -14"><span class='ocrx_word' id='word_1_279' title='bbox 101 3749 146 3803; x_wconf 84' lang='lat' dir='ltr'><em>sit,</em></span> <span class='ocrx_word' id='word_1_280' title='bbox 165 3757 243 3794; x_wconf 81' lang='lat' dir='ltr'><em>tuetur</em></span> <span class='ocrx_word' id='word_1_281' title='bbox 261 3749 365 3795; x_wconf 79' lang='lat' dir='ltr'><em>Pithoeus</em></span> <span class='ocrx_word' id='word_1_282' title='bbox 379 3763 472 3808; x_wconf 87' lang='lat' dir='ltr'><em>quoque</em></span> <span class='ocrx_word' id='word_1_283' title='bbox 491 3750 553 3809; x_wconf 80' lang='lat' dir='ltr'><em>apud</em></span> <span class='ocrx_word' id='word_1_284' title='bbox 575 3749 711 3796; x_wconf 82' lang='lat' dir='ltr'><em>iienrnium.</em></span> <span class='ocrx_word' id='word_1_285' title='bbox 744 3757 779 3795; x_wconf 86' lang='lat' dir='ltr'><em>tes</em></span> <span class='ocrx_word' id='word_1_286' title='bbox 791 3747 985 3794; x_wconf 70' lang='lat' dir='ltr'><em>transferrentur:</em></span> <span class='ocrx_word' id='word_1_287' title='bbox 1005 3755 1081 3794; x_wconf 81' lang='lat' dir='ltr'><em>cetere</em></span> <span class='ocrx_word' id='word_1_288' title='bbox 1099 3763 1151 3807; x_wconf 79' lang='lat' dir='ltr'><em>ques</em></span> <span class='ocrx_word' id='word_1_289' title='bbox 1169 3747 1208 3794; x_wconf 84' lang='lat' dir='ltr'><em>hic</em></span> <span class='ocrx_word' id='word_1_290' title='bbox 1226 3757 1358 3805; x_wconf 85' lang='lat' dir='ltr'><em>nsmntur,</em></span> 
     </span>
     <span class='ocr_line' id='line_1_36' title="bbox 100 3810 1357 3872; baseline 0 -14"><span class='ocrx_word' id='word_1_291' title='bbox 100 3811 213 3872; x_wconf 76' lang='lat' dir='ltr'><em>Plerique</em></span> <span class='ocrx_word' id='word_1_292' title='bbox 225 3812 292 3859; x_wconf 78' lang='lat' dir='ltr'>MSS.</span> <span class='ocrx_word' id='word_1_293' title='bbox 305 3814 418 3860; x_wconf 74' lang='lat' dir='ltr'><em>bellams.</em></span> <span class='ocrx_word' id='word_1_294' title='bbox 745 3827 805 3859; x_wconf 83' lang='lat' dir='ltr'><em>rsus</em></span> <span class='ocrx_word' id='word_1_295' title='bbox 823 3819 847 3857; x_wconf 83' lang='lat' dir='ltr'><em>et</em></span> <span class='ocrx_word' id='word_1_296' title='bbox 858 3810 934 3858; x_wconf 76' lang='lat' dir='ltr'><em>iutilia</em></span> <span class='ocrx_word' id='word_1_297' title='bbox 943 3824 1001 3858; x_wconf 72' lang='lat' dir='ltr'><em>eus.</em></span> <span class='ocrx_word' id='word_1_298' title='bbox 1027 3811 1080 3858; x_wconf 85' lang='lat' dir='ltr'><em>Non</em></span> <span class='ocrx_word' id='word_1_299' title='bbox 1091 3813 1192 3858; x_wconf 74' lang='lat' dir='ltr'><em>absurde</em></span> <span class='ocrx_word' id='word_1_300' title='bbox 1203 3813 1357 3859; x_wconf 80' lang='lat' dir='ltr'><em>Freinshemii</em></span> 
     </span>
    </p>

    <p class='ocr_par' dir='ltr' id='par_1_13' title="bbox 99 3874 1358 4317">
     <span class='ocr_line' id='line_1_37' title="bbox 136 3874 1358 3936; baseline 0.001 -15"><span class='ocrx_word' id='word_1_301' title='bbox 136 3875 168 3929; x_wconf 78' lang='lat'><em>7⁵</em></span> <span class='ocrx_word' id='word_1_302' title='bbox 185 3877 218 3922; x_wconf 84' lang='grc' dir='ltr'><em>Μ.</em></span> <span class='ocrx_word' id='word_1_303' title='bbox 227 3876 320 3923; x_wconf 80' lang='lat' dir='ltr'><em>Fulvius</em></span> <span class='ocrx_word' id='word_1_304' title='bbox 327 3877 422 3924; x_wconf 80' lang='lat' dir='ltr'><em>Flaccus</em></span> <span class='ocrx_word' id='word_1_305' title='bbox 430 3878 517 3936; x_wconf 72' lang='lat' dir='ltr'><em>punse</em></span> <span class='ocrx_word' id='word_1_306' title='bbox 523 3877 619 3922; x_wconf 73' lang='lat' dir='ltr'><em>ensium</em></span> <span class='ocrx_word' id='word_1_307' title='bbox 630 3877 715 3924; x_wconf 80' lang='lat' dir='ltr'><em>Trans-</em></span> <span class='ocrx_word' id='word_1_308' title='bbox 747 3879 880 3935; x_wconf 84' lang='lat' dir='ltr'><em>conjecturs</em></span> <span class='ocrx_word' id='word_1_309' title='bbox 888 3881 931 3933; x_wconf 85' lang='lat' dir='ltr'><em>est,</em></span> <span class='ocrx_word' id='word_1_310' title='bbox 943 3875 1029 3922; x_wconf 81' lang='lat' dir='ltr'><em>inissa.</em></span> <span class='ocrx_word' id='word_1_311' title='bbox 1038 3874 1076 3930; x_wconf 79' lang='lat' dir='ltr'><em>oa.</em></span> <span class='ocrx_word' id='word_1_312' title='bbox 1088 3876 1133 3922; x_wconf 87' lang='lat' dir='ltr'><em>hoc</em></span> <span class='ocrx_word' id='word_1_313' title='bbox 1141 3884 1242 3922; x_wconf 78' lang='lat' dir='ltr'><em>tentasse</em></span> <span class='ocrx_word' id='word_1_314' title='bbox 1252 3876 1287 3920; x_wconf 79' lang='lat' dir='ltr'><em>rei</em></span> <span class='ocrx_word' id='word_1_315' title='bbox 1295 3883 1358 3922; x_wconf 82' lang='lat' dir='ltr'><em>certe</em></span> 
     </span>
     <span class='ocr_line' id='line_1_38' title="bbox 101 3936 1357 4000; baseline -0.002 -15"><span class='ocrx_word' id='word_1_316' title='bbox 101 3939 191 3998; x_wconf 78' lang='lat' dir='ltr'><em>alpinos</em></span> <span class='ocrx_word' id='word_1_317' title='bbox 212 3940 311 4000; x_wconf 74' lang='lat' dir='ltr'><em>Ligures</em></span> <span class='ocrx_word' id='word_1_318' title='bbox 333 3939 388 3986; x_wconf 87' lang='lat' dir='ltr'><em>belis</em></span> <span class='ocrx_word' id='word_1_319' title='bbox 409 3936 505 4000; x_wconf 78' lang='lat' dir='ltr'><em>domuit]</em></span> <span class='ocrx_word' id='word_1_320' title='bbox 544 3941 575 3984; x_wconf 77' lang='lat' dir='ltr'><em>A:</em></span> <span class='ocrx_word' id='word_1_321' title='bbox 603 3939 628 3986; x_wconf 88' lang='lat' dir='ltr'><em>in</em></span> <span class='ocrx_word' id='word_1_322' title='bbox 652 3941 714 4000; x_wconf 75' lang='lat' dir='ltr'><em>Epis.</em></span> <span class='ocrx_word' id='word_1_323' title='bbox 748 3939 860 3998; x_wconf 72' lang='lat' dir='ltr'><em>cogitasse</em></span> <span class='ocrx_word' id='word_1_324' title='bbox 876 3939 1016 3994; x_wconf 73' lang='lat' dir='ltr'><em>Gracchum,</em></span> <span class='ocrx_word' id='word_1_325' title='bbox 1028 3939 1090 3998; x_wconf 89' lang='lat' dir='ltr'><em>quod</em></span> <span class='ocrx_word' id='word_1_326' title='bbox 1110 3945 1189 3984; x_wconf 83' lang='lat' dir='ltr'><em>nsrrst</em></span> <span class='ocrx_word' id='word_1_327' title='bbox 1208 3946 1288 3984; x_wconf 80' lang='lat' dir='ltr'><em>susem</em></span> <span class='ocrx_word' id='word_1_328' title='bbox 1306 3939 1357 3996; x_wconf 82' lang='lat' dir='ltr'><em>epi-</em></span> 
     </span>
     <span class='ocr_line' id='line_1_39' title="bbox 101 4001 1357 4064; baseline -0.002 -14"><span class='ocrx_word' id='word_1_329' title='bbox 101 4003 203 4050; x_wconf 74' lang='lat' dir='ltr'><em>xcvii.</em></span> <span class='ocrx_word' id='word_1_330' title='bbox 223 4005 250 4054; x_wconf 77' lang='lat' dir='ltr'><em>Q.</em></span> <span class='ocrx_word' id='word_1_331' title='bbox 264 4003 365 4064; x_wconf 82' lang='lat' dir='ltr'><em>Opimius</em></span> <span class='ocrx_word' id='word_1_332' title='bbox 380 4003 457 4049; x_wconf 81' lang='lat' dir='ltr'><em>caused</em></span> <span class='ocrx_word' id='word_1_333' title='bbox 470 4003 630 4063; x_wconf 76' lang='lat' dir='ltr'><em>Transalpinas</em></span> <span class='ocrx_word' id='word_1_334' title='bbox 641 4003 713 4064; x_wconf 72' lang='lat' dir='ltr'><em>Ligu·</em></span> <span class='ocrx_word' id='word_1_335' title='bbox 747 4010 829 4054; x_wconf 86' lang='lat' dir='ltr'><em>tomes,</em></span> <span class='ocrx_word' id='word_1_336' title='bbox 838 4003 880 4049; x_wconf 84' lang='lat' dir='ltr'><em>sed</em></span> <span class='ocrx_word' id='word_1_337' title='bbox 896 4003 1007 4062; x_wconf 86' lang='lat' dir='ltr'><em>perlicere</em></span> <span class='ocrx_word' id='word_1_338' title='bbox 1025 4017 1073 4048; x_wconf 86' lang='lat' dir='ltr'><em>non</em></span> <span class='ocrx_word' id='word_1_339' title='bbox 1089 4003 1199 4062; x_wconf 84' lang='lat' dir='ltr'><em>potuisse.</em></span> <span class='ocrx_word' id='word_1_340' title='bbox 1211 4008 1281 4059; x_wconf 77' lang='lat' dir='ltr'><em>itque</em></span> <span class='ocrx_word' id='word_1_341' title='bbox 1298 4001 1357 4048; x_wconf 80' lang='lat' dir='ltr'><em>eden</em></span> 
     </span>
     <span class='ocr_line' id='line_1_40' title="bbox 100 4063 1357 4128; baseline -0.002 -16"><span class='ocrx_word' id='word_1_342' title='bbox 100 4081 140 4112; x_wconf 87' lang='lat' dir='ltr'><em>res</em></span> <span class='ocrx_word' id='word_1_343' title='bbox 225 4068 338 4128; x_wconf 75' lang='lat' dir='ltr'><em>subegism</em></span> <span class='ocrx_word' id='word_1_344' title='bbox 360 4065 453 4113; x_wconf 85' lang='lat' dir='ltr'><em>dicitnr.</em></span> <span class='ocrx_word' id='word_1_345' title='bbox 487 4067 564 4126; x_wconf 66' lang='lat' dir='ltr'><em>binius</em></span> <span class='ocrx_word' id='word_1_346' title='bbox 583 4075 662 4113; x_wconf 79' lang='lat' dir='ltr'><em>sutem</em></span> <span class='ocrx_word' id='word_1_347' title='bbox 678 4075 713 4113; x_wconf 81' lang='lat' dir='ltr'><em>ese</em></span> <span class='ocrx_word' id='word_1_348' title='bbox 745 4065 1038 4112; x_wconf 82' lang='lat' dir='ltr'><em>sdersnisreadssdsolos</em></span> <span class='ocrx_word' id='word_1_349' title='bbox 1048 4063 1357 4125; x_wconf 76' lang='lat' dir='ltr'><em>Equitesjudicissnimum</em></span> 
     </span>
     <span class='ocr_line' id='line_1_41' title="bbox 99 4129 864 4190; baseline -0.003 -14"><span class='ocrx_word' id='word_1_350' title='bbox 99 4131 222 4190; x_wconf 73' lang='lat' dir='ltr'><em>subegisse,</em></span> <span class='ocrx_word' id='word_1_351' title='bbox 232 4145 302 4189; x_wconf 80' lang='lat' dir='ltr'><em>qnam</em></span> <span class='ocrx_word' id='word_1_352' title='bbox 311 4130 435 4176; x_wconf 83' lang='lat' dir='ltr'><em>domuisse.</em></span> <span class='ocrx_word' id='word_1_353' title='bbox 466 4130 636 4177; x_wconf 66' lang='lat' dir='ltr'><em>Herobeerrst</em></span> <span class='ocrx_word' id='word_1_354' title='bbox 648 4130 712 4176; x_wconf 82' lang='lat' dir='ltr'><em>Peri·</em></span> <span class='ocrx_word' id='word_1_355' title='bbox 745 4129 864 4189; x_wconf 75' lang='lat' dir='ltr'><em>adjecisse.</em></span> 
     </span>
     <span class='ocr_line' id='line_1_42' title="bbox 100 4187 1357 4254; baseline -0.002 -14"><span class='ocrx_word' id='word_1_356' title='bbox 100 4193 184 4240; x_wconf 87' lang='lat' dir='ltr'><em>sanius</em></span> <span class='ocrx_word' id='word_1_357' title='bbox 198 4193 319 4240; x_wconf 82' lang='lat' dir='ltr'><em>Animads.</em></span> <span class='ocrx_word' id='word_1_358' title='bbox 333 4193 393 4240; x_wconf 84' lang='lat' dir='ltr'><em>liist.</em></span> <span class='ocrx_word' id='word_1_359' title='bbox 413 4208 432 4239; x_wconf 86' lang='lat' dir='ltr'><em>e.</em></span> <span class='ocrx_word' id='word_1_360' title='bbox 450 4193 473 4240; x_wconf 81' lang='grc'><em>8.</em></span> <span class='ocrx_word' id='word_1_361' title='bbox 507 4193 622 4253; x_wconf 66' lang='grc' dir='ltr'><em>Βεμωιιι</em></span> <span class='ocrx_word' id='word_1_362' title='bbox 642 4194 714 4254; x_wconf 69' lang='lat' dir='ltr'><em>igitur</em></span> <span class='ocrx_word' id='word_1_363' title='bbox 777 4193 808 4247; x_wconf 76' lang='lat'><em>7³</em></span> <span class='ocrx_word' id='word_1_364' title='bbox 824 4192 935 4239; x_wconf 67' lang='lat' dir='ltr'><em>liobam</em></span> <span class='ocrx_word' id='word_1_365' title='bbox 952 4207 968 4238; x_wconf 90' lang='lat' dir='ltr'><em>a</em></span> <span class='ocrx_word' id='word_1_366' title='bbox 982 4193 1023 4240; x_wconf 87' lang='lat' dir='ltr'><em>tsli</em></span> <span class='ocrx_word' id='word_1_367' title='bbox 1039 4187 1120 4250; x_wconf 71' lang='lat' dir='ltr'><em>nuru]</em></span> <span class='ocrx_word' id='word_1_368' title='bbox 1149 4188 1240 4248; x_wconf 81' lang='lat' dir='ltr'><em>Nempe</em></span> <span class='ocrx_word' id='word_1_369' title='bbox 1255 4203 1269 4235; x_wconf 86' lang='lat' dir='ltr'><em>s</em></span> <span class='ocrx_word' id='word_1_370' title='bbox 1287 4191 1357 4237; x_wconf 84' lang='lat' dir='ltr'><em>verbo</em></span> 
     </span>
     <span class='ocr_line' id='line_1_43' title="bbox 99 4251 953 4317; baseline -0.002 -14"><span class='ocrx_word' id='word_1_371' title='bbox 99 4257 146 4303; x_wconf 84' lang='lat' dir='ltr'><em>isac</em></span> <span class='ocrx_word' id='word_1_372' title='bbox 157 4257 206 4302; x_wconf 87' lang='lat' dir='ltr'><em>loco</em></span> <span class='ocrx_word' id='word_1_373' title='bbox 221 4257 381 4317; x_wconf 68' lang='lat' dir='ltr'><em>ibamalpisos</em></span> <span class='ocrx_word' id='word_1_374' title='bbox 394 4257 478 4304; x_wconf 83' lang='lat' dir='ltr'><em>Gallos.</em></span> <span class='ocrx_word' id='word_1_375' title='bbox 746 4256 828 4302; x_wconf 78' lang='lat' dir='ltr'><em>Grseco</em></span> <span class='ocrx_word' id='word_1_376' title='bbox 839 4251 953 4314; x_wconf 76' lang='grc' dir='ltr'><em>βάλλειν.</em></span> 
     </span>
    </p>

    <p class='ocr_par' dir='ltr' id='par_1_14' title="bbox 98 4311 1356 4507">
     <span class='ocr_line' id='line_1_44' title="bbox 133 4311 1355 4380; baseline -0.002 -14"><span class='ocrx_word' id='word_1_377' title='bbox 133 4319 165 4374; x_wconf 81' lang='grc'><em>76</em></span> <span class='ocrx_word' id='word_1_378' title='bbox 182 4321 275 4367; x_wconf 70' lang='lat' dir='ltr'><em>&amp;nisu</em></span> <span class='ocrx_word' id='word_1_379' title='bbox 287 4327 309 4368; x_wconf 88' lang='lat' dir='ltr'><em>et</em></span> <span class='ocrx_word' id='word_1_380' title='bbox 320 4319 415 4380; x_wconf 78' lang='lat' dir='ltr'><em>triente]</em></span> <span class='ocrx_word' id='word_1_381' title='bbox 436 4320 463 4366; x_wconf 90' lang='lat' dir='ltr'><em>ld</em></span> <span class='ocrx_word' id='word_1_382' title='bbox 474 4327 518 4373; x_wconf 83' lang='lat' dir='ltr'><em>est,</em></span> <span class='ocrx_word' id='word_1_383' title='bbox 530 4321 651 4376; x_wconf 80' lang='lat' dir='ltr'><em>dextante,</em></span> <span class='ocrx_word' id='word_1_384' title='bbox 663 4320 711 4366; x_wconf 81' lang='lat' dir='ltr'><em>sies</em></span> <span class='ocrx_word' id='word_1_385' title='bbox 776 4319 808 4374; x_wconf 80' lang='grc'><em>79</em></span> <span class='ocrx_word' id='word_1_386' title='bbox 826 4319 861 4365; x_wconf 85' lang='lat' dir='ltr'><em>Ob</em></span> <span class='ocrx_word' id='word_1_387' title='bbox 871 4333 980 4380; x_wconf 66' lang='lat' dir='ltr'><em>aquarn·</em></span> <span class='ocrx_word' id='word_1_388' title='bbox 990 4311 1087 4377; x_wconf 61' lang='lat' dir='ltr'><em>eman]</em></span> <span class='ocrx_word' id='word_1_389' title='bbox 1107 4313 1183 4374; x_wconf 71' lang='lat' dir='ltr'><em>uagis</em></span> <span class='ocrx_word' id='word_1_390' title='bbox 1191 4315 1293 4375; x_wconf 82' lang='lat' dir='ltr'><em>pisceret</em></span> <span class='ocrx_word' id='word_1_391' title='bbox 1301 4329 1355 4364; x_wconf 87' lang='lat' dir='ltr'><em>cum</em></span> 
     </span>
     <span class='ocr_line' id='line_1_45' title="bbox 98 4379 1356 4444; baseline -0.001 -14"><span class='ocrx_word' id='word_1_392' title='bbox 98 4385 182 4430; x_wconf 86' lang='lat' dir='ltr'><em>decem</em></span> <span class='ocrx_word' id='word_1_393' title='bbox 199 4385 255 4430; x_wconf 77' lang='lat' dir='ltr'><em>neeis</em></span> <span class='ocrx_word' id='word_1_394' title='bbox 273 4384 386 4444; x_wconf 79' lang='lat' dir='ltr'><em>pertibus,</em></span> <span class='ocrx_word' id='word_1_395' title='bbox 397 4385 477 4444; x_wconf 79' lang='lat' dir='ltr'><em>quales</em></span> <span class='ocrx_word' id='word_1_396' title='bbox 495 4384 618 4430; x_wconf 81' lang='lat' dir='ltr'><em>duodecim</em></span> <span class='ocrx_word' id='word_1_397' title='bbox 638 4391 712 4430; x_wconf 84' lang='lat' dir='ltr'><em>totum</em></span> <span class='ocrx_word' id='word_1_398' title='bbox 746 4383 864 4429; x_wconf 83' lang='lat' dir='ltr'><em>Gronovio</em></span> <span class='ocrx_word' id='word_1_399' title='bbox 881 4383 973 4441; x_wconf 73' lang='lat' dir='ltr'><em>legere:</em></span> <span class='ocrx_word' id='word_1_400' title='bbox 991 4382 1142 4440; x_wconf 82' lang='lat' dir='ltr'><em>absquaruss</em></span> <span class='ocrx_word' id='word_1_401' title='bbox 1157 4379 1238 4438; x_wconf 76' lang='lat' dir='ltr'><em>copia·</em></span> <span class='ocrx_word' id='word_1_402' title='bbox 1269 4387 1356 4442; x_wconf 84' lang='lat' dir='ltr'><em>.ntqus</em></span> 
     </span>
     <span class='ocr_line' id='line_1_46' title="bbox 98 4443 1094 4507; baseline -0.003 -14"><span class='ocrx_word' id='word_1_403' title='bbox 98 4461 175 4495; x_wconf 74' lang='lat' dir='ltr'><em>essem</em></span> <span class='ocrx_word' id='word_1_404' title='bbox 187 4455 292 4507; x_wconf 81' lang='lat' dir='ltr'><em>sequent.</em></span> <span class='ocrx_word' id='word_1_405' title='bbox 746 4461 760 4493; x_wconf 87' lang='lat' dir='ltr'><em>a</em></span> <span class='ocrx_word' id='word_1_406' title='bbox 772 4448 857 4493; x_wconf 79' lang='lat' dir='ltr'><em>sonim</em></span> <span class='ocrx_word' id='word_1_407' title='bbox 867 4461 906 4492; x_wconf 85' lang='lat' dir='ltr'><em>suo</em></span> <span class='ocrx_word' id='word_1_408' title='bbox 917 4447 951 4492; x_wconf 89' lang='lat' dir='ltr'><em>ita</em></span> <span class='ocrx_word' id='word_1_409' title='bbox 962 4443 1094 4504; x_wconf 65' lang='lat' dir='ltr'><em>mutasse.</em></span> 
     </span>
    </p>

    <p class='ocr_par' dir='ltr' id='par_1_15' title="bbox 131 4509 714 4574">
     <span class='ocr_line' id='line_1_47' title="bbox 131 4509 714 4574; baseline 0 -18"><span class='ocrx_word' id='word_1_410' title='bbox 131 4511 163 4565; x_wconf 81' lang='grc'><em>77</em></span> <span class='ocrx_word' id='word_1_411' title='bbox 180 4511 356 4558; x_wconf 76' lang='lat' dir='ltr'><em>virescentis:</em></span> <span class='ocrx_word' id='word_1_412' title='bbox 367 4509 492 4574; x_wconf 81' lang='lat' dir='ltr'><em>equitibus]</em></span> <span class='ocrx_word' id='word_1_413' title='bbox 505 4511 617 4566; x_wconf 74' lang='lat' dir='ltr'><em>Ruricius,</em></span> <span class='ocrx_word' id='word_1_414' title='bbox 631 4511 714 4557; x_wconf 82' lang='lat' dir='ltr'><em>Anim-</em></span> 
     </span>
    </p>
   </div>
   <div class='ocr_carea' id='block_1_13' title="bbox 0 0 1540 4962">
    <p class='ocr_par' dir='ltr' id='par_1_16' title="bbox 0 0 1540 4962">
     <span class='ocr_line' id='line_1_48' title="bbox 0 0 1540 4962; baseline 0 8"><span class='ocrx_word' id='word_1_415' title='bbox 0 0 1540 4962; x_wconf 95' lang='lat' dir='ltr'><em> </em></span> 
     </span>
    </p>
   </div>
  </div>
 </body>
</html>
