<?xml version="1.0" encoding="UTF-8"?>
<!DOCTYPE html PUBLIC "-//W3C//DTD XHTML 1.0 Transitional//EN"
    "http://www.w3.org/TR/xhtml1/DTD/xhtml1-transitional.dtd">
<html xmlns="http://www.w3.org/1999/xhtml" xml:lang="en" lang="en">
 <head>
  <title>
</title>
<meta http-equiv="Content-Type" content="text/html;charset=utf-8" />
  <meta name='ocr-system' content='tesseract 3.04.00' />
  <meta name='ocr-capabilities' content='ocr_page ocr_carea ocr_par ocr_line ocrx_word'/>
</head>
<body>
  <div class='ocr_page' id='page_1' title='image "./tliviipatavinih01crevgoog/tliviipatavinih01crevgoog_0438.png"; bbox 0 0 3098 4958; ppageno 0'>
   <div class='ocr_carea' id='block_1_1' title="bbox 181 331 980 407">
    <p class='ocr_par' dir='ltr' id='par_1_1' title="bbox 181 331 980 407">
     <span class='ocr_line' id='line_1_1' title="bbox 181 331 980 407; baseline -0.014 0"><span class='ocrx_word' id='word_1_1' title='bbox 181 343 245 407; x_wconf 77' lang='lat'><strong>428</strong></span> <span class='ocrx_word' id='word_1_2' title='bbox 748 333 842 398; x_wconf 83' lang='lat' dir='ltr'><strong>&#39;tl‘tl</strong></span> <span class='ocrx_word' id='word_1_3' title='bbox 864 331 980 396; x_wconf 84' lang='lat' dir='ltr'><strong>LIVll</strong></span> 
     </span>
    </p>
   </div>
   <div class='ocr_carea' id='block_1_2' title="bbox 184 481 1448 906">
    <p class='ocr_par' dir='ltr' id='par_1_2' title="bbox 184 481 1448 906">
     <span class='ocr_line' id='line_1_2' title="bbox 184 481 1443 566; baseline -0.002 -16"><span class='ocrx_word' id='word_1_4' title='bbox 184 505 213 550; x_wconf 86' lang='grc' dir='ltr'><strong>υ.</strong></span> <span class='ocrx_word' id='word_1_5' title='bbox 224 503 249 548; x_wconf 91' lang='lat' dir='ltr'><strong>c.</strong></span> <span class='ocrx_word' id='word_1_6' title='bbox 262 500 316 548; x_wconf 75' lang='lat' dir='ltr'><strong>aas.</strong></span> <span class='ocrx_word' id='word_1_7' title='bbox 346 488 467 551; x_wconf 77' lang='lat' dir='ltr'><strong><em>Interea</em></strong></span> <span class='ocrx_word' id='word_1_8' title='bbox 480 486 643 566; x_wconf 75' lang='lat' dir='ltr'><strong>lepationer</strong></span> <span class='ocrx_word' id='word_1_9' title='bbox 656 489 830 546; x_wconf 75' lang='lat' dir='ltr'><strong>eaterrms</strong></span> <span class='ocrx_word' id='word_1_10' title='bbox 843 483 1000 545; x_wconf 80' lang='lat' dir='ltr'><strong>natiomrm</strong></span> <span class='ocrx_word' id='word_1_11' title='bbox 1014 481 1223 562; x_wconf 82' lang='lat' dir='ltr'><strong>rnrdiriposse.</strong></span> <span class='ocrx_word' id='word_1_12' title='bbox 1246 481 1267 516; x_wconf 84' lang='lat'><strong>¹¹</strong></span> <span class='ocrx_word' id='word_1_13' title='bbox 1279 481 1443 546; x_wconf 77' lang='lat' dir='ltr'><strong>Sam-ificio</strong></span> 
     </span>
     <span class='ocr_line' id='line_1_3' title="bbox 184 564 1445 654; baseline -0.003 -20"><span class='ocrx_word' id='word_1_14' title='bbox 184 569 212 612; x_wconf 67' lang='grc' dir='ltr'><strong>Α·</strong></span> <span class='ocrx_word' id='word_1_15' title='bbox 225 567 252 611; x_wconf 81' lang='lat'><strong>⁰·</strong></span> <span class='ocrx_word' id='word_1_16' title='bbox 266 564 318 610; x_wconf 61' lang='lat'><strong>¹⁶⁸</strong></span> <span class='ocrx_word' id='word_1_17' title='bbox 347 571 406 635; x_wconf 83' lang='lat' dir='ltr'><strong>rite</strong></span> <span class='ocrx_word' id='word_1_18' title='bbox 428 569 602 654; x_wconf 73' lang='lat' dir='ltr'><strong>perfectos,</strong></span> <span class='ocrx_word' id='word_1_19' title='bbox 625 567 721 652; x_wconf 91' lang='lat' dir='ltr'><strong>primi</strong></span> <span class='ocrx_word' id='word_1_20' title='bbox 741 565 958 644; x_wconf 85' lang='lat' dir='ltr'><strong>Alexandrini,</strong></span> <span class='ocrx_word' id='word_1_21' title='bbox 984 565 1080 649; x_wconf 81' lang='lat' dir='ltr'><strong>legati</strong></span> <span class='ocrx_word' id='word_1_22' title='bbox 1106 565 1179 628; x_wconf 81' lang='lat' dir='ltr'><strong>¹&#39;ab</strong></span> <span class='ocrx_word' id='word_1_23' title='bbox 1209 566 1387 630; x_wconf 85' lang='lat' dir='ltr'><strong>Ptolemaeo</strong></span> <span class='ocrx_word' id='word_1_24' title='bbox 1413 577 1445 630; x_wconf 88' lang='lat' dir='ltr'><strong>et</strong></span> 
     </span>
     <span class='ocr_line' id='line_1_4' title="bbox 185 627 1446 738; baseline -0.002 -21"><span class='ocrx_word' id='word_1_25' title='bbox 185 627 326 702; x_wconf 55' lang='lat' dir='ltr'><strong>⁸¹²¹⁸¹¹i¹l</strong></span> <span class='ocrx_word' id='word_1_26' title='bbox 349 655 518 738; x_wconf 78' lang='lat' dir='ltr'><strong>Cleopatra</strong></span> <span class='ocrx_word' id='word_1_27' title='bbox 540 653 678 737; x_wconf 81' lang='lat' dir='ltr'><strong>regibus,</strong></span> <span class='ocrx_word' id='word_1_28' title='bbox 703 651 806 714; x_wconf 86' lang='lat' dir='ltr'><strong>vocati</strong></span> <span class='ocrx_word' id='word_1_29' title='bbox 833 658 919 714; x_wconf 88' lang='lat' dir='ltr'><strong>sunt.</strong></span> <span class='ocrx_word' id='word_1_30' title='bbox 963 649 1132 729; x_wconf 83' lang='lat' dir='ltr'><strong>Sordidati,</strong></span> <span class='ocrx_word' id='word_1_31' title='bbox 1156 649 1255 714; x_wconf 85' lang='lat' dir='ltr'><strong>barba</strong></span> <span class='ocrx_word' id='word_1_32' title='bbox 1272 659 1305 713; x_wconf 86' lang='lat' dir='ltr'><strong>et</strong></span> <span class='ocrx_word' id='word_1_33' title='bbox 1327 652 1446 736; x_wconf 84' lang='lat' dir='ltr'><strong>capillo</strong></span> 
     </span>
     <span class='ocr_line' id='line_1_5' title="bbox 349 733 1448 825; baseline -0.003 -24"><span class='ocrx_word' id='word_1_34' title='bbox 349 738 516 825; x_wconf 89' lang='lat' dir='ltr'><strong>promisso,</strong></span> <span class='ocrx_word' id='word_1_35' title='bbox 537 758 610 800; x_wconf 90' lang='lat' dir='ltr'><strong>cum</strong></span> <span class='ocrx_word' id='word_1_36' title='bbox 629 735 725 798; x_wconf 91' lang='lat' dir='ltr'><strong>ramis</strong></span> <span class='ocrx_word' id='word_1_37' title='bbox 740 735 817 798; x_wconf 82' lang='lat' dir='ltr'><strong>olere</strong></span> <span class='ocrx_word' id='word_1_38' title='bbox 832 733 967 820; x_wconf 79' lang='lat' dir='ltr'><strong>ingressi</strong></span> <span class='ocrx_word' id='word_1_39' title='bbox 981 733 1112 811; x_wconf 82' lang='lat' dir='ltr'><strong>curiam,</strong></span> <span class='ocrx_word' id='word_1_40' title='bbox 1126 735 1392 818; x_wconf 82' lang='lat' dir='ltr'><strong>pmcubuerunt:</strong></span> <span class='ocrx_word' id='word_1_41' title='bbox 1415 745 1448 798; x_wconf 85' lang='lat' dir='ltr'><strong>et</strong></span> 
     </span>
     <span class='ocr_line' id='line_1_6' title="bbox 350 817 1448 906; baseline -0.005 -19"><span class='ocrx_word' id='word_1_42' title='bbox 350 823 460 900; x_wconf 89' lang='lat' dir='ltr'><strong>oratio,</strong></span> <span class='ocrx_word' id='word_1_43' title='bbox 475 843 570 906; x_wconf 90' lang='lat' dir='ltr'><strong>quarn</strong></span> <span class='ocrx_word' id='word_1_44' title='bbox 584 819 723 898; x_wconf 89' lang='lat' dir='ltr'><strong>habitus,</strong></span> <span class='ocrx_word' id='word_1_45' title='bbox 736 819 798 882; x_wconf 84' lang='lat' dir='ltr'><strong>suit</strong></span> <span class='ocrx_word' id='word_1_46' title='bbox 812 817 1027 882; x_wconf 81' lang='lat' dir='ltr'><strong>miserabilior.</strong></span> <span class='ocrx_word' id='word_1_47' title='bbox 1070 819 1250 882; x_wconf 77' lang='lat' dir='ltr'><strong>Antiochus</strong></span> <span class='ocrx_word' id='word_1_48' title='bbox 1262 819 1367 903; x_wconf 79' lang='lat' dir='ltr'><strong>Syr-irc</strong></span> <span class='ocrx_word' id='word_1_49' title='bbox 1379 841 1448 898; x_wconf 88' lang='lat' dir='ltr'><strong>rex,</strong></span> 
     </span>
    </p>
   </div>
   <div class='ocr_carea' id='block_1_3' title="bbox 350 902 1450 1000">
    <p class='ocr_par' dir='ltr' id='par_1_3' title="bbox 350 902 1450 1000">
     <span class='ocr_line' id='line_1_7' title="bbox 350 902 1450 1000; baseline -0.003 -31"><span class='ocrx_word' id='word_1_50' title='bbox 350 908 406 992; x_wconf 91' lang='lat' dir='ltr'><strong>qui</strong></span> <span class='ocrx_word' id='word_1_51' title='bbox 420 907 512 969; x_wconf 80' lang='lat' dir='ltr'><strong>obses</strong></span> <span class='ocrx_word' id='word_1_52' title='bbox 528 906 638 968; x_wconf 80' lang='lat' dir='ltr'><strong>Romae</strong></span> <span class='ocrx_word' id='word_1_53' title='bbox 652 904 764 982; x_wconf 81' lang='lat' dir='ltr'><strong>luerat,</strong></span> <span class='ocrx_word' id='word_1_54' title='bbox 785 925 843 988; x_wconf 89' lang='lat' dir='ltr'><strong>per</strong></span> <span class='ocrx_word' id='word_1_55' title='bbox 856 904 1022 967; x_wconf 81' lang='lat' dir='ltr'><strong>honestam</strong></span> <span class='ocrx_word' id='word_1_56' title='bbox 1042 903 1178 1000; x_wconf 77' lang='lat' dir='ltr'><strong>speciem</strong></span> <span class='ocrx_word' id='word_1_57' title='bbox 1192 902 1321 987; x_wconf 87' lang='lat' dir='ltr'><strong>majoris</strong></span> <span class='ocrx_word' id='word_1_58' title='bbox 1338 904 1450 967; x_wconf 87' lang='lat' dir='ltr'><strong>Ptole·</strong></span> 
     </span>
    </p>
   </div>
   <div class='ocr_carea' id='block_1_4' title="bbox 190 987 1453 3603">
    <p class='ocr_par' dir='ltr' id='par_1_4' title="bbox 190 987 1453 2656">
     <span class='ocr_line' id='line_1_8' title="bbox 350 987 1451 1072; baseline -0.003 -18"><span class='ocrx_word' id='word_1_59' title='bbox 350 991 422 1054; x_wconf 83' lang='lat' dir='ltr'><strong>maei</strong></span> <span class='ocrx_word' id='word_1_60' title='bbox 437 989 608 1052; x_wconf 85' lang='lat' dir='ltr'><strong>reducendi</strong></span> <span class='ocrx_word' id='word_1_61' title='bbox 621 988 655 1052; x_wconf 92' lang='lat' dir='ltr'><strong>in</strong></span> <span class='ocrx_word' id='word_1_62' title='bbox 673 1009 818 1072; x_wconf 81' lang='lat' dir='ltr'><strong>regnum,</strong></span> <span class='ocrx_word' id='word_1_63' title='bbox 832 987 952 1051; x_wconf 91' lang='lat' dir='ltr'><strong>bellum</strong></span> <span class='ocrx_word' id='word_1_64' title='bbox 966 1007 1039 1049; x_wconf 91' lang='lat' dir='ltr'><strong>cum</strong></span> <span class='ocrx_word' id='word_1_65' title='bbox 1052 1007 1173 1050; x_wconf 83' lang='lat' dir='ltr'><strong>murore</strong></span> <span class='ocrx_word' id='word_1_66' title='bbox 1187 987 1281 1050; x_wconf 84' lang='lat' dir='ltr'><strong>fratre</strong></span> <span class='ocrx_word' id='word_1_67' title='bbox 1292 988 1377 1072; x_wconf 89' lang='lat' dir='ltr'><strong>ejus,</strong></span> <span class='ocrx_word' id='word_1_68' title='bbox 1393 989 1451 1072; x_wconf 89' lang='lat' dir='ltr'><strong>qui</strong></span> 
     </span>
     <span class='ocr_line' id='line_1_9' title="bbox 350 1070 1450 1156; baseline -0.002 -18"><span class='ocrx_word' id='word_1_69' title='bbox 350 1085 421 1138; x_wconf 89' lang='lat' dir='ltr'><strong>tum</strong></span> <span class='ocrx_word' id='word_1_70' title='bbox 434 1073 657 1137; x_wconf 83' lang='lat' dir='ltr'><strong>Alexandriam</strong></span> <span class='ocrx_word' id='word_1_71' title='bbox 672 1073 811 1150; x_wconf 87' lang='lat' dir='ltr'><strong>tenebat,</strong></span> <span class='ocrx_word' id='word_1_72' title='bbox 826 1092 948 1156; x_wconf 80' lang='lat' dir='ltr'><strong>gerens,</strong></span> <span class='ocrx_word' id='word_1_73' title='bbox 962 1078 995 1134; x_wconf 85' lang='lat' dir='ltr'><strong>et</strong></span> <span class='ocrx_word' id='word_1_74' title='bbox 1008 1071 1050 1134; x_wconf 86' lang='lat' dir='ltr'><strong>ad</strong></span> <span class='ocrx_word' id='word_1_75' title='bbox 1064 1070 1226 1134; x_wconf 87' lang='lat' dir='ltr'><strong>Pelusium</strong></span> <span class='ocrx_word' id='word_1_76' title='bbox 1239 1073 1346 1135; x_wconf 90' lang='lat' dir='ltr'><strong>navali</strong></span> <span class='ocrx_word' id='word_1_77' title='bbox 1386 1094 1450 1136; x_wconf 79' lang='lat' dir='ltr'><strong>ren-</strong></span> 
     </span>
     <span class='ocr_line' id='line_1_10' title="bbox 350 1155 1451 1240; baseline -0.002 -18"><span class='ocrx_word' id='word_1_78' title='bbox 350 1160 393 1222; x_wconf 94' lang='lat' dir='ltr'><strong>lio</strong></span> <span class='ocrx_word' id='word_1_79' title='bbox 407 1159 508 1222; x_wconf 86' lang='lat' dir='ltr'><strong>victor</strong></span> <span class='ocrx_word' id='word_1_80' title='bbox 521 1158 635 1237; x_wconf 87' lang='lat' dir='ltr'><strong>fuerat,</strong></span> <span class='ocrx_word' id='word_1_81' title='bbox 655 1165 699 1236; x_wconf 89' lang='lat' dir='ltr'><strong>et,</strong></span> <span class='ocrx_word' id='word_1_82' title='bbox 711 1156 919 1220; x_wconf 88' lang='lat' dir='ltr'><strong>tumultuario</strong></span> <span class='ocrx_word' id='word_1_83' title='bbox 933 1177 1027 1240; x_wconf 90' lang='lat' dir='ltr'><strong>opere</strong></span> <span class='ocrx_word' id='word_1_84' title='bbox 1042 1163 1140 1239; x_wconf 88' lang='lat' dir='ltr'><strong>ponte</strong></span> <span class='ocrx_word' id='word_1_85' title='bbox 1153 1176 1210 1240; x_wconf 92' lang='lat' dir='ltr'><strong>per</strong></span> <span class='ocrx_word' id='word_1_86' title='bbox 1221 1155 1336 1219; x_wconf 89' lang='lat' dir='ltr'><strong>Nilum</strong></span> <span class='ocrx_word' id='word_1_87' title='bbox 1364 1167 1451 1236; x_wconf 85' lang='lat' dir='ltr'><strong>acto,</strong></span> 
     </span>
     <span class='ocr_line' id='line_1_11' title="bbox 350 1239 1451 1328; baseline -0.003 -21"><span class='ocrx_word' id='word_1_88' title='bbox 350 1252 567 1328; x_wconf 87' lang='lat' dir='ltr'><strong>transgressus</strong></span> <span class='ocrx_word' id='word_1_89' title='bbox 582 1263 656 1306; x_wconf 90' lang='lat' dir='ltr'><strong>cum</strong></span> <span class='ocrx_word' id='word_1_90' title='bbox 670 1241 819 1320; x_wconf 86' lang='lat' dir='ltr'><strong>exercitu,</strong></span> <span class='ocrx_word' id='word_1_91' title='bbox 834 1240 997 1304; x_wconf 90' lang='lat' dir='ltr'><strong>obsidione</strong></span> <span class='ocrx_word' id='word_1_92' title='bbox 1016 1239 1120 1324; x_wconf 88' lang='lat' dir='ltr'><strong>ipsam</strong></span> <span class='ocrx_word' id='word_1_93' title='bbox 1137 1239 1365 1303; x_wconf 85' lang='lat' dir='ltr'><strong>Alexandriam</strong></span> <span class='ocrx_word' id='word_1_94' title='bbox 1384 1250 1451 1304; x_wconf 87' lang='lat' dir='ltr'><strong>ter-</strong></span> 
     </span>
     <span class='ocr_line' id='line_1_12' title="bbox 351 1324 1451 1412; baseline -0.005 -19"><span class='ocrx_word' id='word_1_95' title='bbox 351 1328 458 1393; x_wconf 82' lang='lat' dir='ltr'><strong>rebat:</strong></span> <span class='ocrx_word' id='word_1_96' title='bbox 479 1347 539 1392; x_wconf 88' lang='lat' dir='ltr'><strong>nec</strong></span> <span class='ocrx_word' id='word_1_97' title='bbox 552 1327 665 1412; x_wconf 90' lang='lat' dir='ltr'><strong>procul</strong></span> <span class='ocrx_word' id='word_1_98' title='bbox 678 1326 798 1404; x_wconf 89' lang='lat' dir='ltr'><strong>abesse,</strong></span> <span class='ocrx_word' id='word_1_99' title='bbox 813 1325 890 1409; x_wconf 91' lang='lat' dir='ltr'><strong>quin</strong></span> <span class='ocrx_word' id='word_1_100' title='bbox 906 1324 1063 1409; x_wconf 89' lang='lat' dir='ltr'><strong>potiretur</strong></span> <span class='ocrx_word' id='word_1_101' title='bbox 1080 1345 1177 1408; x_wconf 78' lang='lat' dir='ltr'><strong>regno</strong></span> <span class='ocrx_word' id='word_1_102' title='bbox 1191 1324 1451 1408; x_wconf 89' lang='lat' dir='ltr'><strong>opulentissimo,</strong></span> 
     </span>
     <span class='ocr_line' id='line_1_13' title="bbox 351 1409 1451 1496; baseline -0.004 -19"><span class='ocrx_word' id='word_1_103' title='bbox 351 1413 528 1478; x_wconf 88' lang='lat' dir='ltr'><strong>videbatur.</strong></span> <span class='ocrx_word' id='word_1_104' title='bbox 571 1411 622 1476; x_wconf 82' lang='lat' dir='ltr'><strong>Es</strong></span> <span class='ocrx_word' id='word_1_105' title='bbox 642 1411 738 1496; x_wconf 78' lang='lat' dir='ltr'><strong>legati</strong></span> <span class='ocrx_word' id='word_1_106' title='bbox 761 1417 928 1494; x_wconf 76' lang='lat' dir='ltr'><strong>querentes</strong></span> <span class='ocrx_word' id='word_1_107' title='bbox 951 1409 1084 1471; x_wconf 87' lang='lat' dir='ltr'><strong>orabant</strong></span> <span class='ocrx_word' id='word_1_108' title='bbox 1109 1417 1265 1487; x_wconf 88' lang='lat' dir='ltr'><strong>senatum,</strong></span> <span class='ocrx_word' id='word_1_109' title='bbox 1289 1417 1328 1472; x_wconf 91' lang='lat' dir='ltr'><strong>ut</strong></span> <span class='ocrx_word' id='word_1_110' title='bbox 1351 1431 1451 1494; x_wconf 90' lang='lat' dir='ltr'><strong>opem</strong></span> 
     </span>
     <span class='ocr_line' id='line_1_14' title="bbox 352 1493 1452 1660; baseline -0.003 -15"><span class='ocrx_word' id='word_1_111' title='bbox 352 1493 942 1660; x_wconf 39' lang='lat' dir='ltr'><strong>ffissl&#39;dbbiffiidldli</strong></span> <span class='ocrx_word' id='word_1_112' title='bbox 954 1493 1452 1659; x_wconf 50' lang='lat' dir='ltr'><strong>itti-{attrabat</strong></span> 
     </span>
     <span class='ocr_line' id='line_1_15' title="bbox 352 1625 1452 1745; baseline -0.003 -16"><span class='ocrx_word' id='word_1_113' title='bbox 352 1669 476 1729; x_wconf 75' lang='lat' dir='ltr'><strong>ritatem</strong></span> <span class='ocrx_word' id='word_1_114' title='bbox 489 1684 562 1741; x_wconf 88' lang='lat' dir='ltr'><strong>esse,</strong></span> <span class='ocrx_word' id='word_1_115' title='bbox 575 1669 620 1741; x_wconf 84' lang='lat' dir='ltr'><strong>ut,</strong></span> <span class='ocrx_word' id='word_1_116' title='bbox 633 1665 661 1724; x_wconf 88' lang='lat' dir='ltr'><strong>si</strong></span> <span class='ocrx_word' id='word_1_117' title='bbox 675 1625 790 1744; x_wconf 73' lang='lat' dir='ltr'><strong>tepulae</strong></span> <span class='ocrx_word' id='word_1_118' title='bbox 803 1663 964 1739; x_wconf 83' lang='lat' dir='ltr'><strong>misissent,</strong></span> <span class='ocrx_word' id='word_1_119' title='bbox 986 1664 1038 1744; x_wconf 77' lang='lat' dir='ltr'><strong>pai</strong></span> <span class='ocrx_word' id='word_1_120' title='bbox 1053 1662 1278 1740; x_wconf 69' lang='lat' dir='ltr'><strong>damncimast,</strong></span> <span class='ocrx_word' id='word_1_121' title='bbox 1300 1684 1362 1726; x_wconf 91' lang='lat' dir='ltr'><strong>non</strong></span> <span class='ocrx_word' id='word_1_122' title='bbox 1374 1665 1452 1745; x_wconf 82' lang='lat' dir='ltr'><strong>pla-</strong></span> 
     </span>
     <span class='ocr_line' id='line_1_16' title="bbox 353 1745 1452 1828; baseline -0.002 -16"><span class='ocrx_word' id='word_1_123' title='bbox 353 1769 420 1812; x_wconf 89' lang='lat' dir='ltr'><strong>cere</strong></span> <span class='ocrx_word' id='word_1_124' title='bbox 434 1749 562 1824; x_wconf 82' lang='lat' dir='ltr'><strong>senatui,</strong></span> <span class='ocrx_word' id='word_1_125' title='bbox 577 1748 668 1810; x_wconf 63' lang='lat' dir='ltr'><strong>roda</strong></span> <span class='ocrx_word' id='word_1_126' title='bbox 680 1747 801 1828; x_wconf 76' lang='lat' dir='ltr'><strong>repibus</strong></span> <span class='ocrx_word' id='word_1_127' title='bbox 815 1746 924 1809; x_wconf 63' lang='lat' dir='ltr'><strong>marna</strong></span> <span class='ocrx_word' id='word_1_128' title='bbox 934 1745 1019 1827; x_wconf 71' lang='lat' dir='ltr'><strong>fieri,</strong></span> <span class='ocrx_word' id='word_1_129' title='bbox 1037 1747 1185 1827; x_wconf 68' lang='lat' dir='ltr'><strong>extemplo</strong></span> <span class='ocrx_word' id='word_1_130' title='bbox 1209 1747 1407 1810; x_wconf 72' lang='lat' dir='ltr'><strong>absumeres-res</strong></span> <span class='ocrx_word' id='word_1_131' title='bbox 1431 1769 1452 1810; x_wconf 88' lang='lat' dir='ltr'><strong>a</strong></span> 
     </span>
     <span class='ocr_line' id='line_1_17' title="bbox 352 1830 1452 1913; baseline -0.001 -17"><span class='ocrx_word' id='word_1_132' title='bbox 352 1833 497 1896; x_wconf 79' lang='lat' dir='ltr'><strong>manibus</strong></span> <span class='ocrx_word' id='word_1_133' title='bbox 510 1831 717 1908; x_wconf 66' lang='lat' dir='ltr'><strong>Alexandria,</strong></span> <span class='ocrx_word' id='word_1_134' title='bbox 733 1830 974 1912; x_wconf 77' lang='lat' dir='ltr'><strong>abducturusque</strong></span> <span class='ocrx_word' id='word_1_135' title='bbox 993 1832 1159 1894; x_wconf 70' lang='lat' dir='ltr'><strong>eradium</strong></span> <span class='ocrx_word' id='word_1_136' title='bbox 1172 1831 1206 1894; x_wconf 85' lang='lat' dir='ltr'><strong>in</strong></span> <span class='ocrx_word' id='word_1_137' title='bbox 1219 1832 1344 1913; x_wconf 55' lang='lat' dir='ltr'><strong>msam</strong></span> <span class='ocrx_word' id='word_1_138' title='bbox 1358 1839 1452 1896; x_wconf 82' lang='lat' dir='ltr'><strong>esset.</strong></span> 
     </span>
     <span class='ocr_line' id='line_1_18' title="bbox 356 1914 1453 1996; baseline 0.002 -18"><span class='ocrx_word' id='word_1_139' title='bbox 356 1917 444 1990; x_wconf 88' lang='lat' dir='ltr'><strong>Quod</strong></span> <span class='ocrx_word' id='word_1_140' title='bbox 464 1917 492 1978; x_wconf 86' lang='lat' dir='ltr'><strong>ss&#39;</strong></span> <span class='ocrx_word' id='word_1_141' title='bbox 516 1921 693 1978; x_wconf 80' lang='lat' dir='ltr'><strong>cunctentur</strong></span> <span class='ocrx_word' id='word_1_142' title='bbox 707 1914 825 1996; x_wconf 68' lang='lat' dir='ltr'><strong>saone,</strong></span> <span class='ocrx_word' id='word_1_143' title='bbox 845 1915 927 1978; x_wconf 81' lang='lat' dir='ltr'><strong>brevi</strong></span> <span class='ocrx_word' id='word_1_144' title='bbox 946 1921 1084 1978; x_wconf 79' lang='lat' dir='ltr'><strong>artures</strong></span> <span class='ocrx_word' id='word_1_145' title='bbox 1103 1935 1195 1996; x_wconf 74' lang='lat' dir='ltr'><strong>reyno</strong></span> <span class='ocrx_word' id='word_1_146' title='bbox 1209 1916 1407 1978; x_wconf 82' lang='lat' dir='ltr'><strong>Ptolemoearn</strong></span> <span class='ocrx_word' id='word_1_147' title='bbox 1421 1925 1453 1980; x_wconf 88' lang='lat' dir='ltr'><strong>et</strong></span> 
     </span>
     <span class='ocr_line' id='line_1_19' title="bbox 356 2000 1453 2082; baseline 0.001 -18"><span class='ocrx_word' id='word_1_148' title='bbox 356 2003 549 2082; x_wconf 84' lang='lat' dir='ltr'><strong>Cleopatram</strong></span> <span class='ocrx_word' id='word_1_149' title='bbox 573 2001 702 2062; x_wconf 84' lang='lat' dir='ltr'><strong>Rursum</strong></span> <span class='ocrx_word' id='word_1_150' title='bbox 724 2006 875 2077; x_wconf 85' lang='lat' dir='ltr'><strong>venturos,</strong></span> <span class='ocrx_word' id='word_1_151' title='bbox 896 2019 964 2062; x_wconf 89' lang='lat' dir='ltr'><strong>aurs</strong></span> <span class='ocrx_word' id='word_1_152' title='bbox 981 2000 1102 2080; x_wconf 83' lang='lat' dir='ltr'><strong>pssdore</strong></span> <span class='ocrx_word' id='word_1_153' title='bbox 1121 2000 1250 2080; x_wconf 69' lang='lat' dir='ltr'><strong>padam</strong></span> <span class='ocrx_word' id='word_1_154' title='bbox 1264 2002 1371 2081; x_wconf 82' lang='lat' dir='ltr'><strong>populi</strong></span> <span class='ocrx_word' id='word_1_155' title='bbox 1384 2001 1453 2065; x_wconf 89' lang='lat' dir='ltr'><strong>Ro-</strong></span> 
     </span>
     <span class='ocr_line' id='line_1_20' title="bbox 354 2083 1453 2168; baseline -0.002 -18"><span class='ocrx_word' id='word_1_156' title='bbox 354 2087 447 2163; x_wconf 78' lang='lat' dir='ltr'><strong>nsunt,</strong></span> <span class='ocrx_word' id='word_1_157' title='bbox 467 2085 548 2168; x_wconf 84' lang='lat' dir='ltr'><strong>quod</strong></span> <span class='ocrx_word' id='word_1_158' title='bbox 560 2085 675 2147; x_wconf 66' lang='lat' dir='ltr'><strong>nalum</strong></span> <span class='ocrx_word' id='word_1_159' title='bbox 689 2105 773 2166; x_wconf 81' lang='lat' dir='ltr'><strong>open</strong></span> <span class='ocrx_word' id='word_1_160' title='bbox 787 2086 820 2146; x_wconf 89' lang='lat' dir='ltr'><strong>s&#39;n</strong></span> <span class='ocrx_word' id='word_1_161' title='bbox 833 2085 940 2146; x_wconf 81' lang='lat' dir='ltr'><strong>ultima</strong></span> <span class='ocrx_word' id='word_1_162' title='bbox 955 2084 1129 2146; x_wconf 74' lang='lat' dir='ltr'><strong>disaims&#39;ne</strong></span> <span class='ocrx_word' id='word_1_163' title='bbox 1137 2083 1337 2164; x_wconf 74' lang='lat' dir='ltr'><strong>sarturas-sors</strong></span> <span class='ocrx_word' id='word_1_164' title='bbox 1360 2087 1453 2148; x_wconf 82' lang='lat' dir='ltr'><strong>tutie-</strong></span> 
     </span>
     <span class='ocr_line' id='line_1_21' title="bbox 354 2167 1452 2254; baseline 0 -20"><span class='ocrx_word' id='word_1_165' title='bbox 354 2177 431 2234; x_wconf 85' lang='lat' dir='ltr'><strong>sent.</strong></span> <span class='ocrx_word' id='word_1_166' title='bbox 476 2169 561 2232; x_wconf 89' lang='lat' dir='ltr'><strong>Moti</strong></span> <span class='ocrx_word' id='word_1_167' title='bbox 584 2169 692 2232; x_wconf 85' lang='lat' dir='ltr'><strong>Patres</strong></span> <span class='ocrx_word' id='word_1_168' title='bbox 712 2168 859 2254; x_wconf 89' lang='lat' dir='ltr'><strong>precibus</strong></span> <span class='ocrx_word' id='word_1_169' title='bbox 882 2167 1180 2246; x_wconf 83' lang='lat' dir='ltr'><strong>Alexandrinorum,</strong></span> <span class='ocrx_word' id='word_1_170' title='bbox 1196 2168 1356 2253; x_wconf 85' lang='lat' dir='ltr'><strong>extemplo</strong></span> <span class='ocrx_word' id='word_1_171' title='bbox 1377 2169 1397 2202; x_wconf 83' lang='lat'><strong>¹⁸</strong></span> <span class='ocrx_word' id='word_1_172' title='bbox 1411 2170 1452 2234; x_wconf 89' lang='lat' dir='ltr'><strong>C.</strong></span> 
     </span>
     <span class='ocr_line' id='line_1_22' title="bbox 190 2251 1452 2340; baseline 0.002 -24"><span class='ocrx_word' id='word_1_173' title='bbox 190 2269 228 2316; x_wconf 80' lang='lat' dir='ltr'><strong>Ar</strong></span> <span class='ocrx_word' id='word_1_174' title='bbox 243 2267 327 2314; x_wconf 76' lang='lat' dir='ltr'><strong>Antro-</strong></span> <span class='ocrx_word' id='word_1_175' title='bbox 356 2254 528 2340; x_wconf 89' lang='lat' dir='ltr'><strong>Popillium</strong></span> <span class='ocrx_word' id='word_1_176' title='bbox 542 2254 716 2332; x_wconf 82' lang='lat' dir='ltr'><strong>Loenatem,</strong></span> <span class='ocrx_word' id='word_1_177' title='bbox 730 2261 779 2316; x_wconf 85' lang='lat' dir='ltr'><strong>ct·</strong></span> <span class='ocrx_word' id='word_1_178' title='bbox 794 2253 831 2316; x_wconf 81' lang='grc' dir='ltr'><strong>Ο.</strong></span> <span class='ocrx_word' id='word_1_179' title='bbox 842 2252 1023 2316; x_wconf 82' lang='lat' dir='ltr'><strong>Decimium</strong></span> <span class='ocrx_word' id='word_1_180' title='bbox 1036 2261 1069 2315; x_wconf 88' lang='lat' dir='ltr'><strong>et</strong></span> <span class='ocrx_word' id='word_1_181' title='bbox 1079 2251 1117 2316; x_wconf 87' lang='lat' dir='ltr'><strong>C.</strong></span> <span class='ocrx_word' id='word_1_182' title='bbox 1131 2252 1327 2317; x_wconf 87' lang='lat' dir='ltr'><strong>Hostilinml</strong></span> <span class='ocrx_word' id='word_1_183' title='bbox 1387 2263 1452 2334; x_wconf 89' lang='lat' dir='ltr'><strong>tos,</strong></span> 
     </span>
     <span class='ocr_line' id='line_1_23' title="bbox 190 2333 1453 2442; baseline 0 -40"><span class='ocrx_word' id='word_1_184' title='bbox 190 2333 260 2442; x_wconf 54' lang='lat' dir='ltr'><strong>psalm</strong></span> <span class='ocrx_word' id='word_1_185' title='bbox 272 2340 297 2378; x_wconf 73' lang='lat'><strong>‘²</strong></span> <span class='ocrx_word' id='word_1_186' title='bbox 355 2341 395 2403; x_wconf 90' lang='lat' dir='ltr'><strong>ad</strong></span> <span class='ocrx_word' id='word_1_187' title='bbox 408 2340 585 2404; x_wconf 88' lang='lat' dir='ltr'><strong>finiendum</strong></span> <span class='ocrx_word' id='word_1_188' title='bbox 600 2339 683 2402; x_wconf 84' lang='lat' dir='ltr'><strong>inter</strong></span> <span class='ocrx_word' id='word_1_189' title='bbox 696 2359 785 2422; x_wconf 82' lang='lat' dir='ltr'><strong>reges</strong></span> <span class='ocrx_word' id='word_1_190' title='bbox 795 2337 925 2414; x_wconf 88' lang='lat' dir='ltr'><strong>bellum,</strong></span> <span class='ocrx_word' id='word_1_191' title='bbox 940 2337 1104 2400; x_wconf 87' lang='lat' dir='ltr'><strong>miserunt.</strong></span> <span class='ocrx_word' id='word_1_192' title='bbox 1138 2337 1230 2400; x_wconf 89' lang='lat' dir='ltr'><strong>Prius</strong></span> <span class='ocrx_word' id='word_1_193' title='bbox 1240 2337 1358 2402; x_wconf 85' lang='lat' dir='ltr'><strong>Antioc</strong></span> <span class='ocrx_word' id='word_1_194' title='bbox 1383 2361 1453 2420; x_wconf 91' lang='lat' dir='ltr'><strong>um,</strong></span> 
     </span>
     <span class='ocr_line' id='line_1_24' title="bbox 191 2405 1452 2506; baseline -0.001 -18"><span class='ocrx_word' id='word_1_195' title='bbox 191 2405 233 2504; x_wconf 41' lang='grc' dir='ltr'><strong>,ἐξ</strong></span> <span class='ocrx_word' id='word_1_196' title='bbox 242 2411 341 2506; x_wconf 48' lang='lat' dir='ltr'><strong>mn,</strong></span> <span class='ocrx_word' id='word_1_197' title='bbox 355 2425 428 2488; x_wconf 87' lang='lat' dir='ltr'><strong>dein</strong></span> <span class='ocrx_word' id='word_1_198' title='bbox 450 2424 657 2488; x_wconf 78' lang='lat' dir='ltr'><strong>Ptolemaeum</strong></span> <span class='ocrx_word' id='word_1_199' title='bbox 673 2423 758 2486; x_wconf 84' lang='lat' dir='ltr'><strong>adire</strong></span> <span class='ocrx_word' id='word_1_200' title='bbox 767 2421 861 2506; x_wconf 87' lang='lat' dir='ltr'><strong>jussi,</strong></span> <span class='ocrx_word' id='word_1_201' title='bbox 880 2429 913 2485; x_wconf 90' lang='lat' dir='ltr'><strong>ct</strong></span> <span class='ocrx_word' id='word_1_202' title='bbox 931 2421 1091 2499; x_wconf 84' lang='lat' dir='ltr'><strong>nunciare,</strong></span> <span class='ocrx_word' id='word_1_203' title='bbox 1112 2421 1146 2484; x_wconf 94' lang='lat' dir='ltr'><strong>ni</strong></span> <span class='ocrx_word' id='word_1_204' title='bbox 1163 2421 1335 2486; x_wconf 87' lang='lat' dir='ltr'><strong>absistatur</strong></span> <span class='ocrx_word' id='word_1_205' title='bbox 1353 2423 1452 2504; x_wconf 87' lang='lat' dir='ltr'><strong>bello,</strong></span> 
     </span>
     <span class='ocr_line' id='line_1_25' title="bbox 191 2506 1453 2594; baseline 0.005 -26"><span class='ocrx_word' id='word_1_206' title='bbox 191 2532 228 2568; x_wconf 74' lang='lat' dir='ltr'><strong>rur</strong></span> <span class='ocrx_word' id='word_1_207' title='bbox 240 2523 319 2582; x_wconf 69' lang='lat' dir='ltr'><strong>regar.</strong></span> <span class='ocrx_word' id='word_1_208' title='bbox 353 2530 412 2594; x_wconf 87' lang='lat' dir='ltr'><strong>per</strong></span> <span class='ocrx_word' id='word_1_209' title='bbox 433 2516 542 2571; x_wconf 87' lang='lat' dir='ltr'><strong>utrum</strong></span> <span class='ocrx_word' id='word_1_210' title='bbox 565 2507 714 2586; x_wconf 83' lang='lat' dir='ltr'><strong>stetisset,</strong></span> <span class='ocrx_word' id='word_1_211' title='bbox 734 2527 808 2570; x_wconf 86' lang='lat' dir='ltr'><strong>cunr</strong></span> <span class='ocrx_word' id='word_1_212' title='bbox 827 2527 891 2571; x_wconf 90' lang='lat' dir='ltr'><strong>non</strong></span> <span class='ocrx_word' id='word_1_213' title='bbox 912 2527 970 2592; x_wconf 93' lang='lat' dir='ltr'><strong>pro</strong></span> <span class='ocrx_word' id='word_1_214' title='bbox 985 2506 1096 2586; x_wconf 90' lang='lat' dir='ltr'><strong>amico,</strong></span> <span class='ocrx_word' id='word_1_215' title='bbox 1111 2527 1170 2570; x_wconf 91' lang='lat' dir='ltr'><strong>nec</strong></span> <span class='ocrx_word' id='word_1_216' title='bbox 1184 2527 1243 2592; x_wconf 92' lang='lat' dir='ltr'><strong>pro</strong></span> <span class='ocrx_word' id='word_1_217' title='bbox 1258 2507 1343 2571; x_wconf 89' lang='lat' dir='ltr'><strong>socio</strong></span> <span class='ocrx_word' id='word_1_218' title='bbox 1359 2509 1453 2574; x_wconf 89' lang='lat' dir='ltr'><strong>habi-</strong></span> 
     </span>
     <span class='ocr_line' id='line_1_26' title="bbox 354 2601 537 2656; baseline -0.011 0"><span class='ocrx_word' id='word_1_219' title='bbox 354 2601 443 2656; x_wconf 87' lang='lat' dir='ltr'><strong>turos</strong></span> <span class='ocrx_word' id='word_1_220' title='bbox 458 2612 537 2655; x_wconf 88' lang='lat' dir='ltr'><strong>esse.</strong></span> 
     </span>
    </p>

    <p class='ocr_par' dir='ltr' id='par_1_5' title="bbox 353 2673 1451 3017">
     <span class='ocr_line' id='line_1_27' title="bbox 396 2673 1451 2761; baseline 0.003 -22"><span class='ocrx_word' id='word_1_221' title='bbox 396 2675 474 2739; x_wconf 89' lang='lat' dir='ltr'><strong>XX.</strong></span> <span class='ocrx_word' id='word_1_222' title='bbox 498 2675 561 2738; x_wconf 88' lang='lat' dir='ltr'><strong>His</strong></span> <span class='ocrx_word' id='word_1_223' title='bbox 589 2673 673 2738; x_wconf 89' lang='lat' dir='ltr'><strong>intra</strong></span> <span class='ocrx_word' id='word_1_224' title='bbox 701 2674 843 2739; x_wconf 81' lang='lat' dir='ltr'><strong>biduum</strong></span> <span class='ocrx_word' id='word_1_225' title='bbox 868 2674 964 2738; x_wconf 91' lang='lat' dir='ltr'><strong>simul</strong></span> <span class='ocrx_word' id='word_1_226' title='bbox 989 2697 1064 2740; x_wconf 88' lang='lat' dir='ltr'><strong>cunr</strong></span> <span class='ocrx_word' id='word_1_227' title='bbox 1089 2676 1200 2761; x_wconf 81' lang='lat' dir='ltr'><strong>legatis</strong></span> <span class='ocrx_word' id='word_1_228' title='bbox 1225 2677 1451 2742; x_wconf 84' lang='lat' dir='ltr'><strong>Alexandrinis</strong></span> 
     </span>
     <span class='ocr_line' id='line_1_28' title="bbox 353 2757 1450 2845; baseline 0.005 -23"><span class='ocrx_word' id='word_1_229' title='bbox 353 2759 513 2845; x_wconf 84' lang='lat' dir='ltr'><strong>profectis,</strong></span> <span class='ocrx_word' id='word_1_230' title='bbox 527 2757 623 2842; x_wconf 81' lang='lat' dir='ltr'><strong>legati</strong></span> <span class='ocrx_word' id='word_1_231' title='bbox 643 2780 682 2822; x_wconf 87' lang='lat' dir='ltr'><strong>ex</strong></span> <span class='ocrx_word' id='word_1_232' title='bbox 701 2759 892 2824; x_wconf 88' lang='lat' dir='ltr'><strong>Macedonia</strong></span> <span class='ocrx_word' id='word_1_233' title='bbox 918 2761 1207 2844; x_wconf 76' lang='lat' dir='ltr'><strong>“Quinquatribus</strong></span> <span class='ocrx_word' id='word_1_234' title='bbox 1228 2762 1349 2826; x_wconf 85' lang='lat' dir='ltr'><strong>ultimis</strong></span> <span class='ocrx_word' id='word_1_235' title='bbox 1371 2763 1450 2827; x_wconf 89' lang='lat' dir='ltr'><strong>adeo</strong></span> 
     </span>
     <span class='ocr_line' id='line_1_29' title="bbox 354 2843 1451 2945; baseline 0.003 -37"><span class='ocrx_word' id='word_1_236' title='bbox 354 2843 527 2928; x_wconf 84' lang='lat' dir='ltr'><strong>exspectati</strong></span> <span class='ocrx_word' id='word_1_237' title='bbox 540 2852 706 2922; x_wconf 89' lang='lat' dir='ltr'><strong>venerunt,</strong></span> <span class='ocrx_word' id='word_1_238' title='bbox 720 2843 769 2906; x_wconf 90' lang='lat' dir='ltr'><strong>uti</strong></span> <span class='ocrx_word' id='word_1_239' title='bbox 779 2847 798 2922; x_wconf 69' lang='lat'><strong>⁸,</strong></span> <span class='ocrx_word' id='word_1_240' title='bbox 818 2843 880 2908; x_wconf 91' lang='lat' dir='ltr'><strong>nisi</strong></span> <span class='ocrx_word' id='word_1_241' title='bbox 893 2865 1007 2930; x_wconf 89' lang='lat' dir='ltr'><strong>vesper</strong></span> <span class='ocrx_word' id='word_1_242' title='bbox 1020 2853 1112 2924; x_wconf 88' lang='lat' dir='ltr'><strong>esset,</strong></span> <span class='ocrx_word' id='word_1_243' title='bbox 1126 2846 1285 2945; x_wconf 87' lang='lat' dir='ltr'><strong>extemplo</strong></span> <span class='ocrx_word' id='word_1_244' title='bbox 1301 2857 1451 2911; x_wconf 89' lang='lat' dir='ltr'><strong>senatum</strong></span> 
     </span>
     <span class='ocr_line' id='line_1_30' title="bbox 353 2927 1451 3017; baseline 0.002 -23"><span class='ocrx_word' id='word_1_245' title='bbox 353 2929 495 2994; x_wconf 89' lang='lat' dir='ltr'><strong>vocaturi</strong></span> <span class='ocrx_word' id='word_1_246' title='bbox 509 2927 655 2993; x_wconf 90' lang='lat' dir='ltr'><strong>consules</strong></span> <span class='ocrx_word' id='word_1_247' title='bbox 669 2929 796 2992; x_wconf 81' lang='lat' dir='ltr'><strong>brerint.</strong></span> <span class='ocrx_word' id='word_1_248' title='bbox 841 2929 972 2994; x_wconf 82' lang='lat' dir='ltr'><strong>Postero</strong></span> <span class='ocrx_word' id='word_1_249' title='bbox 986 2930 1037 2994; x_wconf 92' lang='lat' dir='ltr'><strong>die</strong></span> <span class='ocrx_word' id='word_1_250' title='bbox 1052 2939 1180 2994; x_wconf 89' lang='lat' dir='ltr'><strong>senatus</strong></span> <span class='ocrx_word' id='word_1_251' title='bbox 1195 2931 1257 2994; x_wconf 85' lang='lat' dir='ltr'><strong>furt</strong></span> <span class='ocrx_word' id='word_1_252' title='bbox 1265 2957 1274 3010; x_wconf 78' lang='lat'>3</span> <span class='ocrx_word' id='word_1_253' title='bbox 1288 2931 1451 3017; x_wconf 84' lang='lat' dir='ltr'><strong>legatique</strong></span> 
     </span>
    </p>

    <p class='ocr_par' dir='ltr' id='par_1_6' title="bbox 190 3013 1452 3603">
     <span class='ocr_line' id='line_1_31' title="bbox 192 3013 1451 3098; baseline 0.002 -20"><span class='ocrx_word' id='word_1_254' title='bbox 192 3014 333 3072; x_wconf 71' lang='lat' dir='ltr'><strong>¹¹08¹¹⁰t¹¹⁰²</strong></span> <span class='ocrx_word' id='word_1_255' title='bbox 355 3015 455 3078; x_wconf 87' lang='lat' dir='ltr'><strong>auditi</strong></span> <span class='ocrx_word' id='word_1_256' title='bbox 470 3021 555 3079; x_wconf 90' lang='lat' dir='ltr'><strong>sunt.</strong></span> <span class='ocrx_word' id='word_1_257' title='bbox 599 3013 628 3078; x_wconf 91' lang='lat' dir='ltr'><strong>li</strong></span> <span class='ocrx_word' id='word_1_258' title='bbox 642 3013 806 3093; x_wconf 88' lang='lat' dir='ltr'><strong>nunciant,</strong></span> <span class='ocrx_word' id='word_1_259' title='bbox 827 3015 951 3094; x_wconf 84' lang='lat' dir='ltr'><strong>Majore</strong></span> <span class='ocrx_word' id='word_1_260' title='bbox 958 3017 1108 3096; x_wconf 83' lang='lat' dir='ltr'><strong>periculo,</strong></span> <span class='ocrx_word' id='word_1_261' title='bbox 1129 3037 1220 3098; x_wconf 81' lang='lat' dir='ltr'><strong>quam</strong></span> <span class='ocrx_word' id='word_1_262' title='bbox 1242 3019 1451 3096; x_wconf 75' lang='lat' dir='ltr'><strong>amlumento,</strong></span> 
     </span>
     <span class='ocr_line' id='line_1_32' title="bbox 190 3079 1451 3188; baseline 0 -24"><span class='ocrx_word' id='word_1_263' title='bbox 190 3079 341 3188; x_wconf 44' lang='lat' dir='ltr'><strong>mgb·</strong></span> <span class='ocrx_word' id='word_1_264' title='bbox 355 3103 519 3164; x_wconf 68' lang='lat' dir='ltr'><strong>annun</strong></span> <span class='ocrx_word' id='word_1_265' title='bbox 530 3101 806 3182; x_wconf 67' lang='lat' dir='ltr'><strong>persuasura</strong></span> <span class='ocrx_word' id='word_1_266' title='bbox 819 3101 852 3162; x_wconf 79' lang='lat' dir='ltr'><strong>n</strong></span> <span class='ocrx_word' id='word_1_267' title='bbox 865 3101 1080 3163; x_wconf 73' lang='lat' dir='ltr'><strong>ronanam</strong></span> <span class='ocrx_word' id='word_1_268' title='bbox 1093 3101 1256 3164; x_wconf 60' lang='lat' dir='ltr'><strong>aranon</strong></span> <span class='ocrx_word' id='word_1_269' title='bbox 1299 3103 1451 3182; x_wconf 70' lang='lat' dir='ltr'><strong>Panas,</strong></span> 
     </span>
     <span class='ocr_line' id='line_1_33' title="bbox 191 3185 1452 3267; baseline 0 -17"><span class='ocrx_word' id='word_1_270' title='bbox 191 3206 334 3252; x_wconf 70' lang='lat' dir='ltr'><strong>camorana</strong></span> <span class='ocrx_word' id='word_1_271' title='bbox 356 3189 379 3220; x_wconf 85' lang='lat'><strong>¹⁸</strong></span> <span class='ocrx_word' id='word_1_272' title='bbox 390 3207 447 3267; x_wconf 79' lang='lat' dir='ltr'><strong>prro</strong></span> <span class='ocrx_word' id='word_1_273' title='bbox 465 3185 674 3266; x_wconf 76' lang='lat' dir='ltr'><strong>processisset,</strong></span> <span class='ocrx_word' id='word_1_274' title='bbox 694 3205 794 3266; x_wconf 68' lang='lat' dir='ltr'><strong>repens</strong></span> <span class='ocrx_word' id='word_1_275' title='bbox 813 3190 931 3247; x_wconf 89' lang='lat' dir='ltr'><strong>tersere:</strong></span> <span class='ocrx_word' id='word_1_276' title='bbox 955 3191 1059 3248; x_wconf 89' lang='lat' dir='ltr'><strong>eastra</strong></span> <span class='ocrx_word' id='word_1_277' title='bbox 1080 3187 1191 3248; x_wconf 76' lang='lat' dir='ltr'><strong>castr-is</strong></span> <span class='ocrx_word' id='word_1_278' title='bbox 1205 3206 1304 3267; x_wconf 80' lang='lat' dir='ltr'><strong>prope</strong></span> <span class='ocrx_word' id='word_1_279' title='bbox 1318 3187 1366 3250; x_wconf 83' lang='lat' dir='ltr'><strong>s&#39;ta</strong></span> <span class='ocrx_word' id='word_1_280' title='bbox 1380 3207 1452 3250; x_wconf 87' lang='lat' dir='ltr'><strong>ean-</strong></span> 
     </span>
     <span class='ocr_line' id='line_1_34' title="bbox 355 3267 1451 3354; baseline 0.002 -22"><span class='ocrx_word' id='word_1_281' title='bbox 355 3271 420 3332; x_wconf 80' lang='lat' dir='ltr'><strong>ura</strong></span> <span class='ocrx_word' id='word_1_282' title='bbox 434 3289 507 3344; x_wconf 89' lang='lat' dir='ltr'><strong>esse,</strong></span> <span class='ocrx_word' id='word_1_283' title='bbox 521 3275 555 3331; x_wconf 91' lang='lat' dir='ltr'><strong>ut</strong></span> <span class='ocrx_word' id='word_1_284' title='bbox 563 3267 692 3348; x_wconf 86' lang='lat' dir='ltr'><strong>flumine</strong></span> <span class='ocrx_word' id='word_1_285' title='bbox 709 3269 828 3349; x_wconf 83' lang='lat' dir='ltr'><strong>Enipeo</strong></span> <span class='ocrx_word' id='word_1_286' title='bbox 850 3269 1006 3349; x_wconf 71' lang='lat' dir='ltr'><strong>interjecto</strong></span> <span class='ocrx_word' id='word_1_287' title='bbox 1026 3277 1198 3334; x_wconf 80' lang='lat' dir='ltr'><strong>arceantur.</strong></span> <span class='ocrx_word' id='word_1_288' title='bbox 1233 3293 1328 3352; x_wconf 79' lang='lat' dir='ltr'><strong>neque</strong></span> <span class='ocrx_word' id='word_1_289' title='bbox 1349 3293 1451 3354; x_wconf 75' lang='lat' dir='ltr'><strong>reyem</strong></span> 
     </span>
     <span class='ocr_line' id='line_1_35' title="bbox 349 3351 1449 3438; baseline 0.006 -25"><span class='ocrx_word' id='word_1_290' title='bbox 349 3353 510 3433; x_wconf 74' lang='lat' dir='ltr'><strong>psrpnands&#39;</strong></span> <span class='ocrx_word' id='word_1_291' title='bbox 525 3357 708 3432; x_wconf 85' lang='lat' dir='ltr'><strong>potestatem</strong></span> <span class='ocrx_word' id='word_1_292' title='bbox 722 3351 840 3432; x_wconf 78' lang='lat' dir='ltr'><strong>facere,</strong></span> <span class='ocrx_word' id='word_1_293' title='bbox 861 3374 916 3416; x_wconf 88' lang='lat' dir='ltr'><strong>nec</strong></span> <span class='ocrx_word' id='word_1_294' title='bbox 935 3356 1049 3416; x_wconf 75' lang='lat' dir='ltr'><strong>nostris</strong></span> <span class='ocrx_word' id='word_1_295' title='bbox 1066 3357 1126 3417; x_wconf 88' lang='lat' dir='ltr'><strong>aim</strong></span> <span class='ocrx_word' id='word_1_296' title='bbox 1141 3356 1185 3417; x_wconf 92' lang='lat' dir='ltr'><strong>ad</strong></span> <span class='ocrx_word' id='word_1_297' title='bbox 1197 3357 1361 3438; x_wconf 69' lang='lat' dir='ltr'><strong>aspendum</strong></span> <span class='ocrx_word' id='word_1_298' title='bbox 1374 3377 1449 3420; x_wconf 88' lang='lat' dir='ltr'><strong>esse.</strong></span> 
     </span>
     <span class='ocr_line' id='line_1_36' title="bbox 354 3437 1451 3519; baseline 0.005 -21"><span class='ocrx_word' id='word_1_299' title='bbox 354 3437 492 3498; x_wconf 84' lang='lat' dir='ltr'><strong>Hierssens</strong></span> <span class='ocrx_word' id='word_1_300' title='bbox 506 3437 598 3497; x_wconf 85' lang='lat' dir='ltr'><strong>etiam</strong></span> <span class='ocrx_word' id='word_1_301' title='bbox 612 3455 752 3516; x_wconf 85' lang='lat' dir='ltr'><strong>asperam</strong></span> <span class='ocrx_word' id='word_1_302' title='bbox 765 3438 855 3500; x_wconf 87' lang='lat' dir='ltr'><strong>rebus</strong></span> <span class='ocrx_word' id='word_1_303' title='bbox 865 3439 1007 3519; x_wconf 68' lang='lat' dir='ltr'><strong>perendie</strong></span> <span class='ocrx_word' id='word_1_304' title='bbox 1019 3441 1222 3517; x_wconf 66' lang='lat' dir='ltr'><strong>interrasisse,</strong></span> <span class='ocrx_word' id='word_1_305' title='bbox 1237 3443 1270 3504; x_wconf 83' lang='lat' dir='ltr'><strong>irs</strong></span> <span class='ocrx_word' id='word_1_306' title='bbox 1292 3444 1355 3504; x_wconf 79' lang='lat' dir='ltr'><strong>atio</strong></span> <span class='ocrx_word' id='word_1_307' title='bbox 1368 3443 1451 3503; x_wconf 69' lang='lat' dir='ltr'><strong>rna</strong></span> 
     </span>
     <span class='ocr_line' id='line_1_37' title="bbox 355 3520 1451 3603; baseline 0.005 -19"><span class='ocrx_word' id='word_1_308' title='bbox 355 3526 415 3584; x_wconf 86' lang='lat' dir='ltr'><strong>tens</strong></span> <span class='ocrx_word' id='word_1_309' title='bbox 429 3521 482 3598; x_wconf 79' lang='lat' dir='ltr'><strong>ati,</strong></span> <span class='ocrx_word' id='word_1_310' title='bbox 497 3520 633 3600; x_wconf 80' lang='lat' dir='ltr'><strong>secptra</strong></span> <span class='ocrx_word' id='word_1_311' title='bbox 645 3539 735 3602; x_wconf 74' lang='lat' dir='ltr'><strong>assam</strong></span> <span class='ocrx_word' id='word_1_312' title='bbox 748 3541 803 3584; x_wconf 82' lang='lat' dir='ltr'><strong>sea</strong></span> <span class='ocrx_word' id='word_1_313' title='bbox 817 3524 837 3570; x_wconf 88' lang='grc'><strong>*</strong></span> <span class='ocrx_word' id='word_1_314' title='bbox 850 3524 870 3570; x_wconf 89' lang='grc'>*</span> <span class='ocrx_word' id='word_1_315' title='bbox 882 3521 1090 3603; x_wconf 68' lang='lat' dir='ltr'><strong>”strumentum</strong></span> <span class='ocrx_word' id='word_1_316' title='bbox 1105 3524 1224 3588; x_wconf 86' lang='lat' dir='ltr'><strong>babere.</strong></span> <span class='ocrx_word' id='word_1_317' title='bbox 1245 3526 1451 3589; x_wconf 76' lang='lat' dir='ltr'><strong>Macedonum</strong></span> 
     </span>
    </p>
   </div>
   <div class='ocr_carea' id='block_1_5' title="bbox 348 3651 1452 3844">
    <p class='ocr_par' dir='ltr' id='par_1_7' title="bbox 348 3651 1452 3844">
     <span class='ocr_line' id='line_1_38' title="bbox 415 3651 1384 3717; baseline 0.005 -17"><span class='ocrx_word' id='word_1_318' title='bbox 415 3655 604 3716; x_wconf 65' lang='lat' dir='ltr'><strong>ammifidon&#39;te</strong></span> <span class='ocrx_word' id='word_1_319' title='bbox 613 3651 714 3716; x_wconf 70' lang='lat' dir='ltr'><strong>perfecto</strong></span> <span class='ocrx_word' id='word_1_320' title='bbox 725 3655 770 3702; x_wconf 85' lang='lat' dir='ltr'><strong>del.</strong></span> <span class='ocrx_word' id='word_1_321' title='bbox 784 3655 880 3716; x_wconf 81' lang='lat' dir='ltr'><strong>Kreyss.</strong></span> <span class='ocrx_word' id='word_1_322' title='bbox 894 3655 971 3703; x_wconf 73' lang='lat' dir='ltr'><strong>aera</strong></span> <span class='ocrx_word' id='word_1_323' title='bbox 1127 3653 1220 3717; x_wconf 72' lang='lat' dir='ltr'><strong>tsmer</strong></span> <span class='ocrx_word' id='word_1_324' title='bbox 1232 3657 1304 3704; x_wconf 85' lang='lat' dir='ltr'><strong>Gran.</strong></span> <span class='ocrx_word' id='word_1_325' title='bbox 1314 3658 1384 3705; x_wconf 78' lang='lat' dir='ltr'><strong>Cres.</strong></span> 
     </span>
     <span class='ocr_line' id='line_1_39' title="bbox 348 3717 1452 3781; baseline 0.004 -15"><span class='ocrx_word' id='word_1_326' title='bbox 348 3721 359 3750; x_wconf 83' lang='lat'>⁸</span> <span class='ocrx_word' id='word_1_327' title='bbox 370 3725 393 3766; x_wconf 87' lang='lat' dir='ltr'><strong>et</strong></span> <span class='ocrx_word' id='word_1_328' title='bbox 404 3719 450 3765; x_wconf 88' lang='lat' dir='ltr'><strong>del.</strong></span> <span class='ocrx_word' id='word_1_329' title='bbox 463 3719 532 3766; x_wconf 82' lang='lat' dir='ltr'><strong>Cres.</strong></span> <span class='ocrx_word' id='word_1_330' title='bbox 661 3717 706 3766; x_wconf 67' lang='lat' dir='ltr'><strong>‘st</strong></span> <span class='ocrx_word' id='word_1_331' title='bbox 719 3719 812 3779; x_wconf 80' lang='lat' dir='ltr'><strong>Kreyss</strong></span> <span class='ocrx_word' id='word_1_332' title='bbox 828 3719 904 3765; x_wconf 73' lang='lat' dir='ltr'><strong>Betis</strong></span> <span class='ocrx_word' id='word_1_333' title='bbox 1029 3723 1044 3752; x_wconf 75' lang='lat'><strong>¹¹</strong></span> <span class='ocrx_word' id='word_1_334' title='bbox 1058 3735 1100 3781; x_wconf 87' lang='lat' dir='ltr'><strong>pro</strong></span> <span class='ocrx_word' id='word_1_335' title='bbox 1111 3721 1226 3768; x_wconf 80' lang='lat' dir='ltr'><strong>asteriscis</strong></span> <span class='ocrx_word' id='word_1_336' title='bbox 1238 3723 1325 3768; x_wconf 70' lang='lat' dir='ltr'><strong>diersa·</strong></span> <span class='ocrx_word' id='word_1_337' title='bbox 1336 3723 1452 3770; x_wconf 83' lang='lat' dir='ltr'><strong>exhibent</strong></span> 
     </span>
     <span class='ocr_line' id='line_1_40' title="bbox 350 3782 1017 3844; baseline 0.001 -16"><span class='ocrx_word' id='word_1_338' title='bbox 350 3782 424 3830; x_wconf 85' lang='lat' dir='ltr'><strong>Gran.</strong></span> <span class='ocrx_word' id='word_1_339' title='bbox 433 3783 501 3829; x_wconf 83' lang='lat' dir='ltr'><strong>Cres.</strong></span> <span class='ocrx_word' id='word_1_340' title='bbox 513 3794 537 3829; x_wconf 85' lang='lat' dir='ltr'><strong>et</strong></span> <span class='ocrx_word' id='word_1_341' title='bbox 549 3783 612 3844; x_wconf 86' lang='lat' dir='ltr'><strong>prior</strong></span> <span class='ocrx_word' id='word_1_342' title='bbox 624 3783 720 3843; x_wconf 87' lang='lat' dir='ltr'><strong>quidem</strong></span> <span class='ocrx_word' id='word_1_343' title='bbox 731 3783 823 3830; x_wconf 86' lang='lat' dir='ltr'><strong>uncinis</strong></span> <span class='ocrx_word' id='word_1_344' title='bbox 835 3797 882 3830; x_wconf 86' lang='lat' dir='ltr'><strong>nan</strong></span> <span class='ocrx_word' id='word_1_345' title='bbox 893 3783 1017 3830; x_wconf 88' lang='lat' dir='ltr'><strong>inclusum.</strong></span> 
     </span>
    </p>
   </div>
   <div class='ocr_carea' id='block_1_6' title="bbox 190 3891 1454 4596">
    <p class='ocr_par' dir='ltr' id='par_1_8' title="bbox 190 3891 1454 4596">
     <span class='ocr_line' id='line_1_41' title="bbox 225 3891 1132 3956; baseline 0 -14"><span class='ocrx_word' id='word_1_346' title='bbox 225 3893 252 3942; x_wconf 90' lang='lat' dir='ltr'><strong>ll</strong></span> <span class='ocrx_word' id='word_1_347' title='bbox 271 3891 636 3956; x_wconf 65' lang='lat' dir='ltr'><strong>Sumiteiors&#39;tepert&#39;eetofflinsi]</strong></span> <span class='ocrx_word' id='word_1_348' title='bbox 653 3895 804 3942; x_wconf 82' lang='lat' dir='ltr'><strong>Viadubium</strong></span> <span class='ocrx_word' id='word_1_349' title='bbox 837 3895 866 3942; x_wconf 88' lang='lat' dir='ltr'><strong>de</strong></span> <span class='ocrx_word' id='word_1_350' title='bbox 877 3911 924 3956; x_wconf 86' lang='lat' dir='ltr'><strong>qus</strong></span> <span class='ocrx_word' id='word_1_351' title='bbox 934 3895 973 3942; x_wconf 89' lang='lat' dir='ltr'><strong>hic</strong></span> <span class='ocrx_word' id='word_1_352' title='bbox 984 3895 1032 3955; x_wconf 74' lang='lat' dir='ltr'><strong>agit</strong></span> <span class='ocrx_word' id='word_1_353' title='bbox 1045 3895 1132 3942; x_wconf 82' lang='lat' dir='ltr'><strong>Livius.</strong></span> 
     </span>
     <span class='ocr_line' id='line_1_42' title="bbox 191 3959 1454 4020; baseline 0.005 -14"><span class='ocrx_word' id='word_1_354' title='bbox 191 3961 352 4014; x_wconf 80' lang='lat' dir='ltr'><strong>videturesse,</strong></span> <span class='ocrx_word' id='word_1_355' title='bbox 371 3967 417 4004; x_wconf 86' lang='lat' dir='ltr'><strong>tres</strong></span> <span class='ocrx_word' id='word_1_356' title='bbox 434 3959 598 4018; x_wconf 83' lang='lat' dir='ltr'><strong>primsrvoces</strong></span> <span class='ocrx_word' id='word_1_357' title='bbox 610 3974 638 4005; x_wconf 84' lang='lat' dir='ltr'><strong>ex</strong></span> <span class='ocrx_word' id='word_1_358' title='bbox 650 3959 733 4018; x_wconf 89' lang='lat' dir='ltr'><strong>quinto</strong></span> <span class='ocrx_word' id='word_1_359' title='bbox 749 3968 804 4006; x_wconf 87' lang='lat' dir='ltr'><strong>ante</strong></span> <span class='ocrx_word' id='word_1_360' title='bbox 871 3959 901 4006; x_wconf 80' lang='lat'><strong>1³</strong></span> <span class='ocrx_word' id='word_1_361' title='bbox 919 3959 1215 4020; x_wconf 74' lang='lat' dir='ltr'><strong>G.Pops&#39;11s&#39;usshaesratern,</strong></span> <span class='ocrx_word' id='word_1_362' title='bbox 1235 3961 1261 4008; x_wconf 82' lang='lat' dir='ltr'><strong>G.</strong></span> <span class='ocrx_word' id='word_1_363' title='bbox 1273 3963 1411 4020; x_wconf 65' lang='lat' dir='ltr'><strong>Deci-ian,</strong></span> <span class='ocrx_word' id='word_1_364' title='bbox 1429 3972 1454 4012; x_wconf 86' lang='lat' dir='ltr'><strong>et</strong></span> 
     </span>
     <span class='ocr_line' id='line_1_43' title="bbox 191 4019 1452 4084; baseline 0.002 -14"><span class='ocrx_word' id='word_1_365' title='bbox 191 4037 259 4070; x_wconf 81' lang='lat' dir='ltr'><strong>versu</strong></span> <span class='ocrx_word' id='word_1_366' title='bbox 281 4023 326 4070; x_wconf 89' lang='lat' dir='ltr'><strong>huc</strong></span> <span class='ocrx_word' id='word_1_367' title='bbox 348 4022 525 4082; x_wconf 73' lang='lat' dir='ltr'><strong>immigrsrisse.</strong></span> <span class='ocrx_word' id='word_1_368' title='bbox 560 4023 625 4068; x_wconf 87' lang='lat' dir='ltr'><strong>Nihil</strong></span> <span class='ocrx_word' id='word_1_369' title='bbox 648 4023 676 4069; x_wconf 92' lang='lat' dir='ltr'><strong>iis</strong></span> <span class='ocrx_word' id='word_1_370' title='bbox 695 4023 739 4069; x_wconf 86' lang='lat' dir='ltr'><strong>boc</strong></span> <span class='ocrx_word' id='word_1_371' title='bbox 753 4024 804 4070; x_wconf 86' lang='lat' dir='ltr'><strong>loeo</strong></span> <span class='ocrx_word' id='word_1_372' title='bbox 838 4019 1010 4084; x_wconf 53' lang='lat' dir='ltr'><strong>adrastus]</strong></span> <span class='ocrx_word' id='word_1_373' title='bbox 1028 4023 1151 4070; x_wconf 76' lang='lat' dir='ltr'><strong>Sicvquit</strong></span> <span class='ocrx_word' id='word_1_374' title='bbox 1164 4025 1279 4084; x_wconf 71' lang='lat' dir='ltr'><strong>Sigonius.</strong></span> <span class='ocrx_word' id='word_1_375' title='bbox 1315 4027 1380 4072; x_wconf 88' lang='lat' dir='ltr'><strong>Olim</strong></span> <span class='ocrx_word' id='word_1_376' title='bbox 1392 4028 1452 4074; x_wconf 84' lang='lat' dir='ltr'><strong>editi</strong></span> 
     </span>
     <span class='ocr_line' id='line_1_44' title="bbox 190 4087 1452 4148; baseline 0.002 -14"><span class='ocrx_word' id='word_1_377' title='bbox 190 4095 304 4148; x_wconf 87' lang='lat' dir='ltr'><strong>opusest.</strong></span> <span class='ocrx_word' id='word_1_378' title='bbox 835 4087 990 4141; x_wconf 86' lang='lat' dir='ltr'><strong>habebant‚et</strong></span> <span class='ocrx_word' id='word_1_379' title='bbox 1003 4089 1028 4134; x_wconf 84' lang='lat' dir='ltr'><strong>C.</strong></span> <span class='ocrx_word' id='word_1_380' title='bbox 1041 4089 1210 4144; x_wconf 59' lang='lat' dir='ltr'><strong>Decimium&amp;</strong></span> <span class='ocrx_word' id='word_1_381' title='bbox 1223 4089 1357 4137; x_wconf 67' lang='lat' dir='ltr'><strong>uastitas.</strong></span> <span class='ocrx_word' id='word_1_382' title='bbox 1391 4091 1452 4136; x_wconf 89' lang='lat' dir='ltr'><strong>Vul-</strong></span> 
     </span>
     <span class='ocr_line' id='line_1_45' title="bbox 225 4145 1129 4210; baseline 0 -12"><span class='ocrx_word' id='word_1_383' title='bbox 225 4153 255 4198; x_wconf 71' lang='lat'><strong>12</strong></span> <span class='ocrx_word' id='word_1_384' title='bbox 272 4153 308 4198; x_wconf 85' lang='lat' dir='ltr'><strong>Ab</strong></span> <span class='ocrx_word' id='word_1_385' title='bbox 328 4145 459 4210; x_wconf 74' lang='lat' dir='ltr'><strong>Ptolemae]</strong></span> <span class='ocrx_word' id='word_1_386' title='bbox 478 4149 602 4196; x_wconf 74' lang='lat' dir='ltr'><strong>Ptolemao</strong></span> <span class='ocrx_word' id='word_1_387' title='bbox 621 4149 739 4210; x_wconf 84' lang='lat' dir='ltr'><strong>Epiphanl</strong></span> <span class='ocrx_word' id='word_1_388' title='bbox 756 4151 802 4198; x_wconf 85' lang='lat' dir='ltr'><strong>duo</strong></span> <span class='ocrx_word' id='word_1_389' title='bbox 834 4151 881 4210; x_wconf 78' lang='lat' dir='ltr'><strong>gati</strong></span> <span class='ocrx_word' id='word_1_390' title='bbox 895 4166 957 4197; x_wconf 85' lang='lat' dir='ltr'><strong>nune</strong></span> <span class='ocrx_word' id='word_1_391' title='bbox 967 4152 1089 4210; x_wconf 72' lang='lat' dir='ltr'><strong>geminant</strong></span> <span class='ocrx_word' id='word_1_392' title='bbox 1100 4159 1129 4199; x_wconf 90' lang='lat' dir='ltr'><strong>et.</strong></span> 
     </span>
     <span class='ocr_line' id='line_1_46' title="bbox 191 4213 1453 4278; baseline 0.002 -16"><span class='ocrx_word' id='word_1_393' title='bbox 191 4215 232 4262; x_wconf 88' lang='lat' dir='ltr'><strong>liiii</strong></span> <span class='ocrx_word' id='word_1_394' title='bbox 245 4215 317 4271; x_wconf 83' lang='lat' dir='ltr'><strong>isere,</strong></span> <span class='ocrx_word' id='word_1_395' title='bbox 332 4216 470 4262; x_wconf 77' lang='lat' dir='ltr'><strong>Ptolemaeus</strong></span> <span class='ocrx_word' id='word_1_396' title='bbox 483 4214 631 4268; x_wconf 84' lang='lat' dir='ltr'><strong>Philometor,</strong></span> <span class='ocrx_word' id='word_1_397' title='bbox 648 4214 687 4273; x_wconf 88' lang='lat' dir='ltr'><strong>qui</strong></span> <span class='ocrx_word' id='word_1_398' title='bbox 699 4228 801 4260; x_wconf 86' lang='lat' dir='ltr'><strong>sororem</strong></span> <span class='ocrx_word' id='word_1_399' title='bbox 869 4215 899 4261; x_wconf 70' lang='lat' dir='ltr'><strong>ld</strong></span> <span class='ocrx_word' id='word_1_400' title='bbox 917 4217 1095 4277; x_wconf 80' lang='lat' dir='ltr'><strong>Quinquatribus</strong></span> <span class='ocrx_word' id='word_1_401' title='bbox 1106 4213 1203 4278; x_wconf 79' lang='lat' dir='ltr'><strong>uitiosis]</strong></span> <span class='ocrx_word' id='word_1_402' title='bbox 1222 4217 1311 4262; x_wconf 88' lang='lat' dir='ltr'><strong>Ultimo</strong></span> <span class='ocrx_word' id='word_1_403' title='bbox 1322 4217 1361 4264; x_wconf 86' lang='lat' dir='ltr'><strong>die</strong></span> <span class='ocrx_word' id='word_1_404' title='bbox 1372 4218 1453 4268; x_wconf 79' lang='lat' dir='ltr'><strong>Quin-</strong></span> 
     </span>
     <span class='ocr_line' id='line_1_47' title="bbox 191 4277 1452 4339; baseline 0.004 -15"><span class='ocrx_word' id='word_1_405' title='bbox 191 4279 338 4339; x_wconf 86' lang='lat' dir='ltr'><strong>Cieopstrsm</strong></span> <span class='ocrx_word' id='word_1_406' title='bbox 351 4277 667 4332; x_wconf 86' lang='lat' dir='ltr'><strong>inmatrimoniohabuerst,</strong></span> <span class='ocrx_word' id='word_1_407' title='bbox 686 4285 709 4322; x_wconf 86' lang='lat' dir='ltr'><strong>et</strong></span> <span class='ocrx_word' id='word_1_408' title='bbox 726 4278 803 4324; x_wconf 82' lang='lat' dir='ltr'><strong>Ptole·</strong></span> <span class='ocrx_word' id='word_1_409' title='bbox 835 4288 967 4338; x_wconf 84' lang='lat' dir='ltr'><strong>quatruum.</strong></span> <span class='ocrx_word' id='word_1_410' title='bbox 1003 4280 1055 4326; x_wconf 90' lang='lat' dir='ltr'><strong>Vid.</strong></span> <span class='ocrx_word' id='word_1_411' title='bbox 1075 4288 1123 4326; x_wconf 87' lang='lat' dir='ltr'><strong>not.</strong></span> <span class='ocrx_word' id='word_1_412' title='bbox 1143 4281 1175 4327; x_wconf 75' lang='grc'><strong>49</strong></span> <span class='ocrx_word' id='word_1_413' title='bbox 1192 4281 1222 4326; x_wconf 89' lang='lat' dir='ltr'><strong>sd</strong></span> <span class='ocrx_word' id='word_1_414' title='bbox 1241 4281 1257 4326; x_wconf 92' lang='lat' dir='ltr'><strong>l.</strong></span> <span class='ocrx_word' id='word_1_415' title='bbox 1276 4281 1352 4328; x_wconf 87' lang='lat' dir='ltr'><strong>XXX.</strong></span> <span class='ocrx_word' id='word_1_416' title='bbox 1371 4297 1391 4328; x_wconf 85' lang='lat' dir='ltr'><strong>a.</strong></span> <span class='ocrx_word' id='word_1_417' title='bbox 1410 4282 1452 4330; x_wconf 76' lang='grc'><strong>86.</strong></span> 
     </span>
     <span class='ocr_line' id='line_1_48' title="bbox 190 4341 1418 4403; baseline 0.003 -15"><span class='ocrx_word' id='word_1_418' title='bbox 190 4357 263 4389; x_wconf 76' lang='lat' dir='ltr'><strong>maus</strong></span> <span class='ocrx_word' id='word_1_419' title='bbox 274 4344 408 4402; x_wconf 77' lang='lat' dir='ltr'><strong>Erergeres,</strong></span> <span class='ocrx_word' id='word_1_420' title='bbox 420 4343 469 4390; x_wconf 82' lang='lat' dir='ltr'><strong>siro</strong></span> <span class='ocrx_word' id='word_1_421' title='bbox 484 4342 599 4401; x_wconf 80' lang='lat' dir='ltr'><strong>Physcon.</strong></span> <span class='ocrx_word' id='word_1_422' title='bbox 619 4341 660 4400; x_wconf 88' lang='lat' dir='ltr'><strong>qui</strong></span> <span class='ocrx_word' id='word_1_423' title='bbox 675 4349 724 4387; x_wconf 87' lang='lat' dir='ltr'><strong>tum</strong></span> <span class='ocrx_word' id='word_1_424' title='bbox 736 4343 802 4401; x_wconf 87' lang='lat' dir='ltr'><strong>pulso</strong></span> <span class='ocrx_word' id='word_1_425' title='bbox 836 4343 871 4389; x_wconf 86' lang='lat' dir='ltr'><strong>De</strong></span> <span class='ocrx_word' id='word_1_426' title='bbox 883 4343 1069 4402; x_wconf 76' lang='lat' dir='ltr'><strong>Quinquatribus</strong></span> <span class='ocrx_word' id='word_1_427' title='bbox 1077 4345 1168 4403; x_wconf 75' lang='lat' dir='ltr'><strong>egimus</strong></span> <span class='ocrx_word' id='word_1_428' title='bbox 1178 4345 1209 4390; x_wconf 86' lang='lat' dir='ltr'><strong>ad</strong></span> <span class='ocrx_word' id='word_1_429' title='bbox 1219 4345 1234 4390; x_wconf 93' lang='lat' dir='ltr'><strong>l.</strong></span> <span class='ocrx_word' id='word_1_430' title='bbox 1246 4343 1332 4392; x_wconf 79' lang='lat' dir='ltr'><strong>XXVI.</strong></span> <span class='ocrx_word' id='word_1_431' title='bbox 1345 4361 1365 4392; x_wconf 90' lang='lat' dir='ltr'><strong>e.</strong></span> <span class='ocrx_word' id='word_1_432' title='bbox 1377 4345 1418 4401; x_wconf 77' lang='grc'><strong>27.</strong></span> 
     </span>
     <span class='ocr_line' id='line_1_49' title="bbox 190 4405 1451 4468; baseline 0.004 -16"><span class='ocrx_word' id='word_1_433' title='bbox 190 4405 261 4452; x_wconf 75' lang='lat' dir='ltr'><strong>tratre</strong></span> <span class='ocrx_word' id='word_1_434' title='bbox 285 4407 451 4454; x_wconf 79' lang='lat' dir='ltr'><strong>Alexandriam</strong></span> <span class='ocrx_word' id='word_1_435' title='bbox 474 4407 569 4453; x_wconf 83' lang='lat' dir='ltr'><strong>tenebat</strong></span> <span class='ocrx_word' id='word_1_436' title='bbox 592 4419 645 4451; x_wconf 82' lang='lat' dir='ltr'><strong>curn</strong></span> <span class='ocrx_word' id='word_1_437' title='bbox 671 4405 801 4466; x_wconf 85' lang='lat' dir='ltr'><strong>Cleopatra,</strong></span> <span class='ocrx_word' id='word_1_438' title='bbox 868 4407 897 4454; x_wconf 90' lang='lat' dir='ltr'><strong>lb</strong></span> <span class='ocrx_word' id='word_1_439' title='bbox 922 4407 970 4456; x_wconf 83' lang='lat' dir='ltr'><strong>Quo</strong></span> <span class='ocrx_word' id='word_1_440' title='bbox 989 4405 1146 4468; x_wconf 79' lang='lat' dir='ltr'><strong>processisset]</strong></span> <span class='ocrx_word' id='word_1_441' title='bbox 1176 4409 1296 4455; x_wconf 78' lang='lat' dir='ltr'><strong>Romarm</strong></span> <span class='ocrx_word' id='word_1_442' title='bbox 1323 4410 1451 4458; x_wconf 81' lang='lat' dir='ltr'><strong>exercitus.</strong></span> 
     </span>
     <span class='ocr_line' id='line_1_50' title="bbox 190 4469 1451 4529; baseline 0.006 -15"><span class='ocrx_word' id='word_1_443' title='bbox 190 4483 260 4526; x_wconf 83' lang='lat' dir='ltr'><strong>quam</strong></span> <span class='ocrx_word' id='word_1_444' title='bbox 280 4469 429 4517; x_wconf 85' lang='lat' dir='ltr'><strong>Philometori</strong></span> <span class='ocrx_word' id='word_1_445' title='bbox 448 4471 574 4517; x_wconf 83' lang='lat' dir='ltr'><strong>ademerat.</strong></span> <span class='ocrx_word' id='word_1_446' title='bbox 609 4469 700 4524; x_wconf 80' lang='lat' dir='ltr'><strong>Abhis,</strong></span> <span class='ocrx_word' id='word_1_447' title='bbox 719 4483 802 4529; x_wconf 85' lang='lat' dir='ltr'><strong>nempe</strong></span> <span class='ocrx_word' id='word_1_448' title='bbox 833 4471 943 4516; x_wconf 81' lang='lat' dir='ltr'><strong>Ceterum</strong></span> <span class='ocrx_word' id='word_1_449' title='bbox 962 4469 999 4518; x_wconf 85' lang='lat' dir='ltr'><strong>hie</strong></span> <span class='ocrx_word' id='word_1_450' title='bbox 1017 4472 1089 4518; x_wconf 84' lang='lat' dir='ltr'><strong>habes</strong></span> <span class='ocrx_word' id='word_1_451' title='bbox 1110 4473 1299 4520; x_wconf 85' lang='lat' dir='ltr'><strong>emendationem</strong></span> <span class='ocrx_word' id='word_1_452' title='bbox 1317 4473 1451 4522; x_wconf 75' lang='lat' dir='ltr'><strong>Gronoviu-</strong></span> 
     </span>
     <span class='ocr_line' id='line_1_51' title="bbox 192 4532 1190 4596; baseline 0.006 -19"><span class='ocrx_word' id='word_1_453' title='bbox 192 4532 317 4578; x_wconf 71' lang='lat' dir='ltr'><strong>Ptolemoes</strong></span> <span class='ocrx_word' id='word_1_454' title='bbox 327 4533 596 4594; x_wconf 78' lang='lat' dir='ltr'><strong>minorsescreopsas,</strong></span> <span class='ocrx_word' id='word_1_455' title='bbox 609 4535 801 4594; x_wconf 75' lang='lat' dir='ltr'><strong>veneratlegstio</strong></span> <span class='ocrx_word' id='word_1_456' title='bbox 833 4549 894 4580; x_wconf 85' lang='lat' dir='ltr'><strong>usin.</strong></span> <span class='ocrx_word' id='word_1_457' title='bbox 929 4534 999 4581; x_wconf 87' lang='lat' dir='ltr'><strong>l’risei</strong></span> <span class='ocrx_word' id='word_1_458' title='bbox 1012 4535 1069 4582; x_wconf 86' lang='lat' dir='ltr'><strong>editi</strong></span> <span class='ocrx_word' id='word_1_459' title='bbox 1074 4537 1190 4596; x_wconf 58' lang='lat' dir='ltr'><strong>praem</strong></span> 
     </span>
    </p>
   </div>
   <div class='ocr_carea' id='block_1_7' title="bbox 0 0 1558 4958">
    <p class='ocr_par' dir='ltr' id='par_1_9' title="bbox 0 0 1558 4958">
     <span class='ocr_line' id='line_1_52' title="bbox 0 0 1558 4958; baseline 0 0"><span class='ocrx_word' id='word_1_460' title='bbox 0 0 1558 4958; x_wconf 95' lang='lat' dir='ltr'><strong> </strong></span> 
     </span>
    </p>
   </div>
  </div>
 </body>
</html>
