3094 4954
371 275 460 340 LIB.
486 273 685 338 XXXVIII.
720 274 815 338 CAP.
842 276 976 340 XXIII.
1317 286 1377 348 157

107 425 259 490 tumulos
282 423 365 502 telis,
387 424 409 457 ⁸⁸
421 429 459 486 ut
479 421 611 486 missilia
629 421 830 501 subiicerent,
846 424 933 488 baud
947 445 1043 509 segne
1058 425 1117 490 idi
1156 447 1212 492 um
1226 445 1254 492 υ.
1267 447 1293 492 c.
1305 439 1359 494 ota

108 521 244 596 tempus
263 515 492 572 consumserat.
525 505 600 570 Jam
615 505 726 570 casbis
738 505 1053 591 adpropinquabant:
1069 519 1103 573 et
1148 511 1211 590 alli,
1225 510 1252 557 Λ·
1265 511 1292 556 0·
1306 510 1359 559 ¹⁸9·

108 616 153 658 ne
179 615 295 680 parum
320 614 354 656 se
376 591 576 656 munimenta
593 611 651 654 sua
673 598 825 674 tegerent,
840 593 952 656 armati
965 615 1024 677 pro
1038 595 1120 658 vallo
1135 617 1211 658 con-

109 679 273 742 stiterant.
310 675 417 740 obruti
442 675 557 739 deinde
581 673 668 738 omni
691 696 806 758 genere
831 675 976 754 telorum,
1005 699 1115 760 quum,
1145 701 1209 762 quo

110 763 225 848 plures
252 783 290 826 ac
314 761 476 824 densiores
499 767 598 837 erant,
620 780 657 822 eo
682 758 789 822 minus
812 759 885 822 vani
911 761 1084 844 quidquam
1112 763 1209 826 inter-

110 847 235 910 cideret
256 846 322 924 teli,
344 845 430 908 intra
451 843 570 908 vallum
595 850 757 906 momento
782 845 934 928 temporis
963 846 1207 930 compelluntur,

112 930 307 995 stationibus
330 937 456 992 tantum
476 927 576 992 firmis
601 927 642 990 ad
663 926 750 1011 ipsos
774 927 879 990 aditus
896 937 1059 1025 porterum
1080 931 1207 995 relictis.

114 1015 158 1078 In
173 1013 423 1091 multitudinem,
438 1011 635 1096 compulsam
656 1010 689 1072 in
710 1018 822 1089 castra,
836 1011 884 1076 vis
903 1035 1016 1097 ingens
1038 1014 1207 1080 missilium

113 1099 253 1162 telorum
266 1097 510 1182 conjiciebatur;
525 1103 567 1174 et,
576 1094 734 1158 vulnerari
745 1095 873 1175 multos,
889 1097 1016 1174 clamor,
1030 1099 1207 1182 permixtus

114 1183 286 1246 mulierum
308 1189 403 1265 atque
422 1201 594 1265 puerorum
615 1178 802 1264 ploratibus,
825 1178 1033 1264 significabat.
1078 1183 1116 1246 ln
1141 1205 1205 1263 eos,

114 1266 173 1352 qui
195 1275 304 1352 portas
328 1264 518 1330 stationibus
540 1263 606 1326 suis
626 1263 814 1342 clauserant,
832 1263 993 1347 legionum
1007 1267 1204 1352 antesignani

139 1351 181 1414 ila
195 1351 407 1434 conjecerunt.
442 1347 494 1411 hi¹
507 1369 581 1412 vero
602 1369 668 1410 non
690 1346 949 1426 vulnerabantur,
964 1349 1030 1428 sed,
1048 1359 1205 1416 transver-

114 1373 233 1498 beratis
248 1434 357 1513 scutis,
370 1433 513 1519 plerique
527 1432 610 1496 inter
620 1453 653 1495 se
665 1430 802 1495 conserti
815 1431 995 1498 haerebant:
1015 1455 1074 1498 nec
1085 1435 1207 1500 diutius

115 1519 150 1582 in
190 1529 261 1583 turn
276 1519 492 1582 Romanorum
507 1516 737 1580 sustinuerunt.

196 1604 293 1668 XIII.
317 1603 505 1666 Patentibus
540 1601 601 1664 'am
634 1601 745 1686 portis,
771 1602 957 1686 priusquam
985 1603 1204 1690 inrumperent

114 1687 259 1766 victores,
274 1689 381 1774 bigae
396 1687 508 1752 castris
524 1625 689 1783 (lullonum
714 1685 748 1749 in
770 1708 881 1752 omnes
904 1696 1010 1773 parter
1035 1691 1118 1754 facta
1143 1700 1201 1756 est.
1215 1684 1297 1794 gffin

114 1781 216 1836 ruunt
229 1773 304 1837 caeci
327 1794 386 1857 per
397 1772 476 1850 vias,
490 1791 548 1856 per
567 1770 671 1834 inme
692 1770 781 1834 nulla
800 1771 976 1857 praecipitia
998 1795 1082 1854 saxa,
1105 1775 1201 1840 nullae
1214 1762 1343 1872 „iffi

112 1879 210 1942 rupes
229 1857 378 1922 obstant:
400 1856 479 1920 nibil
495 1863 610 1940 praeter
624 1855 750 1918 hostem
769 1865 929 1922 metuunt.
974 1857 1086 1943 Itaque
1106 1861 1202 1958 pleri·

112 1963 176 2026 que
189 1941 369 2040 praecipites
381 1962 439 2026 per
452 1947 574 2005 vastam
589 1939 789 2003 altitudinem
811 1941 953 2058 prolapsi
977 1951 1034 2008 aut
1048 1945 1201 2010 debilitati

111 2035 342 2090 exanimantur.
370 2025 493 2104 consul,
507 2023 618 2089 castris
641 2023 777 2109 captisk,
801 2025 811 2057 ¹
833 2025 1010 2111 direptione
1031 2030 1201 2114 praedaque

112 2109 255 2173 abstinet
274 2111 423 2174 militem:
446 2109 553 2194 sequi¹
590 2130 626 2172 ro
649 2130 683 2173 se
706 2129 875 2194 quemque,
890 2119 923 2174 et
937 2109 1065 2192 instare,
1079 2121 1111 2176 et
1129 2135 1201 2198 per-

111 2195 213 2258 culsis
234 2215 383 2278 pavorem
396 2195 508 2258 addere
521 2193 560 2279 ju
600 2201 625 2258 t.
669 2193 860 2277 Supervenit
874 2203 907 2258 et
920 2195 1054 2259 alterum
1072 2217 1146 2260 cunr
1160 2199 1200 2262 L.

112 2278 240 2342 Manlio
255 2299 388 2363 agmen3
409 2301 466 2343 nec
478 2301 532 2343 eos
547 2285 650 2344 castra
662 2277 779 2340 intrare
793 2278 879 2342 sinit.
914 2279 1061 2364 protinus
1076 2281 1117 2343 ad
1129 2303 1201 2378 per-

113 2363 296 2447 sequendos
311 2364 416 2426 hostes
430 2364 548 2428 mittite
569 2371 602 2427 et
616 2363 685 2448 ipse
699 2361 807 2447 paullo
828 2369 913 2449 post,
928 2363 1043 2428 tradita
1062 2373 1200 2449 captivo-

110 2469 185 2510 rum
200 2448 345 2512 custodia
357 2448 493 2512 tribunis
507 2447 656 2526 militum,
672 2447 816 2532 sequitur
823 2475 833 2528 ;
855 2448 1046 2514 debellatum
1060 2458 1158 2529 ratus,
1172 2451 1200 2514 si

110 2532 147 2594 in
161 2531 216 2594 illo
240 2553 355 2618 pavore
376 2533 616 2618 quamplurimi
637 2533 712 2597 caesi
726 2533 841 2612 forent,
854 2543 910 2598 aut
924 2534 1018 2620 capti.
1061 2535 1199 2620 Egresso

110 2615 252 2695 consule,
267 2617 304 2681 C.
321 2618 455 2682 Helvius
467 2640 541 2682 cum
556 2617 648 2682 tertio
663 2618 788 2703 agmine
803 2619 941 2684 advenit.
966 2641 1025 2684 nec
1038 2619 1198 2684 continere

109 2721 186 2764 suos
196 2711 240 2764 a*²
250 2701 425 2788 direptione
436 2712 612 2768 castrorum
622 2703 741 2766 valuitr
754 2703 925 2788 praedsque
935 2727 1055 2785 eorum,
1065 2704 1199 2790 iniquis-

110 2785 191 2849 sima
206 2795 301 2864 sorte,
315 2787 371 2871 qui
393 2809 512 2872 pugnae
537 2809 601 2850 non
625 2787 842 2868 interlberant,
857 2790 940 2853 lacta
961 2798 1020 2854 est.
1063 2790 1199 2874 Equites

108 2869 176 2967 diu,
191 2871 292 2955 ignari
307 2881 339 2936 et
351 2893 469 2957 puguae
483 2879 516 2936 et
528 2871 667 2936 victoriae
683 2893 824 2952 suorum,
840 2882 1006 2937 steterunt.
1039 2874 1151 2936 deinde
1165 2881 1198 2937 et

454 2957 460 2970 ¹
565 2957 572 2970 '
788 2967 802 2996 n

107 2975 194 3102 oi
207 2956 1198 3125 transmiserat:negilstete

107 3123 347 3190 interfectorum
360 3127 449 3190 haud
462 3125 551 3190 facile
575 3126 647 3190 iniri
661 3127 777 3211 potuit,
791 3126 866 3210 quia
888 3126 950 3189 late
969 3125 1073 3188 inter⁰
1087 3146 1197 3188 omnes

108 3209 280 3272 amfractus
304 3211 463 3274 montium
484 3211 622 3296 fugaque
646 3219 679 3274 et
704 3212 806 3275 caedes
825 3211 904 3274 suit:
931 3218 964 3274 et
985 3231 1101 3294 magna
1123 3231 1197 3295 pars

108 3293 244 3376 rupibus
259 3294 353 3358 inviis
367 3295 401 3358 in
416 3295 583 3380 prosundae
606 3295 783 3360 altitudinis
807 3295 964 3360 convalles
986 3295 1115 3380 delapsa
1129 3303 1196 3375 est3

106 3377 1197 3548 maliersebiur⁰u..⁰.r.iiui.t:aare

109 3565 203 3624 caesa,
218 3557 330 3611 auctor
343 3557 434 3611 estsp
456 3549 601 3612 Valerius
613 3549 738 3628 Antias,
751 3549 773 3582 ⁸⁵
784 3549 839 3632 qui
855 3549 955 3633 magis
969 3547 1147 3611 inmodicus
1162 3547 1196 3612 in

107 3651 243 3694 numero
257 3633 403 3717 augendo
418 3653 485 3696 esse
501 3631 591 3712 solet,
602 3655 667 3697 non
682 3633 757 3718 plus
770 3634 879 3696 decem
892 3632 1000 3696 millia.
1033 3632 1196 3696 Numerus

104 3715 305 3799 captivorum
334 3717 420 3780 haud
447 3717 543 3782 dubie
571 3717 670 3780 millia
706 3717 915 3801 quadraginta
944 3716 1091 3801 explevit,
1119 3716 1196 3801 quia

104 3799 210 3862 omnis
232 3800 357 3884 generis
372 3802 537 3886 aetatisque
550 3801 677 3866 turbam
697 3823 804 3866 secum
826 3808 995 3879 traxerant,
1019 3800 1195 3886 demigran-

135 3915 184 3967 ¹iir
197 3921 274 3968 aeta
338 3916 437 3983 *copto
448 3925 531 3970 meria
544 3923 603 3970 aad.
679 3918 981 3982 latrocinantibusque
993 3923 1064 3970 (Iron.
1096 3925 1195 3970 abstinet

104 3985 205 4031 namen
219 3987 283 4046 uper*
294 3985 362 4033 (ἔην.
454 3987 517 4033 ¹¹¹ol
530 3987 606 4034 aetk.
687 3992 820 4048 ”paratim
831 3988 883 4046 equi
894 3989 918 4032 s'n
929 3987 995 4032 colles
1006 3989 1081 4034 satire
1089 3991 1195 4046 poterant

104 4047 259 4095 (immorer.
355 4049 529 4111 ⁰perllreyss.
545 4049 620 4096 aeta.
743 4054 962 4096 reserantem
975 4049 1050 4095 aeta.

134 4173 167 4221 8³
184 4177 199 4207 θ
214 4175 245 4222 Ut
263 4177 359 4224 dadila
374 4173 513 4237 sufficerem]
539 4176 573 4223 Ut
592 4175 659 4238 copta
674 4175 718 4222 ilbi
782 4175 814 4222 85
834 4175 879 4226 Qut
896 4177 971 4236 magle
988 4171 1131 4235 imodr'rua]
1154 4171 1236 4231 scripti
1256 4177 1281 4218 et
1299 4180 1356 4220 vett.

101 4239 337 4285 amministrum
350 4254 437 4286 norum
449 4249 576 4286 certamen.
750 4239 806 4284 editi
828 4239 941 4285 omittunt
963 4253 1042 4285 rocem
1069 4238 1204 4287 inmodicus,
1231 4233 1283 4280 alne
1310 4249 1357 4294 qua

133 4301 166 4347 8⁴
182 4302 318 4362 crepam
344 4306 470 4366 predaque
490 4307 591 4350 obstinet
614 4303 714 4348 saltitem.
747 4309 826 4348 tamen
838 4315 921 4348 sensus
933 4311 1038 4348 constare
1055 4314 1122 4361 posse
1134 4311 1179 4343 noo
1191 4296 1293 4344 ridetur.
1327 4299 1356 4345 lo

100 4365 170 4426 squ
178 4379 223 4426 pro
232 4380 257 4412 re
275 4381 382 4428 quemque
395 4365 476 4428 jebet]
495 4368 532 4414 Sic
543 4367 715 4426 interpungen·
749 4365 890 4425 Mogontina
900 4367 1001 4413 editione
1013 4365 1126 4424 adiectam
1135 4373 1186 4408 eam
1195 4359 1268 4408 taine
1276 4369 1357 4410 mouet

100 4429 158 4474 dam
177 4443 230 4476 ene
246 4435 310 4476 recte
327 4431 439 4479 admouet
450 4431 566 4492 ausam
601 4431 715 4484 Aberia,
748 4427 889 4476 Gronovius.

100 4491 124 4538 ie
133 4499 179 4548 eat,
190 4499 264 4548 arcet,
275 4493 393 4552 probibet.
