3086 4952
264 319 309 382 84
864 301 957 366 'l'l'l’l
980 300 1094 366 LIVII

431 448 1451 637 uelamenti...

433 627 522 691 irrito
547 631 674 708 mcepto
688 621 804 684 Villius
824 619 866 683 ad
885 619 1073 684 Quinctium
1088 639 1156 682 sese
1171 619 1299 703 recepit.
1342 621 1388 682 At
1402 621 1451 685 Qu

433 711 510 788 tim,
524 708 642 772 nuncio
656 707 698 770 ad
711 713 879 790 proetorem
894 703 1002 782 misso,
1019 711 1056 767 ut
1069 703 1234 768 reduceret
1253 704 1385 768 domum
1407 725 1451 788 co]

434 791 855 944 lpslllllvilliusltiliiiiiiiilbdii
865 788 1012 936 &pede
1031 871 1133 968 spatio
1154 869 1288 934 Graeciae
1310 893 1361 935 res
1383 871 1450 935 inm

438 963 609 1029 Romanis:
634 983 699 1024 non
744 959 797 1022 uia
818 957 903 1042 ipsas
927 977 1030 1041 operae
1054 965 1192 1040 pretium
1216 964 1299 1019 esset
1321 958 1451 1042 perscril

273 1073 321 1119 ae·
333 1069 414 1117 ιιιιιι.
437 1049 494 1114 scd
509 1047 583 1132 quia
597 1066 717 1109 caussae
765 1051 859 1106 erunt
873 1063 947 1104 cum
965 1040 1125 1104 Antiocho
1147 1039 1254 1104 bellis.
1297 1039 1451 1104 ”Consul

438 1132 621 1217 designatis,
645 1130 730 1212 (inde
752 1148 889 1210 namque
915 1125 1113 1206 diverterem)
1144 1125 1182 1188 L.
1204 1124 1377 1191 Quinctius
1405 1135 1437 1189 et

439 1217 602 1282 Domitius
624 1213 769 1278 consules
793 1212 827 1274 in
844 1209 1021 1296 provincias
1040 1208 1173 1294 profecti
1188 1217 1281 1272 sunt=
1305 1209 1451 1275 Quinctii

438 1303 584 1386 Ligures,
606 1299 768 1364 Domitius
790 1296 940 1360 adversim
959 1295 1064 1358 Boios.
1108 1293 1179 1358 Boii
1200 1293 1408 1377 quieverunt:
1431 1317 1451 1358 a

438 1388 533 1452 etiam
557 1393 685 1448 sanabis
709 1403 819 1448 corum
842 1401 917 1444 cum
938 1377 1054 1456 liberis,
1076 1386 1108 1442 et
1125 1378 1265 1462 praefecti
1285 1399 1359 1442 cum
1381 1381 1451 1463 equi

440 1474 578 1556 (summa
592 1469 735 1534 omnium
747 1466 833 1530 mille
846 1473 878 1528 et
893 1463 1070 1548 quingenti)
1087 1462 1209 1526 consuli
1220 1462 1409 1527 dediderunt
1423 1487 1451 1528 se

438 1557 491 1620 Ab
506 1555 604 1618 altero
619 1552 749 1616 consule
762 1571 836 1634 ager
851 1549 1006 1634 ligurum
1028 1549 1090 1611 late
1106 1555 1154 1610 est
1168 1555 1320 1626 vastatus,
1336 1549 1451 1612 castella

439 1639 560 1722 aliquot
587 1647 696 1723 capta:
720 1635 804 1698 unde
833 1655 898 1698 non
927 1633 1035 1717 praeda
1061 1633 1156 1696 mado
1179 1632 1282 1696 omnis
1303 1635 1428 1718 generis

439 1723 573 1808 captivis
587 1729 688 1806 parta,
703 1720 760 1784 sed
771 1719 890 1803 recepti
908 1738 1034 1802 quoque
1057 1717 1178 1800 aliquot
1199 1717 1282 1780 cives
1300 1718 1450 1802 sociique,

440 1807 474 1872 in
499 1807 640 1870 hostium
663 1812 820 1890 potestate
845 1804 980 1866 fueraut.
1023 1801 1147 1865 Eodem
1175 1802 1236 1864 boc
1265 1823 1349 1866 anuo
1369 1803 1451 1868 Vibo

440 1891 564 1956 colonia
578 1891 714 1954 deducta
727 1897 777 1952 est
791 1887 847 1952 eu¹
863 1887 1138 1954 senatusconsulto
1158 1886 1324 1971 plebeique
1344 1888 1433 1951 scito.

440 1977 539 2042 millia
551 1983 583 2039 at
598 1974 790 2059 septingenti
804 1973 927 2058 pedites
941 1971 1056 2052 ienmt,
1074 1971 1206 2035 trecenti
1228 1971 1359 2070 equites.
1403 1973 1451 2036 ΤΡ]

440 2061 499 2124 viri
528 2059 728 2124 deduxerunt
755 2079 820 2136 eos,
850 2058 892 2124 Q.
908 2055 1051 2135 Naevius,
1075 2057 1125 2120 M.
1146 2056 1320 2135 Minucius,
1347 2058 1396 2120 M.
1413 2058 1451 2120 Fi

442 2145 616 2262 Crassipes.
653 2163 751 2228 qmna
772 2142 854 2206 dena
870 2141 984 2266 {ugera
1007 2141 1074 2225 agri
1094 2141 1168 2204 data
1185 2141 1218 2203 in
1242 2141 1384 2225 singulos
1407 2163 1451 2226 po

441 2238 528 2308 sunt,
544 2231 554 2262 ⁸
571 2228 690 2314 duplex
704 2227 864 2312 equitibus
889 2273 898 2290 .
920 2225 1151 2290 ”Bruttiorum
1165 2225 1307 2310 proxime
1321 2227 1423 2290 fuerat
1438 2248 1451 2288 a

442 2314 562 2378 Bruttii
585 2321 733 2399 ceperant
755 2313 795 2376 de
819 2311 950 2376 Graecis.
994 2311 1105 2374 Romae
1127 2332 1185 2395 per
1210 2310 1293 2374 idem
1316 2319 1443 2396 tempus

441 2399 572 2464 maximi
606 2399 736 2462 fuerunt
769 2405 925 2474 terrorea;
962 2393 1154 2459 ‘'diutinusl
1183 2394 1271 2472 alter,
1304 2395 1360 2458 sed
1394 2417 1451 2480 seg]

443 2485 465 2518 ⁴¹
477 2485 575 2546 Terra
588 2483 654 2544 dies
670 2479 983 2564 duodequadraginta
1000 2479 1109 2543 movit.
1170 2501 1204 2542 er
1218 2479 1350 2542 totidem
1365 2480 1450 2542 diesi

441 2566 477 2630 in
501 2565 711 2630 sollicitudine
729 2586 766 2627 ac
792 2572 880 2627 metu
908 2565 1005 2627 fuere.
1041 2564 1074 2626 in
1098 2501 1240 2627 triduum
1262 2563 1331 2648 ejus
1353 2565 1398 2627 rei
1419 2587 1450 2628 ce

443 2649 633 2735 supplicatio
648 2649 757 2712 habita
770 2656 828 2712 est.
863 2647 921 2711 Ille
935 2669 1000 2710 non
1014 2669 1114 2732 pavor
1127 2670 1238 2727 vanus,
1254 2649 1311 2712 sed
1325 2671 1398 2714 vera
1412 2672 1450 2712 mi

442 2756 515 2797 rum
529 2733 633 2798 clades
647 2733 717 2798 fuit.
749 2733 895 2796 incendio
910 2753 930 2795 a
943 2732 1011 2796 soro
1026 2733 1140 2796 Boario
1154 2741 1233 2812 orto,
1244 2733 1327 2797 diem
1342 2743 1450 2797 nocter

443 2819 577 2882 aediiieia
590 2817 624 2881 in
633 2818 772 2882 Tiberim
783 2839 873 2881 versa
881 2838 993 2895 arsere,
1002 2817 1205 2902 taberuaeque
1217 2839 1327 2882 omnes
1338 2839 1411 2882 cum
1423 2841 1449 2882 m

443 2903 537 2989 pmtii
550 2903 707 2968 mercibus
721 2903 1003 2988 conflagraverunt.

486 2989 579 3054 XLI.
601 2989 675 3053 Jam
689 2989 800 3053 semin
815 2988 902 3052 exitu
915 3009 1018 3050 annus
1033 2995 1120 3050 erat:
1142 2994 1175 3050 et
1189 2986 1222 3050 in
1237 2987 1304 3050 dies
1327 2987 1449 3072 magis*

443 3073 482 3138 de
497 3074 649 3138 Antiochi
663 3074 755 3152 bello,
771 3082 803 3137 et
816 3093 891 3137 cura
907 3071 1053 3136 Patribus
1068 3072 1237 3136 crescebat.
1282 3072 1393 3156 Itaque
1408 3073 1447 3135 de

442 3159 555 3222 vinciis
576 3157 819 3242 magistratuum
847 3157 1093 3241 designatorum,
1121 3177 1185 3240 quo
1213 3156 1398 3220 intentiores
1426 3179 1448 3220 es

443 3263 563 3320 omues,
585 3241 696 3326 agitari
710 3251 851 3328 coeptum
866 3251 924 3306 est.
968 3243 1152 3320 Decrevere,
1170 3249 1209 3304 ut
1228 3242 1412 3305 consulibus
1429 3241 1448 3304 1*

442 3334 475 3389 et
489 3347 553 3410 quo
568 3335 696 3390 senatus
712 3327 895 3405 censuisset,
920 3325 996 3411 (jam
1017 3347 1085 3390 esse
1106 3325 1226 3390 bellum
1247 3326 1397 3390 adversus
1418 3327 1446 3389 Α

442 3411 539 3474 chum
553 3432 660 3496 regem
676 3433 785 3475 omnes
803 3411 954 3494 sciebant)
972 3409 1143 3496 provinciae
1159 3419 1275 3474 essent.
1305 3411 1396 3496 cujus
1411 3433 1447 3474 ea

442 3503 536 3574 esset,
549 3503 687 3580 quatuor
701 3496 799 3560 millia
810 3497 956 3582 peditum
969 3495 1085 3560 civium
1103 3497 1329 3574 Romanorum,
1344 3505 1376 3559 et
1398 3504 1447 3559 tre

442 3580 575 3664 equites,
611 3602 665 3644 sex
692 3581 791 3645 millia
819 3580 939 3646 socidm
968 3580 1076 3644 Latini
1112 3580 1249 3644 nominis
1278 3601 1352 3644 cum
1382 3603 1447 3664 qua

469 3705 483 3744 8
495 3717 545 3749 cera
557 3699 771 3762 Antiaetafaeruat
783 3703 835 3750 belli
847 3703 922 3749 Bekis.
1053 3697 1102 3750 1¹re
1114 3703 1171 3748 Eud.
1268 3697 1311 3750 le:
1323 3703 1368 3749 del.
1380 3704 1445 3750 Grau

660 3761 756 3828 kceratiti
768 3768 863 3827 Kreyea.
876 3767 952 3814 Bekk.
1119 3760 1127 3800 ¹
1139 3769 1225 3814 diadas
1236 3767 1307 3814 uma

309 3874 341 3930 37
359 3876 490 3923 amatu
506 3879 630 3940 designatis
648 3910 654 3924 .
666 3909 672 3923 .
686 3911 692 3924 .
704 3879 731 3925 1..
747 3881 853 3930 Quintiae
865 3885 888 3926 et
919 3893 973 3925 cum
982 3878 1010 3925 iia
1021 3893 1079 3942 quos
1088 3878 1146 3924 vidit
1158 3879 1297 3934 Gronovius,
1308 3879 1424 3938 habetque
1436 3895 1446 3925 e

279 3939 319 3986 Ga.
334 3939 444 3986 Domitius
455 3941 554 3988 coaeum
565 3943 588 3987 ia
599 3939 737 4002 provinciae]
757 3944 813 3989 Hac
832 3957 888 3989 arne
952 3943 984 3990 ³9
1001 3939 1181 4004 'Bmttiaram]
1200 3943 1252 3989 vid
1264 3951 1312 3989 not.
1329 3945 1361 3989 bd
1377 3945 1406 3989 ad
1419 3943 1446 3988 x:

276 4002 393 4048 conciliari
407 4017 452 4048 non
464 4013 561 4064 possm
572 4019 625 4050 cum
637 4005 664 4050 iis
681 4021 733 4066 qua
744 4021 814 4066 supra
826 4021 845 4052 c.
857 4007 889 4054 22
921 4007 961 4052 46.

276 4067 485 4122 damnauerit
499 4067 584 4114 livius.
619 4069 821 4116 illicenimamba
832 4085 888 4116 ean-
951 4069 984 4117 to
1000 4070 1110 4116 marim
1131 4066 1201 4130 alter]
1234 4069 1327 4130 Vulgari
1346 4071 1439 4125 diutius,

276 4129 339 4176 ardes
361 4131 447 4176 diserte
466 4141 625 4177 memorantur
645 4133 740 4192 proiecti
763 4133 839 4192 primo
860 4133 885 4179 in
918 4133 1009 4193 legebat
1028 4133 1144 4192 Sigonius.
1178 4133 1276 4180 Hearaii
1293 4135 1364 4180 editio
1382 4143 1406 4178 et
1422 4149 1445 4193 qr

276 4194 423 4253 provinciae
445 4194 620 4244 maxQuintius
632 4197 661 4242 ad
673 4197 781 4242 habenda
792 4197 886 4243 comitia
917 4197 969 4242 aliae
988 4197 1013 4243 id
1032 4197 1121 4243 habent
1140 4199 1210 4258 quod,
1231 4197 1281 4257 ipsa
1301 4207 1445 4243 structuraer

277 4271 390 4303 uovorum
402 4259 522 4304 consulum
535 4267 655 4305 revocatus
664 4259 770 4306 Romam.
784 4261 885 4320 Reliqua
918 4257 1045 4319 flagitante.
1056 4261 1095 4306 hic
1104 4261 1220 4307 edendum
1232 4261 1370 4308 curavimus.

276 4321 394 4368 causarer
408 4322 578 4368 hoclocoaum
593 4323 886 4382 aaa,ecprocu1tubto
949 4323 977 4372 41
1009 4321 1023 4350 “
1037 4325 1107 4371 Terra
1129 4325 1177 4371 dice
1203 4327 1427 4386 duodequadraginta

277 4383 437 4444 deprehendes
456 4387 494 4433 bie
511 4401 558 4433 nan
576 4387 700 4442 immerito.
712 4387 736 4432 in
754 4401 778 4433 re
790 4387 885 4447 quidem
919 4387 1003 4434 Factus
1014 4397 1050 4434 eat
1061 4395 1128 4434 terra
1140 4397 1225 4446 matus,
1233 4389 1272 4448 qui
1284 4404 1326 4450 per
1337 4399 1387 4435 octo
1398 4397 1421 4434 et
1434 4399 1442 4433 t

277 4449 351 4502 tenui,
365 4450 431 4508 argui
444 4463 510 4510 posse
522 4449 613 4496 bivium
622 4451 782 4510 indiligentia.
919 4451 969 4498 dies
980 4451 1088 4498 usiduua
1100 4451 1153 4498 init.

309 4509 342 4556 38
360 4513 449 4572 Duplex
460 4510 586 4577 equitibus]
604 4515 690 4562 Victor.
702 4515 761 4560 iiber
771 4515 887 4561 consentit
