3118 5002
144 295 208 356 310
738 285 831 348 ΤΙΤΙ
855 283 970 347 LlVll

149 461 176 505 υ.
186 459 214 504 c.
226 459 281 512 ota.
311 457 424 500 norrun
461 442 537 498 sunt
572 433 716 497 deducta.
764 431 934 495 Triumviri
970 429 1182 508 deduxerunt,
1219 431 1254 494 P.
1284 431 1402 510 AElius,

148 525 176 570 Α·
189 523 216 568 ⁰·
230 521 281 576 ι77-
311 523 350 586 L.
372 519 508 604 ligibus,
532 519 593 582 Cn.
612 517 759 581 Sicinius.
796 516 1019 600 quinquagena
1040 523 1073 577 et
1096 515 1223 600 singula
1237 515 1352 614 jugera
1369 525 1403 580 et

312 605 458 669 semisses
472 603 539 688 agri
554 603 586 666 in
602 601 744 687 singulos
759 601 824 663 dati
840 609 926 662 sunt.
963 599 1002 662 de
1024 599 1143 684 Ligure
1157 609 1271 748 sappus
1286 623 1313 664 rs
1328 623 1404 699 ager

148 689 240 737 ⁶¹²¹“ffi
258 687 299 734 ³¹³·
313 697 389 754 erat.
433 691 643 752 Etmscorum
657 695 741 764 ante,
754 705 851 768 quarn
865 684 1032 768 Ligurum,
1046 683 1159 748 suerat.
1227 684 1403 748 .Claudrus

150 754 256 813 ”mihu‘
314 773 426 838 nonsul
440 773 479 836 ad
494 772 605 835 urbem
619 771 725 834 venit:
741 770 803 848 cui,
816 790 917 852 quum
927 769 960 831 in
972 777 1084 832 senatu
1099 769 1138 832 de
1153 768 1248 833 rebus
1259 769 1293 833 in
1308 770 1405 833 istria

315 859 550 943 Liguribusque
572 877 722 942 prospere
745 854 843 938 gestis
862 853 1072 931 disseruisset,
1094 853 1269 938 postulanti
1289 855 1404 918 trium-

315 945 399 1028 phus
413 951 462 1006 est
472 942 626 1005 decretus.
655 938 863 1023 triumphavit
876 938 909 1001 in
924 937 1112 1022 magistratu
1121 938 1161 1001 de
1172 939 1297 1002 duabus
1307 939 1404 1002 simul

314 1027 474 1112 gentibus.
516 1025 652 1089 tulitin
665 1045 703 1088 eo
716 1023 879 1108 triumpho
903 1021 1098 1086 “denariilm
1118 1031 1257 1086 trecenta
1280 1033 1405 1108 septem

316 1111 422 1188 millia,
445 1119 478 1174 et
492 1109 512 1144 '⁷
522 1108 721 1173 victor-latim
736 1107 1051 1192 octogintaquinque
1071 1107 1170 1170 millia
1184 1108 1287 1192 septin
1329 1117 1405 1172 ntos

317 1198 429 1260 duona.
458 1195 612 1260 militibus
625 1193 658 1256 in
675 1192 816 1290 singulos
832 1191 951 1276 ‘'quini
966 1191 1039 1254 deni
1055 1191 1172 1255 denarii
1184 1192 1268 1255 dati:
1284 1129 1406 1340 diplex

317 1281 504 1358 centurioni,
518 1279 633 1364 triplex
643 1279 751 1363 equiti.
786 1276 885 1340 Sociis
896 1275 1025 1339 dimidio
1035 1277 1152 1356 minus,
1162 1297 1259 1360 quam
1268 1278 1330 1341 civi
1353 1299 1406 1354 ns,

318 1367 440 1430 datum.
476 1366 582 1450 itaque
609 1364 707 1444 taciti,
736 1370 774 1426 ut
801 1361 897 1424 iratos
927 1381 996 1424 esse
1025 1361 1168 1440 sentires,
1199 1363 1300 1426 secuti
1327 1371 1408 1426 sunt

203 1558 255 1589 ures
317 1473 456 1600 euriqqt:
478 1536 566 1598 Dum
589 1532 616 1595 is
633 1531 815 1614 triumphus
835 1529 875 1592 de
892 1529 1065 1613 Liguribus
1080 1530 1242 1615 agebatur,
1258 1531 1408 1616 Ligures,

169 1625 180 1654 ⁶
319 1629 489 1704 postquam
515 1623 690 1694 senserunt,
711 1637 776 1678 non
796 1614 992 1677 consularem
1011 1623 1136 1678 tantum
1152 1615 1325 1678 exercitum
1342 1617 1409 1681 Ro-

320 1725 403 1768 mam
419 1703 633 1778 ”abductum
649 1699 704 1762 sed
715 1698 870 1783 legionem
885 1699 925 1762 ab
935 1699 985 1762 Ti.
995 1699 1129 1763 Claudio
1141 1699 1221 1764 Pisis
1232 1701 1408 1782 dimissam,

320 1787 415 1850 soluti
426 1795 524 1864 metu,
538 1785 619 1848 elam
628 1783 766 1847 exercitu
776 1783 905 1861 indicto,
913 1805 972 1881 per
981 1791 1176 1848 transversos
1185 1785 1302 1848 limites
1311 1807 1409 1872 supe-

320 1872 396 1936 ratis
406 1871 579 1948 montibus,
594 1869 628 1932 in
639 1889 767 1953 oampos
783 1867 932 1952 degressi,
947 1889 1058 1952 agrum
1072 1869 1290 1933 Mutinensem
1303 1891 1411 1957 popu-

321 1957 385 2034 lati,
393 1955 559 2042 repentino
570 1955 682 2039 inpetu
690 1953 845 2016 coloniam
854 1951 957 2038 ipsam
965 1961 1126 2100 cepemnt.
1157 1954 1196 2017 ld
1207 1955 1262 2019 ubi
1272 1957 1409 2020 Romam

321 2042 461 2104 adlatum
471 2049 530 2118 est,
539 2049 667 2103 senatus
678 2037 716 2102 C.
726 2037 896 2101 Claudium
907 2059 1005 2100 consu
1019 2060 1068 2101 em
1080 2037 1206 2102 comitia
1215 2040 1318 2125 primo
1328 2063 1410 2124 quo-

321 2149 383 2210 que
396 2135 539 2211 tempore
552 2125 667 2188 habere
674 2123 781 2210 jussit,
803 2122 976 2206 creatisque
990 2121 1023 2186 in
1036 2143 1156 2186 annum
1170 2125 1410 2210 magistratibus

321 2212 355 2275 in
369 2211 562 2298 provinciam
573 2211 683 2288 redire,
698 2217 730 2272 et
743 2207 898 2271 coloniam
909 2229 947 2270 ex
957 2207 1102 2272 hostibus
1112 2207 1240 2294 eripere.
1284 2210 1345 2290 Ita,
1359 2213 1411 2276 uti

172 2302 223 2347 '⁰¹¹¹'
237 2303 265 2346 '¹³-
322 2297 452 2361 eensuit‘
461 2305 599 2374 senatus,
614 2294 741 2358 comitia
754 2293 872 2357 habita.
915 2292 1070 2356 Consules
1086 2294 1191 2372 creati,
1212 2294 1273 2360 Cn.
1288 2295 1411 2360 Come-

322 2383 383 2446 lius
399 2382 450 2446 Sci
475 2382 505 2445 io
523 2379 698 2478 Hispallus,
714 2379 755 2444 Q.
776 2377 917 2442 Petillius
943 2377 1110 2462 Spurinus.
1155 2380 1309 2443 Praetores
1334 2381 1411 2445 inde

322 2468 405 2545 facti,
422 2405 474 2529 ni
487 2465 639 2550 Popillius
653 2463 777 2540 Laenas,
800 2463 835 2524 P.
851 2461 993 2524 Licinius
1009 2461 1153 2542 Crassus,
1175 2463 1224 2526 M.
1241 2463 1411 2530 Cornelius

322 2552 373 2614 Sci
398 2551 438 2628 io,
464 2551 502 2613 L.
518 2549 662 2634 Papirius
676 2547 779 2624 Maso,
806 2547 854 2610 M.
870 2546 1021 2626 Aburius,
1046 2547 1085 2611 L.
1101 2547 1259 2632 Aquillius
1283 2549 1408 2616 Gallus.

322 2635 359 2698 C.
370 2573 503 2698 blandis
518 2632 640 2696 consuli
655 2638 860 2716 prorogatum
876 2631 908 2693 in
924 2653 1043 2695 annum
1059 2632 1236 2718 imperium,
1256 2643 1289 2697 et
1304 2635 1410 2699 Gallia

321 2717 498 2804 provincia:
521 2725 562 2796 et,
577 2738 617 2778 ne
634 2715 708 2779 Istri
723 2725 870 2814 quoque¹
883 2715 978 2794 idem,
998 2718 1085 2800 quod
1105 2727 1137 2780 et
1160 2719 1305 2803 Ligures,
1325 2721 1410 2783 face

321 2811 402 2882 rent,
411 2802 512 2865 socios
528 2801 665 2865 nominis
681 2799 788 2863 Latini
803 2821 836 2862 tn
852 2800 979 2864 Istriam
993 2802 1142 2882 mitteret,
1157 2825 1238 2887 quos
1253 2805 1350 2868 trium
1374 2807 1409 2868 hi

159 2899 187 2944 U·
200 2899 292 2953 0⁵76·
322 2909 434 2952 caussa
447 2887 486 2950 de
502 2885 664 2972 provincia
681 2884 873 2950 deduxisset.
917 2885 978 2949 Cn.
996 2887 1144 2950 Comelio
1166 2897 1199 2951 et
1221 2889 1262 2954 Q.
1284 2827 1409 2955 Petiiiio

158 2963 293 3074 23⁸⁰ng
322 2973 517 3074 epnsulibns,
533 2995 597 3058 quo
611 2971 661 3071 die
674 2971 894 3069 magistratum
910 2970 1060 3069 inierunt,
1083 2971 1311 3072 inmolantibus
1333 2975 1356 3039 J
1357 2977 1409 3076 opi

158 3093 270 3202 aar·
323 3055 1078 3228 ttttlllltt’tttlttldittt.‚tlt
1094 3057 1410 3226 gaggam

158 3219 224 3264 ⁰⁰¹⁸·
322 3229 491 3304 retulisset,
506 3226 586 3290 bove
606 3226 752 3310 perlitare
763 3224 885 3308 jussus.
928 3225 980 3288 De
1002 3226 1171 3323 provinciis
1197 3227 1311 3291 deinde
1333 3251 1410 3293 eon·

323 3313 426 3374 sultus
442 3318 570 3372 senatus
587 3309 675 3372 Pisas
684 3318 717 3371 et
728 3307 862 3392 Ligures
875 3309 1052 3392 provincias
1065 3311 1249 3376 oonsulibus
1261 3313 1409 3377 decrevit.

323 3395 385 3458 cui
401 3395 481 3458 Pisae
496 3393 657 3478 provincia
671 3393 861 3471 obvenisset,
882 3413 981 3476 quum
1004 3395 1246 3480 magistratuum
1260 3399 1410 3462 creando-

322 3501 394 3542 rum
409 3486 536 3562 tempus
551 3485 644 3556 esset,
658 3477 698 3541 ad
712 3477 839 3540 comitia
851 3479 964 3541 reverti
973 3477 1080 3564 jussit.
1116 3481 1259 3544 additum
1273 3483 1410 3561 decreto,
1530 3473 1538 3482 ⁸

323 3572 361 3626 ut
374 3563 395 3594 ⁸⁰
405 3563 496 3626 binas
510 3561 649 3647 legiones
663 3583 760 3626 novas
775 3561 958 3642 scriberent,
979 3573 1012 3627 et
1031 3573 1195 3628 trecenos·
1215 3567 1337 3650 equites
1346 3593 1356 3646 ;
1379 3577 1410 3630 et

382 3675 451 3721 <ldae
460 3675 527 3720 Cres.
655 3678 760 3736 'quoque
772 3673 817 3718 del.
828 3673 922 3734 Kreyts.
1051 3677 1181 3724 *trecentos
1192 3677 1264 3723 Gran.
1277 3679 1345 3724 Cret.

193 3771 226 3818 bii
243 3772 368 3818 Dmoriass
383 3779 483 3820 trecenta
500 3779 583 3832 septen
602 3771 685 3834 stillio]
705 3773 768 3820 ldar·
801 3773 854 3832 plus
865 3773 920 3828 dm,
932 3773 1007 3820 untia
1018 3773 1042 3820 4.

163 3849 200 3882 eas
212 3836 302 3894 argenti
315 3844 429 3883 nostrates
440 3835 511 3890 4796,
525 3837 604 3882 uneiu
616 3836 639 3890 7.
834 3837 866 3882 ⁶8
885 3838 1007 3886 Qslss'deai
1018 3835 1120 3899 deurit]
1139 3839 1220 3886 lilnns
1232 3840 1306 3886 uncia
1318 3841 1409 3899 argenti

194 3898 225 3952 67
247 3901 393 3946 Vsotoriatars
404 3902 516 3960 octoginta
527 3903 624 3960 quisque
635 3901 708 3946 stillio
719 3915 769 3960 sep-
802 3907 916 3946 nostrates
928 3901 997 3947 bine.

164 3959 341 4024 tingestomao]
362 3965 475 4013 Qaisune
488 3963 626 4009 Victoriam
634 3965 769 4023 appellatur,
833 3963 866 4011 bd
884 3961 1026 4024 Abdaetsss]
1057 3965 1119 4012 Olim
1139 3967 1260 4026 legebatur
1279 3969 1411 4014 sddsetsn.

164 4028 242 4087 lnquit
261 4027 357 4081 Plinius,
375 4027 390 4071 l.
410 4025 525 4072 xxxin.
545 4041 564 4072 e.
581 4026 605 4082 ³,
624 4028 672 4088 legs
692 4029 771 4074 Clodia
804 4025 913 4072 Correxit
925 4028 1064 4074 Gronovius.

162 4097 333 4150 parmaensi.
362 4091 550 4137 Asteoesissltio
561 4092 769 4151 mssesllly·
835 4089 868 4136 60
884 4091 958 4138 Biaas
977 4092 1074 4152 legiones
1093 4107 1161 4140 sosas
1177 4125 1202 4140 ..
1216 4127 1221 4140 .
1235 4127 1242 4140 .
1257 4101 1279 4142 et
1301 4101 1411 4143 moestos

165 4158 212 4201 ries
222 4157 336 4210 adrestas,
348 4157 429 4202 nereis
446 4155 492 4200 iore
508 4154 640 4199 babetstsr.
673 4155 717 4200 Eat
729 4169 771 4200 aa·
804 4151 901 4214 equites]
921 4155 965 4199 vu
977 4156 1077 4202 dubitari
1089 4166 1174 4216 potest,
1183 4159 1239 4216 quin
1251 4159 1289 4204 bie
1297 4159 1411 4206 exciderit
1528 4201 1530 4206 ,

166 4227 209 4264 test
229 4223 332 4280 signatas
353 4221 455 4273 rutam,
477 4223 499 4262 tt
518 4217 571 4262 inde
586 4231 670 4262 ames.
710 4218 770 4262 [tum
803 4217 900 4276 aliquid.
935 4217 1088 4278 Expresserat
1099 4235 1185 4281 nempe
1198 4223 1276 4268 Livlns
1291 4237 1411 4282 prorrmre

168 4283 275 4327 Volusius
299 4283 425 4327 blasianus
453 4281 521 4326 docet
550 4287 639 4324 tantum
662 4279 771 4336 saluisse,
803 4295 853 4334 stro,
881 4291 994 4340 quantum
1022 4285 1135 4343 peditum,
1163 4295 1276 4344 quantum
1303 4287 1410 4345 equitnm

167 4353 281 4402 quantum
298 4347 361 4405 prius
380 4345 509 4402 quinarius.
543 4343 567 4388 Si
585 4342 696 4400 igiturad
711 4343 772 4390 hanc
804 4345 908 4403 legiones
919 4359 986 4390 nora
997 4361 1049 4405 qua
1066 4349 1227 4396 scribebantur
1241 4351 1328 4396 babere
1339 4351 1410 4397 debe-

168 4409 281 4454 rationem
294 4409 414 4455 victoriati
426 4409 515 4464 estut
534 4407 686 4464 aestimentur,
699 4409 772 4453 effici·
805 4417 865 4454 rent.
900 4409 1007 4455 Peditum
1037 4425 1149 4458 numerus
1175 4413 1301 4460 intercidit.
1337 4415 1360 4460 st
1386 4415 1410 4459 ld

167 4479 237 4516 entur
252 4473 341 4518 denarii
355 4472 450 4530 meat,
469 4485 552 4518 marsa
571 4477 686 4520 nostrates
703 4473 773 4532 paulo
805 4485 930 4531 sequamur
952 4475 1015 4532 quod
1038 4475 1177 4537 plerumque
1204 4475 1242 4524 bis
1267 4478 1411 4538 temporibus
