3108 4982
730 283 823 350 'rt‘t1
850 281 965 348 Ltvlt

164 464 207 511 ‚c
219 459 274 517 ma.
302 445 431 506 centum
445 434 646 523 septuaginta
659 431 721 498 triu
733 429 833 496 millia
845 429 1010 493 ducentoe.
1055 423 1216 526 Militibus
1232 427 1272 492 de
1286 429 1397 514 proedn

163 527 209 575 ·⁰·
223 526 275 574 ¹⁰⁰·
303 525 324 560 ⁸²
334 525 573 608 quinquagenos
588 518 732 583 denarios
751 515 849 593 dedit,
869 513 988 612 duplex
1007 513 1257 610 centunonibup,
1279 515 1322 576 tri
1345 515 1398 577 lex

304 608 413 692 equiti,
438 603 670 669 “tantumdem
704 599 797 666 sociis
825 599 933 663 Latuu
961 617 1110 676 nomime,
1138 603 1172 659 et
1200 605 1306 682 strpen
1342 619 1397 662 um

305 691 455 758 omnibus
470 690 514 754 du
536 689 598 752 lex.

144 787 279 832 texum·
349 775 472 840 XLIV.
580 791 664 835 enno
688 767 810 853 rogatio
833 765 973 851 primum
995 763 1059 827 latu
1078 771 1128 826 cst
1152 762 1226 828 ”ab
1246 763 1286 828 L.
1300 765 1398 830 Villio

144 851 186 896 ¹³⁸
306 859 436 925 tribuno
450 857 563 943 plebis,
583 855 605 888 ⁸⁰
614 861 693 940 quot
706 873 806 916 annos
820 850 888 914 nati
902 869 1060 996 (poenique
1074 847 1296 946 megisti-ntum
1310 857 1399 934 pete-

307 951 379 1008 rent
391 949 611 1027 cuperentque.
632 939 706 1002 inde
719 955 895 1021 cognomen
923 933 1035 996 amthae
1049 933 1197 1010 inditum,
1209 941 1247 995 ut
1256 933 1399 996 Annales

146 1035 259 1083 marom
308 1027 551 1112 adpellerentur.
595 1025 749 1087 Praeturee
773 1027 909 1104 quatuor
930 1025 1004 1102 post
1030 1016 1149 1079 multos
1172 1037 1272 1079 annos
1295 1019 1317 1051 ⁶¹
1329 1017 1398 1101 lege

147 1105 255 1159 ‘¹¹¹⁸‘¹¹⁰¹·
311 1111 421 1177 Baebia
433 1109 539 1188 creati,
554 1129 626 1192 qum
641 1105 768 1169 uitemie
783 1111 953 1188 quaternos
967 1101 1102 1185 jubebat
1120 1099 1226 1164 creari.
1262 1101 1297 1163 hi
1314 1101 1399 1180 facti,

312 1196 372 1260 Cu.
389 1194 555 1259 Cornelius
579 1191 631 1257 Sci
654 1191 696 1269 io,
719 1187 911 1253 C.Vulerius
935 1185 1097 1263 Laevintm
1120 1185 1162 1250 Q.
1179 1193 1212 1246 et
1237 1185 1273 1248 P.
1295 1185 1400 1248 Mucii

149 1273 283 1329 uit-⁶72
313 1281 355 1346 Q.
370 1281 406 1344 F.
421 1278 581 1343 Scaevolee.
664 1273 800 1339 .Fulvio
821 1280 853 1336 et
877 1272 917 1334 L.
936 1269 1060 1332 Manlio
1084 1268 1269 1332 consulibus
1289 1270 1400 1332 cadem

149 1337 284 1458 &sshlgffi
313 1363 483 1450 provincie,
510 1383 585 1462 pute
610 1358 834 1444 superioribus,
855 1354 924 1440 puri
954 1373 1086 1418 numero
1115 1353 1215 1436 copiae
1243 1353 1400 1438 peditum,

150 1465 280 1576 blm
312 1449 618 1598 {littei-lt
631 1436 1402 1606 &ttmlttttltlitttlttutlt

354 1580 362 1596 ·
662 1574 670 1591 ·
1286 1569 1297 1600 r

151 1641 285 1688 emuncta.
314 1555 475 1694 hebemnb,
498 1619 702 1698 prorogatum
730 1607 898 1692 imperium
928 1614 986 1671 eut.
1023 1605 1112 1670 etin
1142 1606 1403 1690 suplementum

313 1699 458 1763 consules
482 1697 615 1760 scribere
635 1693 719 1780 justi
741 1693 782 1756 ad
804 1691 865 1754 tria
888 1691 987 1754 millia
1008 1691 1153 1776 peditum
1223 1712 1403 1768 manorum,

313 1791 469 1846 trecentos
483 1781 622 1864 equitem
644 1777 784 1861 quinque
799 1775 897 1838 millia
912 1775 1069 1838 sociorum
1085 1773 1193 1838 Latini
1206 1775 1355 1853 neminie,
1370 1785 1404 1840 et

313 1867 559 1952 quadringentos
574 1861 706 1948 equites.
750 1863 785 1924 P.
802 1859 932 1924 Mucius
948 1859 1089 1924 Scaevolu
1101 1859 1255 1922 urbanam
1271 1860 1404 1924 sortitus

313 1951 506 2037 provinciam
529 1956 595 2028 eet3
618 1955 650 2010 et
671 1954 709 2010 ut
732 1945 816 2009 idem
840 1951 995 2027 quaereret
1015 1943 1054 2006 de
1073 1943 1233 2006 veneficiis
1258 1943 1292 2006 in
1313 1945 1404 2024 urbe,

313 2045 346 2099 et
360 2035 491 2133 propius
506 2033 617 2097 urbem
629 2031 737 2095 decem
748 2029 1024 2114 milliepaueuum:
1041 2027 1102 2092 (lu.
1114 2027 1281 2092 Cornelius
1295 2027 1404 2113 Scipio

314 2139 521 2206 peregrinam,
544 2119 585 2184 o.
604 2115 734 2181 Mucius
757 2113 898 2178 Scaevola
912 2112 1060 2190 Siciliam,
1083 2110 1121 2175 O.
1136 2111 1282 2174 Valerius
1298 2113 1404 2176 Laevi-

315 2227 376 2268 nus
399 2203 586 2268 Sardiniam.
630 2201 671 2266 Q.
687 2199 819 2264 Fulvius
842 2197 963 2276 consul,
979 2199 1080 2278 priua,
1105 2217 1196 2278 petam
1218 2199 1312 2259 allam
1338 2219 1405 2262 rem

308 2291 465 2372 publicam
486 2293 598 2371 operat,
624 2286 754 2349 liberare
776 2290 806 2348 et
826 2303 859 2347 ee
877 2288 907 2346 et
925 2281 1139 2362 rempublicam
1162 2282 1306 2363 relicinae
1325 2284 1406 2345 cotie

313 2376 473 2452 eolomdie,
488 2372 577 2450 dixit,
588 2373 672 2434 velle.
693 2371 818 2446 vaviere,
833 2387 890 2449 qtae
905 2367 954 2429 die
960 2371 1148 2448 postremam
1161 2385 1228 2428 cum
1246 2367 1406 2430 Celtiberi-r

312 2464 485 2540 papamet,
501 2457 586 2519 ludar
599 2456 670 2517 Ioui
681 2455 792 2534 optimo
803 2453 945 2528 marimo,
954 2456 983 2514 et
996 2450 1088 2512 adon
1103 2449 1249 2530 Equestri
1262 2451 1406 2514 Fur-tuae

314 2562 378 2604 rere
384 2541 564 2621 saetarum.-
580 2540 614 2598 iu
627 2557 694 2600 eam
708 2557 772 2598 rem
785 2536 844 2598 eibi
850 2536 1012 2616 pecuniam
1027 2535 1178 2598 conlatam
1192 2553 1256 2596 eree
1274 2535 1313 2596 ab
1327 2536 1405 2598 Hir-

310 2626 411 2705 pouit.
455 2621 540 2685 Ludi
554 2620 681 2697 decreti,
696 2627 728 2682 et
743 2627 780 2681 ut
794 2617 953 2682 duumviri
968 2618 1008 2680 ud
1031 2617 1132 2681 aedem
1154 2617 1320 2682 locandam
1337 2640 1405 2682 cre-

314 2713 452 2770 arentur.
474 2705 513 2768 de
526 2702 662 2789 pecunia
675 2703 795 2780 finitur,
806 2703 856 2766 Ne
869 2702 968 2782 major
981 2722 1089 2766 cauma
1101 2703 1238 2765 ludorum
1251 2723 1405 2768 conmme-

313 2797 409 2869 retur,
424 2787 548 2871 ⁸'paam
571 2793 685 2870 quauta
707 2787 813 2851 bleloio
836 2787 1000 2867 Nobiliori,
1014 2792 1088 2869 port
1107 2787 1276 2850 AEloliaam
1295 2789 1405 2852 bellam

181 2953 214 3008 b7
232 2953 405 3014 erqeageroe
421 2947 538 3012 merim]
564 2948 651 2996 Unrlet
667 2949 759 3009 urgenti
791 2963 862 3010 cupre
880 2949 895 2996 l.
915 2949 988 2996 XXV.
1006 2964 1026 2996 c
1045 2951 1068 3004 2.
1087 2949 1175 2998 tribuni
1195 2950 1267 3010 plebi·
1285 2951 1405 2998 obstitime

150 3019 173 3074 o,
185 3033 237 3064 eum
250 3017 318 3072 binio,
331 3025 357 3063 ut
369 3024 459 3072 vocent,
469 3017 561 3078 prereie
791 3021 951 3060 memorentur
962 3013 1064 3073 Scipioni
1082 3015 1217 3061 cedititetem
1235 3015 1333 3074 petenti,
1344 3017 1406 3076 quod

145 3089 150 3098 ¹
183 3082 214 3128 bil
235 3083 381 3128 Tantundem
398 3083 464 3128 roeiie
479 3081 559 3127 Lotied
570 3073 677 3138 neminie]
696 3077 759 3124 Trn-
791 3079 886 3124 amdam
904 3078 1069 3136 adpetendum
1086 3079 1187 3138 legitima
1202 3085 1259 3124 tetes
1270 3086 1336 3125 met.
1371 3080 1405 3126 At

151 3145 255 3190 tumdem
285 3145 410 3204 peditibus,
438 3144 564 3204 equitibue,
586 3142 760 3188 centurionibus
792 3155 872 3187 turtur
882 3141 909 3186 t.
921 3141 1033 3191 Quintius
1044 3141 1196 3196 Flaminium,
1204 3142 1243 3201 qui
1255 3143 1404 3188 comuletum

147 3208 229 3254 *Latini
242 3208 350 3262 uominir,
363 3215 477 3266 quantum
490 3205 610 3252 comente
792 3205 860 3264 petiit
870 3204 975 3250 nondum
987 3218 1061 3250 eruce
1074 3205 1171 3263 triginta
1182 3215 1258 3260 netue,
1274 3214 1301 3250 ut
1312 3213 1405 3252 constet

182 3272 214 3318 bi
237 3272 274 3317 Ab
293 3271 322 3316 h.
348 3267 429 3328 Villio]
465 3269 558 3315 Nomen
577 3267 646 3326 hulur
673 3267 760 3313 tribuni
792 3281 822 3313 ex
844 3267 968 3314 Plutarcho
988 3268 1013 3314 in
1035 3271 1085 3328 ejus
1106 3269 1162 3327 vite,
1182 3277 1262 3314 temen
1282 3283 1325 3330 per
1339 3269 1404 3328 leges

150 3334 305 3380 deformatum
316 3341 387 3380 entre
397 3333 525 3392 legebam,
534 3331 561 3378 L.
573 3331 643 3378 lelio·
673 3331 761 3378 Emen-
794 3345 876 3391 cepere
893 3331 956 3376 hune
976 3332 1138 3390 megietrutum
1160 3345 1227 3392 poree
1245 3331 1365 3392 judicetur
1388 3347 1404 3379 ι

145 3397 215 3443 derit
226 3397 343 3455 Sigoniut.
793 3402 884 3450 eenetu,
895 3409 966 3454 rupte
985 3395 999 3441 l.
1016 3395 1118 3441 xxxtt.
1136 3409 1155 3441 c.
1167 3395 1190 3450 7.
1226 3396 1282 3442 llere
1299 3397 1362 3442 inter
1377 3411 1403 3443 ee

182 3460 214 3507 60
239 3461 298 3509 Quat
314 3475 384 3506 mm
401 3459 452 3506 nati
476 3471 583 3518 quemque
604 3457 762 3517 magistratum
794 3459 901 3518 exemplu
918 3459 937 3504 rl
957 3458 1170 3512 contermtur,noa
1187 3461 1287 3506 ebeurde
1306 3459 1403 3506 lomere

146 3529 251 3584 peterent
261 3519 421 3584 cuperemque]
448 3521 757 3579 Munatiumlibrodelegi·
790 3523 919 3580 poterimus
935 3522 1047 3582 turpioni
1063 3531 1118 3567 ente
1137 3523 1213 3581 legem
1233 3523 1326 3569 Villium
1349 3537 1404 3570 eea·

150 3587 193 3632 bue
206 3587 325 3641 Romanu,
337 3595 416 3632 cenect
428 3585 523 3632 Villium
535 3585 565 3632 de
576 3583 694 3631 curulium
706 3591 758 3630 teu·
791 3585 862 3630 citum
874 3586 1036 3631 tantummodo
1048 3584 1120 3631 solere
1136 3585 1161 3631 id
1178 3587 1240 3645 quud
1257 3599 1289 3632 ex
1304 3587 1403 3646 Polybio

150 3650 271 3695 tummodo
288 3649 462 3708 megletretibtu
479 3649 591 3696 muniere.
625 3647 691 3694 idem
707 3661 760 3706 pro·
793 3647 923 3702 retulimue,
941 3663 971 3694 ne
989 3649 1042 3708 quie
1062 3647 1136 3694 ullum
1155 3651 1316 3710 magistratum
1332 3664 1402 3709 eupe-

150 3713 190 3759 bet
207 3727 236 3758 ex
249 3713 360 3758 Cicerone
375 3713 481 3773 cliieque,
493 3713 624 3772 legitimum
643 3710 760 3756 edilium
792 3719 835 3766 ret,
846 3719 973 3771 tutequem
984 3713 1045 3758 dene
1056 3712 1173 3772 stipendia
1183 3713 1280 3759 emerite
1296 3713 1404 3762 heberet.

150 3777 237 3823 curuli·
249 3789 336 3822 eurtum
344 3775 423 3831 tuine,
432 3777 557 3835 teptimum
565 3783 589 3821 et
598 3775 759 3834 trigesimum
792 3775 869 3834 Scipio
880 3775 952 3832 enlm,
965 3783 1014 3821 tum
1030 3789 1103 3834 quum
1121 3776 1142 3822 ei
1160 3777 1296 3822 aedilitatem
1312 3778 1404 3836 petenti

150 3849 264 3901 pratum,
276 3840 494 3898 quadregeeimum
511 3839 651 3892 consuletur,
664 3838 758 3883 tertium
791 3839 953 3894 omittebatur,
968 3840 1074 3884 noudum
1085 3853 1127 3898 per
1137 3847 1229 3886 aetutem
1241 3841 1302 3886 dene
1312 3841 1404 3901 mipen-

150 3912 174 3950 et
189 3903 401 3964 quedregetimum.
435 3903 583 3952 (dumetorum
600 3915 648 3948 non
667 3901 758 3946 licuisse
790 3901 829 3946 die
840 3903 952 3948 meruisse
961 3910 1067 3962 potente
1084 3909 1175 3960 poteret
1187 3903 1340 3958 Flaminium,
1352 3912 1404 3950 tum

150 3981 231 4028 cepere
243 3975 297 4012 ente
308 3980 396 4012 annum
407 3965 481 4010 eetetie
496 3967 621 4025 septimum
637 3972 661 4010 et
672 3964 757 4024 rigeri-
790 3979 863 4023 quum
875 3966 1019 4011 consulatum
1028 3967 1128 4024 petebat.
1163 3967 1404 4024 llocsiedmittatur,

150 4045 215 4077 mum
232 4029 349 4088 colligitur
365 4043 395 4074 ex
407 4027 511 4087 Polybio,
524 4029 563 4087 qui
575 4029 590 4072 l.
606 4027 647 4074 vt.
659 4027 759 4074 affirmet
791 4029 913 4088 apparebit
934 4030 1028 4088 proprie
1052 4037 1075 4074 et
1097 4039 1204 4076 accurate
1225 4031 1329 4076 locutum
1351 4045 1404 4077 eree

150 4097 265 4140 urbanum
288 4093 449 4152 magistratum
471 4091 577 4150 replendi
601 4093 641 4150 jue
671 4091 758 4136 nemini
793 4091 895 4148 Livium,
915 4093 972 4137 dum
991 4093 1052 4138 dixit
1069 4092 1113 4138 hor
1135 4093 1237 4152 primum
1251 4109 1314 4140 enno
1332 4109 1405 4152 roge·

149 4157 228 4214 suiete,
240 4165 366 4216 cutequem
377 4157 439 4201 dene
450 4154 566 4214 stipendia
577 4153 673 4200 emerite
686 4155 759 4200 hehe·
791 4155 879 4201 tionem
901 4157 972 4202 letum
994 4169 1055 4210 eree,
1075 4163 1127 4216 quot
1145 4171 1215 4204 arms
1232 4161 1406 4219 uumquemque

149 4230 192 4267 tet.
226 4220 381 4281 Auspicnndae
398 4227 476 4266 eutem
495 4217 585 4263 mititte
605 4231 682 4262 ennue
701 4217 759 4276 legi·
790 4222 947 4280 magistratum
956 4225 1060 4278 peterent
1070 4227 1226 4281 cuperemque.

149 4284 220 4330 timue
241 4284 287 4330 luit
308 4285 412 4330 decimue
431 4282 551 4342 septimun.
584 4282 693 4327 ceterum
712 4295 758 4327 non
824 4283 853 4328 61
886 4283 946 4343 Lege
968 4279 1062 4342 Baebio]
1093 4283 1170 4344 tituta
1191 4283 1249 4342 legia
1270 4285 1336 4330 nulle
1357 4285 1408 4332 elie

147 4347 182 4392 ite
192 4348 328 4406 recipienda
338 4355 393 4393 runt
401 4361 453 4406 que
465 4346 503 4392 hic
514 4344 585 4392 trudit
597 4343 683 4398 Liviue,
692 4345 758 4402 quari
791 4345 891 4391 occurrit
902 4345 998 4392 mentio.

149 4417 198 4454 tum
211 4411 312 4469 primum
328 4412 357 4456 de
377 4410 482 4470 legitime
500 4409 677 4467 magistratuum
695 4407 757 4466 cepi·
822 4409 854 4455 ut
873 4409 947 4458 Quam
1034 4415 1059 4455 ta
1087 4410 1165 4458 Feloio
1193 4408 1319 4472 Neblllwi]
1349 4412 1406 4461 Vld.

148 4474 263 4520 eudorum
274 4474 443 4534 :teterliquid
459 4471 663 4519 tancitumluerit.
698 4471 758 4517 Nem
791 4473 887 4532 ruprai.
900 4471 967 4518 XXX
985 4473 1079 4519 xeno.
