3098 4958
206 299 271 364 426
808 289 902 356 'II'I'I
925 287 1039 354 LIVII

208 459 343 508 uasta
373 443 504 522 Rutilio,
524 443 581 527 qui
603 442 753 508 tribunus
776 439 879 529 plebis
902 461 957 504 eos
972 439 1126 504 violenter
1148 437 1362 520 “mensnram
1384 441 1470 506 tnbu

208 527 236 572 A*
249 527 276 570 ⁰·
291 523 342 572 ¹⁰⁹·
372 549 498 614 quoque
526 528 554 592 is
582 537 701 608 motus,
727 526 791 590 “et
820 525 949 590 aerasisu
978 525 1091 588 faetus.
1133 523 1188 588 Ad
1214 545 1311 609 opera
1341 525 1472 624 publica

371 613 514 678 facienda
535 633 636 698 quum
659 613 703 676 eis
727 611 893 676 dimidium
914 629 954 672 ex
967 631 988 673 v
1040 607 1047 622 '
1103 607 1175 672 'bus
1196 607 1266 693 ejus
1280 631 1359 672 anns
1374 612 1470 674 adtri-

371 699 488 763 butum
507 719 546 761 ex
568 695 843 762 senatusconsulto
863 715 882 758 a
925 693 1052 756 uoestori
1075 715 1115 756 us
1129 701 1232 772 esset;
1252 694 1303 759 Ti.
1319 695 1471 780 Sempro-

372 785 446 848 nius
460 804 498 846 ex
512 781 706 867 eapecunis,
727 802 801 866 quse
815 779 877 865 ipsi
891 715 1052 842 ainshun
1065 787 1144 858 erat,
1165 778 1249 841 aedes
1274 779 1311 843 P.
1327 780 1470 844 Africani

372 867 394 900 '¹
404 889 487 954 pone
497 867 628 930 Veteres
637 867 678 930 ad
689 863 861 930 Vortumni
876 864 1013 949 signum,
1027 862 1258 946 “hmanasque
1272 871 1306 926 et
1320 863 1470 928 tabernas

373 952 559 1050 conjunctas
572 951 606 1014 in
621 951 786 1036 publicum
808 949 895 1048 emit,
917 949 939 982 ⁹'
948 947 1172 1032 basilicamque
1186 947 1366 1012 faciendam
1382 971 1471 1014 cura·

372 1033 1091 1196 nbilipisiiiairieilxitnumaauiriiieliiilfii
1105 1123 1235 1202 propter
1264 1116 1471 1181 Macedonici

372 1206 510 1270 maxime
523 1205 599 1270 belli
612 1227 720 1270 curam
733 1204 767 1268 in
779 1203 977 1268 sermonibus
990 1203 1134 1265 homines
1149 1201 1319 1280 habebant,
1339 1224 1427 1286 quos
1441 1205 1473 1266 in

374 1310 495 1354 annum
516 1291 663 1356 consules
686 1290 727 1354 ad
752 1289 929 1354 finiendum
952 1287 1081 1352 undem
1109 1286 1143 1350 id
1170 1286 1291 1350 bellum
1312 1297 1471 1352 emerent.

374 1374 480 1460 itaque
504 1373 815 1440 senatusconsultum
829 1373 960 1472 ¹Iactum
978 1379 1036 1450 est,
1058 1379 1096 1436 ut
1115 1371 1176 1472 Cp.
1192 1371 1346 1436 Servilius
1365 1373 1472 1457 primo

374 1481 501 1608 elui?
520 1471 587 1608 tu
622 1457 1238 1628 riuidprfflll‘lsbibiliiffin
1253 1456 1472 1626 iffi&

373 1628 525 1708 recitavit,
546 1567 663 1712 quibus
685 1637 758 1690 ante
788 1625 872 1690 diem
896 1629 952 1676 ³¹¹*
977 1625 1012 1690 in
1039 1625 1151 1690 urbem
1179 1632 1353 1690 venturum
1365 1627 1383 1691 ¹.
1429 1629 1471 1691 Et

372 1711 484 1775 consul
498 1711 677 1790 maturavit,
698 1719 731 1776 et
745 1711 873 1776 comitia
886 1733 924 1775 eo
939 1709 1000 1790 die,
1021 1709 1077 1795 qui
1091 1711 1196 1774 dictus
1210 1719 1288 1790 erat,
1305 1721 1386 1776 sunt
1400 1733 1472 1797 per-

244 1822 266 1854 m
287 1808 316 1854 's
372 1795 463 1858 secta.
500 1795 656 1859 Consules
670 1795 766 1860 creati
781 1797 820 1860 L.
835 1795 987 1860 AEmilius
1003 1795 1133 1860 Paullus
1146 1795 1272 1874 iterum,
1288 1795 1471 1895 ¹septimok

372 1879 494 1943 decimo
518 1901 602 1944 anno
625 1889 796 1966 postquam
820 1881 923 1967 primo
946 1880 1058 1944 consul
1077 1881 1188 1960 fuerat,
1213 1888 1246 1944 ct
1270 1879 1308 1944 C.
1323 1881 1471 1946 Licinius

373 1963 518 2028 Crassus.
562 1965 717 2030 Praetores
731 1973 859 2052 postero
878 1965 929 2030 die
946 1965 1022 2029 facti
1041 1965 1102 2030 Cn.
1123 1965 1252 2030 Baebius
1266 1965 1470 2051 Tamphilus,

372 2049 411 2114 L.
435 2049 568 2114 Anicius
596 2051 719 2130 Gallus,
742 2051 803 2116 Cn.
830 2049 995 2129 Octavius,
1018 2049 1053 2114 P.
1080 2050 1231 2114 Fonteius
1258 2051 1395 2131 Balbus,
1422 2053 1469 2117 M.

372 2133 526 2199 AEbutius
541 2135 631 2216 Elva,
643 2137 681 2201 C.
696 2136 840 2224 Papisius
851 2135 965 2200 Carbo.
988 2134 1107 2200 Omnia
1120 2143 1158 2199 ut
1172 2135 1327 2199 maturius
1338 2157 1471 2222 ageren-

372 2227 435 2298 tur,
465 2219 540 2284 belli
570 2221 769 2286 Macedonici
799 2220 982 2286 stimulabat
1016 2240 1101 2284 cusa.
1144 2219 1251 2304 itaque
1284 2220 1470 2306 designatos

372 2305 533 2392 extemplo
556 2307 661 2371 sortiri
680 2307 801 2392 placuit
819 2305 1019 2393 provincias3
1040 2313 1088 2383 ut,
1105 2305 1170 2370 utri
1188 2305 1380 2369 Macedonia
1394 2329 1471 2370 oon-

373 2389 445 2468 suli,
467 2391 604 2476 ’cuique
626 2393 755 2477 praetori
773 2391 881 2456 classis
900 2390 1048 2470 venisset,
1072 2390 1223 2454 sciretur:
1245 2397 1282 2453 ut
1298 2388 1369 2474 jam
1395 2391 1471 2456 inde

372 2473 548 2558 cogitarent
571 2485 791 2560 pararentque,
819 2497 892 2561 quae
915 2475 999 2540 bello
1021 2473 1095 2538 usui
1119 2475 1232 2554 forent,
1257 2483 1470 2561 senatumque

371 2558 583 2638 consulerent,
599 2559 626 2622 si
641 2580 704 2643 qua
718 2581 751 2622 re
765 2560 911 2625 consulto
926 2581 1008 2646 opus
1022 2567 1114 2624 esset.
1150 2561 1290 2638 Latinas,
1305 2561 1360 2624 ubi
1372 2565 1470 2644 mopi-

370 2647 503 2704 strotum
518 2645 655 2723 inissent,
670 2645 751 2726 quod
765 2665 826 2726 per
840 2647 1002 2728 relipioser
1015 2651 1129 2727 posset,
1144 2647 1248 2726 psinso
1262 2665 1381 2727 quoque
1395 2653 1469 2710 tessi-

365 2725 523 2809 porefien'
531 2728 675 2809 placere‚·
697 2749 790 2810 neque
803 2731 962 2808 comum,
985 2731 1034 2794 cai
1045 2730 1174 2793 amdam
1193 2732 1227 2793 in
1249 2731 1468 2795 Macedoniam

370 2817 457 2888 esset,
486 2813 591 2876 teneri.
637 2813 699 2876 His
722 2813 866 2892 decretis,
887 2814 1072 2878 consulibus
1099 2813 1191 2878 Italia
1212 2823 1245 2878 et
1265 2814 1468 2894 Macedonia,

370 2895 572 3044 liaetfflibm’
598 2905 715 2984 praeter
743 2898 822 2962 duas
845 2899 1082 2984 jurisdictiones
1105 2898 1140 2963 in
1168 2899 1257 2978 urbe,
1286 2900 1410 2980 classis,
1436 2911 1469 2966 et

408 2980 539 3068 ispania,
561 2991 595 3048 et
617 2984 731 3061 Sicilia,
755 2992 787 3048 et
810 2983 953 3048 Sardinia
977 2984 1147 3070 provinciae
1176 2985 1349 3050 nominatae
1380 2997 1467 3052 sunt.

372 3065 561 3148 Consulum,
584 3070 715 3134 AEmilio
740 3069 937 3148 Macedonia,
964 3069 1087 3133 Licinio
1108 3069 1201 3134 Italia
1220 3070 1335 3134 evenit.
1381 3072 1468 3136 Prae·

370 3159 465 3231 tores,
488 3153 549 3218 Cn.
573 3155 703 3218 Baebius
732 3155 896 3234 urbanam,
917 3155 956 3218 L.
976 3155 1109 3218 Anicius
1138 3155 1349 3241 peregrinam,
1377 3165 1410 3220 et
1440 3157 1467 3220 si

393 3257 435 3298 uo
461 3245 590 3301 senatus
614 3239 799 3318 censuisset,
821 3239 882 3304 Cn.
903 3239 1056 3304 Octavius
1085 3240 1228 3318 classem,
1257 3241 1293 3304 P.
1309 3241 1466 3306 Fonteius

260 3393 266 3404 ¹
370 3258 572 3416 Ilispaniam,
595 3322 644 3386 M.
659 3323 813 3388 AEbutius
830 3325 978 3404 Siciliam,
1001 3323 1039 3390 C.
1056 3325 1201 3412 Papirius
1221 3323 1400 3392 Sardiniam
1417 3335 1466 3390 est

206 3391 357 3502 mm*
370 3411 510 3466 sortitus.

206 3529 308 3580 possus
413 3487 545 3552 XVIII.
568 3487 739 3576 Extemplo
754 3493 902 3578 adparuit
916 3493 1075 3573 omnibus,
1096 3513 1161 3558 non
1182 3493 1321 3579 segniter
1341 3494 1375 3558 id
1398 3495 1466 3560 bel·

397 3652 575 3708 adme„
588 3657 1069 3724 [nisu,esrmpscsusserae]posscrev.
1214 3658 1293 3712 ’ἀίω
1306 3662 1466 3730 [sig-sensas

364 3718 401 3783 ee]
413 3725 437 3770 is
448 3727 525 3772 uben
535 3733 651 3773 sestam
665 3725 723 3772 Esd.
852 3721 866 3760 Β
878 3733 958 3788 quarto
970 3727 1064 3788 Kreyss.
1079 3727 1155 3774 sess.

237 3845 269 3895 0⁶
286 3845 425 3910 Asesssrst]
449 3849 512 3897 Libri
531 3859 586 3899 sote
605 3852 726 3912 ilgerium
744 3853 815 3899 habe·
880 3853 912 3901 99
930 3851 1067 3916 Basilisses]
1100 3855 1154 3904 Vid.
1173 3863 1222 3906 not.
1240 3855 1272 3905 ll
1290 3858 1355 3906 adl.
1375 3859 1465 3908 XXVI.

206 3911 261 3957 bsnt
274 3919 407 3958 mereret.-
424 3915 543 3962 mendose.
848 3931 868 3964 e.
877 3916 917 3972 27.

237 3975 270 4023 96
287 3975 317 4022 Bt
336 3973 445 4037 assiu]
465 3977 514 4024 Hoc
533 3993 547 4025 a
567 3979 650 4026 Fulvio
667 3979 754 4026 UrsIno
772 3989 815 4028 est.
882 3981 891 4026 l
911 3981 1025 4041 diripietur
1039 3989 1125 4044 pretor
1141 3985 1174 4030 sd
1189 3985 1300 4033 mus·
1312 3983 1389 4047 nisu]
1420 3988 1466 4034 iiic

206 4038 273 4085 Prius
285 4046 309 4086 sss
319 4043 441 4100 speras-iss.
847 4045 910 4091 loeus
922 4047 1042 4105 suppletus
1051 4055 1086 4092 est
1094 4061 1124 4094 es
1134 4049 1246 4095 Gronosii
1256 4058 1347 4096 mente:
1361 4059 1464 4108 tantum,

237 4103 269 4157 97
287 4105 347 4150 Posse
363 4099 460 4165 seems]
478 4105 521 4151 Vel
536 4105 623 4152 excidit
641 4120 734 4160 nomen,
752 4107 815 4168 quod
847 4109 896 4155 dies
907 4124 954 4168 quo
965 4123 990 4154 se
1002 4110 1026 4156 in
1039 4113 1119 4158 urbem
1132 4119 1257 4160 venturum
1271 4113 1389 4160 scribebat
1408 4129 1465 4162 oon·

200 4167 315 4226 Jungstur
327 4167 363 4230 rai
373 4176 464 4224 veteres,
476 4169 512 4215 sel
525 4177 551 4214 ut
562 4169 586 4214 in
597 4169 644 4216 illis
655 4170 759 4216 locorum
772 4187 813 4232 sp·
847 4173 891 4228 sul,
903 4183 965 4219 certo
978 4173 1071 4220 deliniri
1084 4190 1130 4221 non
1143 4177 1225 4236 potuit.

205 4231 368 4288 pelletionibus
387 4233 437 4280 fleri
457 4234 523 4288 solet,
542 4231 663 4280 brevitatis
685 4249 767 4281 caussa
787 4250 815 4282 es
879 4239 1093 4298 stepesmocucs'sso
1104 4237 1175 4301 esso]
1201 4240 1251 4287 lsno
1268 4241 1355 4288 desisse
1373 4251 1464 4304 quoru,

204 4306 248 4340 usu
261 4297 378 4342 communi
396 4297 590 4359 supprimebatur.
624 4297 687 4344 Illud
706 4300 815 4360 supplere
849 4299 893 4354 sei,
904 4301 923 4346 si
935 4305 1003 4348 ambo
1015 4303 1113 4350 extremi
1125 4305 1180 4350 enni
1198 4313 1362 4362 numerentur,
1378 4307 1465 4355 desino

204 4370 250 4402 uon
264 4368 367 4405 nostrum
379 4369 420 4407 est.
848 4365 931 4426 qslsto.

235 4421 267 4468 98
285 4421 411 4484 laniem]
429 4423 468 4472 Sit
481 4425 603 4472 Turnebus
610 4425 681 4486 jussit
692 4423 746 4486 legi·
767 4427 814 4474 An·
880 4427 896 4474 8
915 4429 1001 4488 Cuique
1011 4434 1105 4488 pretori
1115 4433 1194 4478 classis
1205 4429 1314 4494 misses]
1337 4433 1402 4492 Lege
1414 4453 1464 4483 ese·

204 4489 240 4526 tea
253 4485 336 4531 ἱιιιιειιι.
849 4495 925 4548 dms,
934 4493 970 4538 sel
982 4494 1108 4542 οόιτκὲωει.
1131 4497 1170 4542 sic
1180 4496 1243 4542 euius
1256 4497 1345 4556 ubique
1359 4499 1448 4546 Licinn
