3098 4958
473 339 563 406 LlB.
586 339 691 406 XLV.
720 340 817 409 CAP.
838 341 880 408 V.
1302 347 1367 410 4³9

102 487 367 568 missensem
384 489 481 552 alins
501 489 1347 572 admurmqaasaodPerseneciamiaeeiiucsce

97 573 451 658 pninshesipe'endsoss.
478 573 1104 660 csssnhocrespousclsgatcsdisnissos.
1211 575 1346 625 ΝΜ

148 658 207 722 1v.
232 659 293 722 Pes
305 657 434 722 eosdem
453 657 521 722 dies
535 665 568 722 et
583 659 633 724 M.
649 659 834 739 Marcellus,
848 681 888 726 ex
901 660 1065 746 provincia
1078 659 1198 746 Hispa-

103 743 159 808 nia
177 743 344 822 decedens,
368 742 542 806 Marcolica
564 743 664 808 nobili
686 743 765 810 urbe
789 753 892 829 capta,
920 743 1060 811 ¹'decern
1088 745 1197 830 pondo
1238 749 1244 758 '

103 827 184 908 auri,
193 836 226 891 et
337 827 363 892 ti
378 827 399 860 ¹⁸
408 827 450 892 ad
465 848 623 892 summam
639 827 774 892 sestertii
784 828 887 894 decies
900 829 935 896 in
949 829 1096 895 serarium
1110 838 1197 894 retu·

102 911 152 977 lit.
196 913 242 976 Pa
287 933 326 976 us
339 911 491 976 AEsnilius
515 912 637 990 consul,
652 933 754 997 quum
776 921 889 991 castra,
902 922 1053 998 utsupra
1074 913 1194 980 dietum

102 1005 164 1074 est,
186 997 228 1060 ad
252 997 338 1060 Siras
360 1004 453 1060 terrae
474 995 697 1062 Odomanticae
718 997 860 1076 haberet,
875 997 1004 1082 ”quum
1026 998 1132 1062 literas
1154 998 1194 1064 ab
1208 1016 1285 1064 rems
1298 1017 1352 1064 sto·

101 1101 177 1166 rege
192 1081 306 1146 Perseo
320 1103 378 1166 per
392 1080 547 1179 ignobiles
561 1089 627 1145 tres
641 1081 762 1166 legatos
776 1091 928 1161 cerneret,
941 1091 974 1148 et
988 1081 1056 1168 ipse
1070 1083 1194 1148 inlaesi·
1206 1081 1358 1156 Wlffl-

101 1187 205 1230 masse
216 1165 334 1230 dieitur
348 1173 426 1230 sorts
439 1165 607 1230 humane:
629 1166 727 1250 quod,
742 1166 799 1250 qui
812 1166 919 1251 paullo
933 1174 1017 1246 ante,
1032 1189 1097 1232 non
1119 1188 1195 1232 eon·
1206 1145 1273 1192 ¹¹⁰²

100 1249 1195 1414 tsua‘stltsss’iffltiffissstsssst

816 1381 828 1414 9
1116 1381 1128 1414 2
1179 1373 1195 1388 ⁰

99 1419 197 1484 torris
210 1441 319 1504 regno,
333 1419 367 1482 in
381 1439 512 1504 parvam
526 1419 663 1482 insulam
678 1419 874 1505 compulsus,
889 1419 1035 1504 supplex,
1044 1420 1109 1482 lassi
1123 1419 1195 1484 reli·

99 1503 1038 1654 ,ffmppffptoppn
1050 1503 1195 1656 'iiiii

99 1671 237 1736 stultitia
264 1672 438 1757 ignorantis
466 1611 900 1738 fortunam⁹suddsexemit
946 1673 1058 1758 Itaque
1082 1694 1194 1757 quam·

99 1779 197 1841 quem
220 1757 254 1820 in
278 1757 399 1842 reliqua
421 1766 511 1842 parte
530 1757 692 1822 literarum
712 1757 843 1822 minime
857 1756 953 1842 regiae
966 1778 1077 1842 preces
1093 1765 1193 1838 erant,

98 1851 208 1906 tamen
236 1841 304 1906 sine
325 1863 480 1927 responso
508 1863 544 1906 ae
568 1842 636 1906 sine
662 1842 761 1906 literis
784 1843 853 1908 eal
928 1842 958 1908 'o
982 1841 1113 1908 dimissa
1133 1851 1192 1908 est.

100 1925 217 1990 Sensit
238 1927 383 2005 Perseus,
409 1927 501 2012 eujus
528 1926 667 1992 nominis
695 1927 868 1992 obliviscen
891 1949 948 1992 usn
976 1927 1061 1992 victo
1090 1935 1191 1992 essets

99 2011 207 2096 itaque
221 2011 327 2076 alierte
341 2011 441 2076 literae
456 2033 530 2076 eum
543 2011 658 2097 privati
673 2011 811 2076 nominis
825 2012 921 2076 titulo
936 2011 1053 2090 missae,
1064 2020 1097 2074 ct
1110 2011 1193 2110 peti-

99 2117 162 2175 ere,
177 2105 210 2160 et
222 2097 429 2182 inpetsavere,
442 2104 480 2160 ut
494 2096 592 2180 aliqui
613 2097 654 2161 ad
669 2117 742 2162 eum
756 2096 969 2175 mitterentur,
983 2117 1058 2160 cum
1073 2097 1192 2194 quibus

98 2179 188 2264 loqui
203 2181 242 2245 de
255 2189 341 2246 statu
355 2189 388 2244 et
402 2181 584 2246 conditione
600 2202 667 2245 suae
685 2181 823 2246 fortunae
859 2189 954 2244 osset.
999 2181 1094 2244 Miser
1116 2189 1193 2244 sunt

97 2273 165 2328 tres
185 2265 293 2351 legati,
309 2267 344 2330 P.
360 2267 530 2344 Lentulus,
550 2268 590 2330 A.
604 2265 789 2330 Postumius
868 2265 953 2343 inus,
965 2265 1005 2330 Α.
1019 2263 1191 2330 Αηωιιίιιε.

98 2349 190 2414 Nihil
205 2371 242 2414 ea
255 2351 411 2436 legatione
423 2351 601 2436 perfeetum
615 2359 674 2429 est,
691 2351 805 2414 Perseo
827 2350 950 2435 regium
972 2370 1089 2414 nomen
1104 2349 1192 2412 omni

96 2435 131 2500 vi
153 2435 373 2521 amplectente,
389 2435 510 2515 Paullo,
525 2443 563 2500 ut
586 2457 620 2500 se
633 2456 754 2519 susque
777 2435 883 2498 omnia
905 2434 939 2498 in
954 2433 1051 2498 fidem
1076 2441 1108 2498 ct
1129 2433 1192 2498 cle-

97 2530 249 2584 mentiam
262 2521 376 2670 puppii
389 2521 525 2585 Romani
539 2520 746 2606 permitteret,
761 2520 973 2584 contendente
981 2529 1005 2585 ‘t

96 2605 319 2773 adddsaumls
365 2711 479 2774 noque,
493 2691 645 2776 praesenti
669 2691 797 2756 admoto
819 2699 947 2769 terrore,
965 2689 1060 2754 modo
1083 2689 1189 2768 minis,
1202 2669 1352 2780 {lfffiff

95 2775 193 2838 modo
215 2795 272 2860 spe
293 2713 453 2860 perlicere,
467 2785 504 2839 ut
524 2797 558 2840 se
580 2777 728 2854 traderet,
743 2798 844 2860 quum
861 2785 1046 2854 conaretur3
1068 2774 1190 2859 adjuvit
1203 2811 1254 2843 sam
1264 2797 1307 2844 ss-

96 2858 131 2920 in
145 2859 206 2923 hoc
227 2881 301 2924 eum
322 2881 385 2939 ses,
399 2881 456 2925 seu
470 2881 547 2924 casu
569 2869 741 2938 contracta,
755 2883 812 2924 seu
832 2861 974 2925 consilio.
1017 2860 1056 2924 L.
1071 2859 1190 2923 Atilius
1201 2861 1277 2921 rub·-

94 2943 241 3008 inlusnis
265 2945 456 3025 adolescens,
470 2967 571 3029 quum
591 2945 626 3008 in
646 2946 797 3010 concione
812 2965 880 3008 esse
902 2943 1058 3028 populum
1080 2944 1191 3008 Samo-

94 3028 244 3092 tlsrscum
268 3029 410 3093 animum
432 3030 629 3108 advertisset,
651 3051 670 3092 s
691 3028 931 3114 magistratibus
953 3028 1055 3113 petiit,
1069 3036 1108 3090 ut
1129 3026 1191 3091 sibi

94 3113 208 3260 ppueis
235 3113 426 3198 adloquendi
453 3113 566 3200 populi
593 3121 786 3200 potestatem
811 3113 962 3176 iacerent.
1022 3110 1191 3190 Permisso,

128 3204 211 3261 issem
237 3219 303 3275 sos,
327 3201 459 3280 hospites
483 3201 708 3277 Sauromaces,
735 3218 806 3262 cere
832 3199 1011 3278 acecpimus,
1038 3217 1080 3260 aa
1093 3195 1190 3275 scin,

95 3282 254 3346 '’meram
276 3285 355 3348 iesse
377 3285 518 3362 inseslnsss,
540 3291 571 3348 ei
595 3286 717 3367 aspasii
740 3289 836 3348 iciam
859 3289 950 3365 nipsee
970 3283 1110 3346 inviolati
1132 3281 1191 3344 scii

94 3373 191 3430 esse?
233 3367 344 3434 Quum
369 3367 497 3432 ereditse
524 3368 684 3432 sanctitati
712 3368 948 3432 adsentirentur
975 3385 1096 3444 omnes,
1128 3367 1191 3428 dier

94 3452 203 3532 ἐρίων,
216 3450 331 3538 inquit,
344 3452 521 3534 ”polium
534 3454 687 3518 Mmieidn
707 3455 854 3536 scapulae
866 3455 950 3536 repis
966 3451 1111 3516 Remotis
1126 3451 1191 3514 cio-

481 3589 612 3636 itessdesste
625 3588 719 3648 Kreyss.
733 3587 809 3635 Bell.

389 2614 538 2691 aguntssr,
552 2606 662 2670 classis
674 2604 736 2670 Cn.
751 2605 877 2670 Octavii
891 2605 1130 2670 Samothracam
1141 2611 1190 2668 est
1203 2604 1288 2652 ciust·

131 3719 162 3777 Π
178 3723 261 3772 Decess
269 3721 418 3788 μάσσω]
436 3725 528 3774 iisrese
543 3733 658 3774 nosnates
671 3725 709 3784 lt,
742 3726 829 3787 supple
841 3725 923 3772 disere.
956 3725 1067 3772 ceterum
1083 3723 1167 3772 sneliue
1178 3723 1296 3772 videretur
1307 3721 1359 3782 ipse

95 3787 179 3834 aneia
190 3789 213 3834 c.
741 3789 879 3837 nlutetosia
889 3789 992 3848 ephisi·
1004 3790 1076 3836 series
1085 3788 1182 3836 reiensi:
1200 3789 1250 3837 iles
1261 3787 1359 3836 Peraeae

132 3849 162 3897 is
180 3851 219 3897 Ad
235 3867 342 3899 um
361 3854 461 3900 sestertii
482 3849 568 3914 dee-ies]
587 3853 624 3902 Ad
646 3855 711 3902 mille
743 3855 829 3900 rosuli
841 3853 924 3898 Paullo
935 3853 1037 3900 salutem.

94 3915 212 3970 sestertia,
229 3929 279 3972 seu,
297 3917 360 3976 quod
371 3917 434 3963 idern
446 3925 488 3972 est,
505 3917 623 3964 maenio·
634 3918 711 3964 deciae
776 3917 808 3964 22
825 3917 985 3964 mosem
996 3911 1106 3978 insulan]
1125 3911 1359 3962 DediisSsnsctlsss·

94 3977 186 4024 centies
204 3979 326 4026 millenos:
344 3981 368 4026 id
386 3987 430 4036 eet,
447 3995 536 4028 merces
548 3989 663 4027 ncetnoes
674 3995 712 4027 ss·
745 3995 798 4028 enm
810 3987 834 4028 et
845 3993 927 4026 eorum
938 3980 1091 4040 religionibus
1107 3985 1207 4038 egerunt
1224 3975 1300 4030 snuitl,
1317 3973 1359 4019 sed

94 4041 162 4100 genti
184 4041 255 4098 ³0⁰⁰,
275 4044 356 4090 uncias
377 4045 400 4090 2
435 4045 546 4091 Ceterum
573 4045 611 4091 lsie
638 4045 715 4106 prima
745 4045 785 4091 rix
798 4042 1265 4104 quidquamelssieutcestisttulerunt.
1282 4037 1359 4083 'lice

95 4105 171 4151 editio
182 4105 252 4152 habet
264 4111 398 4154 sestertius.
433 4107 535 4155 liutsvit
546 4109 686 4155 Gronovius.
746 4117 846 4162 constet,
863 4108 915 4154 illae
934 4108 1060 4168 religiones
1079 4119 1122 4167 pro
1139 4101 1291 4150 messinis
1310 4106 1360 4146 tcto

132 4167 163 4218 la
181 4170 253 4220 osan
271 4172 361 4218 litterae
378 4173 409 4218 ei
430 4187 483 4233 sege
505 4170 599 4233 Perseo]
617 4171 716 4232 subjicit
747 4174 804 4219 osise
815 4171 907 4219 issbites
918 4185 976 4218 esee.
1011 4170 1083 4228 illisi.
1097 4167 1191 4215 Diodes.
1204 4165 1220 4210 i.
1232 4165 1260 4210 V.
1284 4163 1359 4210 strab.

97 4231 206 4278 Muretus
217 4237 313 4282 num:
330 4249 383 4294 quse
401 4249 446 4282 scs
466 4237 597 4284 nereensis
613 4235 714 4292 videtur,
746 4237 762 4283 i.
774 4235 804 4282 x,
827 4235 982 4282 Dioniislic.
994 4233 1039 4281 i.i.

95 4297 134 4341 sel
145 4297 236 4344 allatae.
779 4299 811 4346 ἢ
828 4299 941 4346 Pollutas·
957 4296 1069 4345 innieidc
1084 4292 1266 4354 mealmegis
1277 4289 1360 4338 Estne·

129 4359 162 4406 2⁰
178 4360 345 4410 Butram
371 4365 490 4411 miscet
511 4359 611 4424 arilia]
636 4363 714 4410 Prinas
746 4365 783 4410 seis
803 4359 909 4423 mima]
937 4361 1001 4422 Lege
1022 4372 1076 4405 euos
1098 4353 1217 4430 Grcncrio
1240 4353 1292 4400 sine
1313 4352 1363 4400 uile

94 4423 287 4473 editiotiones.-
303 4427 405 4486 vulget·
414 4429 549 4488 eamme.
582 4427 715 4474 Gronovius
747 4427 896 4474 essendone
916 4425 1025 4486 psum
1070 4421 1134 4466 Dure
1151 4431 1216 4464 snm
1234 4417 1362 4464 ιάωοᾱιιω

94 4486 172 4532 edidit
182 4491 316 4538 adsunt:
333 4491 397 4550 qnod
408 4491 534 4552 perplacet.
746 4491 863 4536 diceretur
874 4487 994 4534 homicida
1005 4483 1093 4531 vicisse
1105 4485 1155 4542 eius
1164 4495 1235 4540 quesn
1245 4479 1363 4528 interiecit

128 4549 158 4596 ²¹
179 4551 262 4614 Repe*
284 4555 370 4602 Perses
391 4557 477 4602 maesii
501 4555 584 4602 Pacilo
604 4549 713 4614 mese]
746 4553 869 4612 anguine,
881 4549 1079 4608 icsusniaquesn
1090 4545 1203 4604 mniugit.
