3094 4954
207 314 269 376 120
790 304 885 368 TlTl
916 304 1033 369 LIVIl

208 485 343 537 num
372 473 421 529 est
451 465 596 542 Romarm
626 483 690 546 quo
719 462 815 548 legati
842 464 935 549 regis.
971 471 1088 528 secutae
1111 485 1166 528 eos
1190 473 1267 528 sunt
1289 463 1460 550 legationes

211 549 342 602 00190·
373 548 517 614 omnium
530 547 616 610 Asiae
631 568 673 632 po
697 547 833 610 ulorum.

416 631 539 696 XLVI.
562 631 650 694 Dum
674 569 743 694 Xaec
769 631 802 694 in
826 631 904 695 Asia
928 640 1093 715 genantur,
1118 632 1182 695 duo
1207 632 1271 695 fere
1296 631 1357 695 sub
1379 631 1461 694 idem

374 725 502 800 tempus
524 737 598 778 cum
618 715 773 798 triumphi
793 736 850 800 spe
891 716 1074 778 roconsules
1087 715 1127 779 de
1141 715 1313 800 provinciis
1329 717 1462 778 Romam

374 801 554 878 redierunt3
578 799 619 864 Q.
633 799 797 862 Minucius
813 821 852 863 ex
866 739 1049 884 lliguribus,
1068 800 1129 864 Μ’.
1144 800 1266 864 Acilius
1281 821 1319 863 ex
1334 801 1462 863 AEtolia.

377 884 505 948 Auditis
521 883 686 966 utriusque
701 883 796 946 rebus
855 883 923 962 stis,
946 883 1092 947 Minucio
1114 893 1248 969 negatus
1271 885 1462 968 triumphus,

377 969 480 1032 Acilio
495 989 610 1052 magno
632 989 789 1030 consensu
834 975 974 1031 ecretus:
998 967 1088 1051 isque
1112 968 1313 1052 triumphans
1333 969 1372 1032 dc
1392 989 1463 1052 rege

215 1060 256 1105 Μ’·
270 1056 358 1132 lutto·
378 1053 538 1117 Antiocho
553 1060 585 1114 et
600 1051 717 1114 AEtolis
734 1052 846 1114 urbem
860 1061 909 1115 est
922 1052 1076 1116 invectus.
1121 1053 1254 1115 Praelata
1268 1061 1345 1116 eunt
1357 1053 1389 1114 in
1404 1062 1464 1114 eo*

214 1121 367 1246 ξὲυᾚξῖο
379 1137 564 1236 triumpho!
578 1136 669 1220 signa
681 1135 828 1234 militaris
839 1137 975 1252 ducenta
984 1137 1024 1199 tri
1048 1137 1133 1200 'ntae
1150 1145 1182 1260 qt
1196 1137 1219 1169 ⁸⁸
1228 1136 1350 1283 quqenti
1359 1135 1464 1198 infecti

379 1221 672 1383 {tittlttllt
683 1219 1464 1390 ²0{iiblloril‘iilieiimquliifflffiibn}

379 1413 454 1455 vasa
478 1399 626 1476 argentea
654 1389 763 1452 coelatn
792 1389 902 1468 multa,
930 1389 1099 1474 magnique
1121 1389 1281 1474 ponderis.
1322 1388 1411 1453 Tulit
1434 1397 1466 1452 et

381 1475 607 1561 supellectilem
622 1474 740 1558 regiam
755 1483 946 1558 argenteam,
960 1496 996 1537 ac
1007 1483 1127 1538 vestem
1142 1474 1361 1558 magnificam
1378 1495 1466 1537 coro·

380 1581 438 1624 nas
452 1581 571 1636 aureas,
591 1559 674 1622 donn
696 1558 851 1621 sociarum
870 1559 1055 1636 civitatium,
1079 1559 1288 1642 quadraginta
1307 1558 1446 1642 quinque
1456 1583 1466 1636 3

381 1645 483 1791 ut:
510 1643 791 1790 uitreis
818 1642 1467 1790 ἛἛἛἛἛἛἛἛἛἛΜἛἛ

424 1775 500 1874 uocis
523 1819 596 1874 ante
622 1749 823 1894 diquiquum
845 1831 863 1874 e
887 1833 1008 1874 carcere
1033 1820 1126 1876 nocte
1149 1811 1321 1896 effugisset,
1342 1811 1377 1874 in
1400 1811 1468 1894 ripa

410 1895 504 1959 iberis
522 1895 700 1958 consecutis
720 1895 917 1974 custodibus,
936 1895 1122 1980 priusquam
1142 1895 1467 1981 comprehenderetur,

403 1979 486 2044 ladio
501 2001 534 2042 se
548 1979 716 2043 transfixit.
760 1979 882 2043 Milites
896 1989 1031 2059 tuntum,
1042 1981 1097 2064 qui
1112 1988 1318 2064 sequerentur
1329 2001 1467 2056 currum,

382 2003 570 2129 defuerunt:
593 2064 709 2150 alioqui
731 2065 920 2149 magnificus
944 2073 977 2128 et
1000 2065 1179 2163 spectaculo
1203 2073 1236 2128 et
1256 2065 1339 2128 same
1362 2085 1467 2126 rerum

383 2150 565 2234 triumphus
580 2149 650 2212 suit.
695 2149 803 2234 Hujus
818 2149 972 2234 triumphi
987 2149 1102 2213 nunuit
1116 2149 1258 2213 laetitiam
1279 2149 1415 2212 nuncius
1429 2169 1468 2210 ex

385 2234 542 2320 Hispanis
562 2234 672 2313 tristis,
697 2235 827 2298 adversa
849 2255 958 2320 pugne
979 2234 1013 2298 in
1035 2234 1248 2312 Vnstetanisl,
1272 2233 1404 2296 “ductu
1428 2233 1468 2296 L.

382 2320 507 2384 AEmilii
520 2319 728 2418 proconsulis,
744 2320 831 2405 apud
849 2319 1003 2404 oppidum
1025 2319 1188 2404 Lyconem
1211 2340 1285 2381 cum
1305 2316 1469 2382 Lusitanis

384 2425 440 2468 sex
454 2405 553 2468 millia
567 2405 606 2468 de
621 2404 760 2468 exercitu
783 2407 927 2468 Romano
952 2403 1111 2468 cecidisse.
1155 2403 1296 2481 Ceteros,
1317 2411 1469 2488 paventes

383 2489 467 2552 intre
477 2489 594 2552 vallum
609 2489 800 2572 compulsos,
810 2511 893 2586 tegre
908 2497 1011 2552 castre
1024 2487 1211 2567 defendisse,
1224 2495 1256 2551 et
1268 2487 1323 2550 ine
1337 2487 1469 2550 modum

384 2573 574 2657 fugientium
602 2573 726 2668 mugnis
754 2572 920 2638 itineribus
942 2573 976 2636 in
1004 2593 1115 2656 agrum
1138 2581 1287 2658 pacatum
1310 2573 1469 2634 reductos.

386 2657 466 2720 Haec
481 2677 520 2717 ex
536 2655 692 2739 Hispania
706 2656 863 2720 nunciata.
895 2657 947 2720 Ex
960 2657 1064 2721 Gallia
1078 2658 1197 2743 legatos
1213 2657 1469 2721 Placentinorum

383 2747 416 2802 et
439 2739 701 2802 Cremonensium
722 2741 760 2803 L.
779 2741 1016 2805 Aurunculeius
1031 2751 1148 2827 praetor
1162 2742 1195 2805 in
1209 2751 1355 2806 senatum
1370 2741 1470 2803 intro-

384 2823 485 2886 duxit.
520 2823 559 2886 iis
574 2824 779 2907 querentibus
794 2824 934 2910 inopiam
955 2827 1149 2905 colonorum,
1162 2826 1231 2890 aliis
1244 2826 1319 2890 belli
1333 2825 1470 2902 casibus,

384 2907 453 2971 aliis
478 2908 589 2972 morbo
614 2909 779 2988 absumtis,
802 2910 956 2994 quosdam
980 2912 1075 2975 taedio
1098 2911 1278 2975 adcolarum
1303 2909 1471 2974 Gallorum

384 2993 546 3076 reliquisse
570 2993 718 3072 colonias,
741 2995 878 3058 decrevit
902 3005 1041 3074 senatus,
1066 2997 1118 3059 Uti
1135 2997 1292 3059 &Laelius
1307 2996 1421 3074 consul,
1443 2997 1472 3057 ei

384 3080 584 3156 sumetur,
598 3100 653 3142 ser
666 3081 763 3142 millio
770 3079 963 3161 familiarum
977 3081 1186 3160 commiteret,
1202 3101 1267 3162 qeeoe
1279 3083 1313 3143 io
1326 3100 1378 3142 ens
1392 3082 1473 3143 colo-

383 3165 452 3226 nius
481 3164 707 3227 dividerentur:
730 3171 761 3228 et
788 3171 823 3227 ai
845 3165 882 3228 L.
906 3167 1130 3228 Aomnculetu
1151 3172 1270 3248 pretor
1296 3167 1473 3227 triirmviroc

384 3253 502 3309 crearet
517 3248 560 3308 od
572 3267 622 3309 eoa
636 3250 755 3312 colonos
769 3249 964 3312 deducendos.
996 3249 1102 3312 Creati
1113 3250 1162 3314 M.
1172 3249 1290 3313 Atilius
1306 3249 1472 3327 Serranus,

385 3329 424 3393 L.
435 3329 579 3392 Valerius
593 3331 629 3394 P.
642 3331 678 3394 F.
696 3331 838 3411 Flaccus,
852 3333 890 3396 L.
902 3333 1047 3398 Valerius
1063 3333 1101 3398 C.
1113 3333 1150 3399 F.
1162 3335 1275 3420 Tappo
1285 3333 1309 3398 ⁶.

411 3465 426 3495 ¹
437 3477 462 3508 eo
472 3463 517 3508 del.
530 3463 602 3509 Gron.
616 3464 683 3511 Cres.
796 3469 844 3512 tin
855 3467 1030 3526 triumphorum
1042 3467 1118 3514 Beklr.
1231 3469 1402 3516 'abachum
1414 3466 1474 3512 End.

380 3527 522 3585 *cistophori
534 3527 592 3574 Ead.
796 3523 952 3578 benerone
966 3530 1060 3591 llreyna
1074 3531 1150 3578 Bekk.
1340 3531 1395 3578 ‘ad
1404 3531 1475 3576 Crev.

380 3583 395 3620 ‘¹
409 3589 499 3650 Poppae
510 3591 582 3638 Gron.
595 3591 662 3638 Crev.

254 3707 285 3754 38
303 3709 400 3769 Argenti
410 3739 489 3758 .....
502 3713 547 3758 trio
558 3713 629 3760 millio
638 3711 724 3775 pondo]
743 3713 829 3761 Marce
861 3717 966 3776 sequitur
985 3713 1128 3777 cistophorus
1147 3717 1251 3772 stuooo
1268 3731 1336 3778 pareo
1357 3731 1408 3763 esse
1432 3715 1476 3763 de-

222 3779 337 3818 nostrates
348 3773 411 3827 tour
423 3789 475 3819 cum
487 3775 561 3821 unciis
572 3777 595 3822 4.
861 3781 932 3826 nerito
944 3781 1043 3840 amplius
1057 3780 1165 3835 lernou,
1177 3782 1261 3828 mucis
1279 3782 1369 3842 urgenti
1382 3789 1476 3828 nostre·

255 3833 287 3882 39
307 3835 503 3884 Tetrodrnctmioa
514 3841 712 3886 Attieimeentuor
724 3843 829 3889 tredecim
861 3843 924 3890 tibus
934 3845 1102 3904 propemodum
1115 3845 1184 3899 0007.

223 3895 306 3958 mittin]
325 3899 455 3955 Dreehmoe,
468 3915 517 3956 seu,
530 3903 591 3960 quod
609 3903 671 3948 idem
688 3912 731 3963 est,
742 3905 831 3952 denarii
896 3906 925 3953 41
946 3909 1020 3954 Ductor
1046 3907 1073 3954 1..
1090 3909 1180 3954 AEmilii
1200 3905 1352 3969 praemetiu]
1372 3905 1422 3954 Hic
1441 3919 1477 3956 est

224 3961 335 4018 400000,
353 3977 436 4009 murce
448 3965 538 4023 urgenti
552 3965 615 4019 7000
626 3981 678 4012 eum
691 3969 765 4015 unciis
777 3970 799 4015 4.
865 3969 974 4016 AEmilius
985 3971 1024 4017 ille
1036 3973 1137 4026 l'aulluo,
1147 3986 1216 4032 quem
1228 3981 1308 4032 postes
1319 3973 1418 4019 clmbit
1427 3974 1477 4018 ric-

256 4025 288 4072 40
306 4025 470 4088 cistophorum]
488 4029 638 4088 cistophorus
653 4045 763 4077 nummus
779 4033 832 4088 fuit,
864 4035 923 4080 toris
940 4035 969 4080 de
990 4035 1073 4080 Perseo
1090 4049 1145 4094 rege
1163 4045 1187 4081 et
1208 4035 1383 4083 Macedonibus.
1419 4037 1479 4082 ideo

225 4101 295 4148 quem
312 4091 434 4136 Turnebus
453 4091 492 4136 lib.
507 4093 550 4136 ill.
562 4091 660 4138 Adsere
673 4107 691 4138 c.
704 4095 726 4146 0.
738 4095 771 4140 sie
790 4111 831 4156 ap·
864 4106 942 4143 autem
953 4099 991 4144 bic
1001 4107 1096 4144 vocatur
1107 4100 1237 4158 proconsul.
1250 4101 1312 4158 quia,
1324 4100 1377 4146 licet
1390 4110 1480 4159 pretor

224 4153 336 4212 pollutum
347 4163 432 4210 censet,
443 4156 504 4214 quod
515 4155 540 4200 in
551 4169 579 4200 eo
590 4163 666 4202 essent
675 4157 757 4218 sculpti
769 4159 833 4205 cisti·
864 4161 888 4205 in
907 4161 1045 4222 Rispaniam
1065 4162 1182 4222 proiectus
1200 4174 1268 4217 esset,
1292 4171 1319 4209 ut
1335 4173 1428 4210 constet
1448 4179 1479 4210 ex

225 4217 282 4288 geri,
294 4217 373 4273 idest,
385 4219 401 4264 ii
417 4219 456 4278 qui
474 4233 590 4264 sacrorum
608 4219 757 4278 mysticorum
770 4223 832 4268 ciuis
864 4223 912 4270 es.
922 4225 936 4270 l.
950 4223 1060 4271 XXXVl.
1072 4239 1150 4286 supro,
1162 4241 1215 4272 eum
1224 4227 1323 4286 imperio
1331 4235 1412 4274 tomen
1420 4243 1480 4274 eon·

225 4281 366 4327 inclusorum
393 4295 477 4329 omna
505 4279 616 4336 serebant,
640 4291 666 4327 ut
686 4283 710 4327 in
732 4285 831 4344 Cybeles
863 4287 932 4332 solari
951 4289 1034 4334 misius
1051 4297 1094 4345 est,
1114 4291 1147 4336 its
1164 4298 1190 4336 ut
1210 4305 1258 4335 non
1275 4304 1315 4336 sex
1335 4289 1418 4348 fussee,
1436 4293 1481 4338 sed

226 4345 351 4400 mysteriis,
366 4346 539 4406 Bacchiorgiiq
553 4345 643 4392 Cereris
656 4345 738 4392 initiis.
764 4349 834 4394 Porro
866 4351 988 4398 duodecim
1018 4353 1123 4410 heberet,
1145 4361 1204 4402 teste
1226 4355 1351 4402 Plutarcho
1378 4356 1405 4403 la
1427 4359 1481 4418 ejm

226 4413 325 4464 quatuor
334 4410 422 4456 denarii
431 4419 519 4470 septem
529 4409 670 4468 cistophoros
679 4423 731 4455 cum
740 4413 834 4458 seruisse
866 4411 921 4460 rita.

226 4471 358 4529 nubant,
370 4481 428 4520 torte
439 4473 507 4520 Festo
517 4475 543 4520 tn
553 4487 607 4520 voce
619 4473 754 4520 Euboicus.-
771 4475 833 4522 node
