3094 4954
216 301 278 366 iso
765 293 857 358 'l'l'l'l
882 293 996 358 Livii

220 457 285 508 uc.
298 457 352 508 iot
381 445 477 510 enisis
495 443 624 524 maen,
647 449 702 506 ost
716 443 880 521 whutote,
899 443 934 506 isi
955 442 1099 506 ditionem
1110 441 1219 522 populi
1233 441 1364 504 Rmosii
1379 459 1463 504 sase-

218 525 248 572 A
260 522 288 572 ⁰·
302 521 352 570 ¹⁸⁹¹
380 535 463 606 mist,
478 549 515 592 sie
529 548 616 614 queis
630 547 732 592 eorum
746 527 848 590 AEtoli
861 528 1008 606 recepisse
1017 527 1119 588 velint.
1160 526 1298 588 OEoiodoe
1312 545 1380 588 nm
1392 527 1462 589 arbe

380 615 522 761 ffilpee
545 613 744 760 greonem
766 617 865 674 moto.
910 610 972 674 His
996 609 1119 696 legibus
1147 609 1252 672 fredus
1274 609 1374 672 ictum
1392 633 1462 673 cum

482 717 545 759 ses

424 781 649 844 X11.Eedem
670 801 736 842 non
762 786 872 843 mstete
899 777 1012 856 solum,
1038 777 1094 840 scd
1119 776 1214 840 etism
1234 777 1346 844 iisdem
1368 799 1463 862 prope

382 865 504 942 diebus,
541 865 635 928 uibus
650 865 719 926 hiec
733 886 753 926 s
765 865 814 926 M.
831 863 943 928 Fulvio
958 862 1133 926 consulein
1145 861 1266 924 AEtolin
1277 873 1367 946 gesto
1381 871 1463 940 sunt,

219 966 369 1013 seriumeum
383 949 495 1012 consul
540 960 588 1012 ter
602 949 663 1012 Cn.
681 949 823 1010 Manlius
840 947 874 1010 in
897 947 1106 1030 Gallogroecia
1119 946 1238 1010 bellum
1253 947 1361 1030 gessit,
1382 948 1465 1030 qnod

220 1031 348 1106 9¹¹¹0sr*
383 1055 469 1100 nuno
497 1034 593 1096 ordiri
619 1053 759 1130 pergam.
802 1033 885 1094 Vere
911 1031 1016 1130 primo
1043 1031 1209 1115 Ephesum
1235 1031 1346 1092 consul
1371 1031 1464 1110 venit,

217 1109 258 1142 ⁰¹⁸·
383 1118 582 1202 acceptisque
607 1117 706 1202 copiis
729 1138 749 1179 a
772 1117 811 1180 L.
833 1115 991 1204 Scipione,
1014 1124 1046 1178 et
1068 1115 1207 1178 exercitu
1229 1114 1372 1193 lustrato,
1393 1137 1466 1177 oon-

383 1203 506 1266 cionem
528 1203 615 1286 spud
634 1201 749 1266 milites
768 1201 898 1266 hebuit:
921 1221 993 1298 qus,
1012 1200 1200 1264 conlaudata
1213 1199 1329 1262 virtute
1350 1221 1465 1278 eorum,

383 1287 470 1370 quod
493 1307 567 1350 cum
586 1285 745 1350 Antiocho
766 1308 831 1349 uno
850 1285 962 1370 prceho
983 1285 1202 1363 debellassent,
1216 1284 1400 1348 adhortatus
1414 1305 1466 1346 eos

383 1371 425 1434 sd
447 1393 566 1434 novum
590 1392 665 1434 cum
691 1370 792 1434 Gallis
816 1369 1052 1454 suscipiendum
1071 1369 1201 1446 bellum,
1224 1368 1279 1451 qui
1298 1375 1330 1430 et
1347 1368 1467 1432 auxiliis

382 1455 578 1518 Antiochum
587 1455 746 1540 juvissent
753 1455 778 1533 ᾗ,
792 1463 825 1518 et
847 1455 925 1518 adeo
944 1453 1098 1518 indomito
1117 1453 1270 1516 heberent
1284 1453 1416 1536 ingenis,
1432 1461 1469 1515 ut

382 1537 1469 1710 :diitttiitittttttiittittiiittititii

937 1670 947 1702 2

382 1728 441 1772 nec
463 1707 631 1785 inmodico,
654 1707 777 1791 adjecit.
821 1707 903 1772 Loeti
918 1707 1053 1774 milites¹
1073 1729 1146 1771 cum
1165 1707 1321 1790 hequenti
1334 1707 1468 1770 adsensu

382 1791 545 1854 consulem
567 1792 766 1871 audiverunt,
787 1802 911 1876 partem
935 1792 1051 1856 virium
1068 1791 1220 1856 Antiochi
1240 1791 1337 1854 iirisse
1361 1791 1470 1855 Gallos

382 1875 566 1954 credentes3
588 1897 661 1960 rege
686 1885 845 1961 snperato,
859 1877 985 1940 nullum
1000 1885 1198 1944 momentum
1214 1876 1247 1940 in
1263 1875 1338 1940 solis
1359 1898 1414 1962 per
1438 1897 1471 1939 se

383 1958 549 2022 Gallorum
577 1961 677 2045 copiis
701 1961 777 2024 sore.
821 1962 1000 2026 Eumenem
1027 1963 1172 2028 boudin
1197 1969 1339 2045 tempore
1364 1961 1472 2024 abesse

383 2043 507 2125 (Romoe
521 2053 600 2108 tunc
613 2047 691 2128 erut)
708 2045 833 2110 credere
846 2047 968 2125 consul,
984 2069 1119 2132 gnosum
1129 2047 1272 2110 locorum
1294 2046 1472 2108 hominurn-

403 2149 453 2206 ue,
468 2136 500 2191 et
514 2130 606 2218 cujus
620 2129 786 2195 interesset
798 2131 901 2216 frangi
913 2131 1081 2196 Gallorum
1094 2153 1181 2218 opes.
1216 2130 1361 2194 Attalum
1376 2130 1473 2214 igitur

380 2149 509 2276 intrem
524 2215 593 2278 e'us
607 2215 736 2278 arcessit
750 2237 769 2279 a
783 2217 947 2302 Pergamo,
964 2219 1173 2300 horteturque
1186 2216 1227 2280 sd
1241 2217 1471 2300 capessendum

381 2317 488 2362 eccuni
503 2237 633 2379 bellum,
652 2300 854 2384 pollicentem
874 2321 964 2364 suam
981 2321 1174 2386 suorumque
1193 2321 1321 2386 operam
1341 2301 1472 2366 domum

380 2382 421 2444 sd
449 2385 699 2470 comparandum
728 2385 869 2452 dimittit.
917 2386 1040 2450 Paucos
1067 2395 1142 2470 post
1167 2386 1234 2448 dies
1262 2386 1404 2470 profecto
1433 2386 1474 2449 ab

379 2465 511 2550 Epheso
535 2469 658 2532 consuli
681 2469 722 2531 sd
746 2470 946 2554 Magnesiam
971 2471 1111 2534 obcurrit
1135 2470 1264 2534 Attalus
1288 2492 1363 2534 cum
1388 2469 1473 2533 mille

378 2551 551 2634 peditibus,
566 2551 727 2633 equitibus
738 2553 895 2634 ducentis,
905 2556 1062 2620 Athenaeo
1072 2555 1167 2618 fratre
1173 2555 1265 2639 jusso
1277 2577 1350 2618 cum
1362 2555 1474 2618 ceteris

379 2633 478 2716 copiis
494 2634 588 2696 subse
611 2634 655 2712 ui,
670 2639 891 2708 commendata
905 2638 944 2704 iis
958 2640 1102 2704 custodis
1118 2639 1273 2724 Pergami,
1288 2661 1369 2726 quos
1384 2639 1473 2702 fratri

377 2736 539 2812 regnoque
564 2657 646 2816 fidos
672 2719 831 2785 credebat.
877 2721 1009 2802 Consul,
1035 2724 1223 2790 conlaudato
1242 2724 1371 2808 juvene,
1400 2747 1474 2787 curii

378 2799 527 2862 omnibus
543 2822 644 2886 copiis
659 2803 699 2865 sd
715 2803 920 2869 Maeandrum
935 2829 1133 2893 progressus,
1148 2817 1250 2871 castra
1265 2809 1382 2894 posuit,
1401 2809 1476 2894 quis

376 2883 458 2946 vodo
473 2885 614 2972 superari
629 2888 731 2951 amnis
750 2911 816 2952 non
837 2899 972 2976 poterat,
987 2903 1019 2956 et
1034 2893 1257 2958 contrahendos
1273 2915 1368 2957 noves
1384 2893 1476 2956 orent

377 2967 418 3032 sd
431 2971 603 3040 exercitum
618 2972 849 3058 trajiciendum.
870 2975 1072 3062 'l'ransgressi
1084 2977 1288 3044 Maeandrum
1299 2979 1340 3044 ad
1351 2978 1476 3044 Hieran

377 3049 498 3118 Comen
514 3067 737 3140 pervenerunt.

418 3137 519 3234 xiii.
543 3141 667 3204 Eanum
680 3142 725 3206 ibi
738 3151 912 3242 augustum
932 3145 1091 3230 Apollinis
1115 3155 1147 3211 et
1167 3145 1350 3210 oraculume
1374 3155 1477 3212 sortes

374 3221 520 3334 sessibus
539 3223 627 3288 haud
651 3225 823 3292 inconditis
847 3229 921 3294 dare
943 3239 1032 3294 votes
1051 3231 1211 3295 dicuntur.
1256 3231 1344 3294 Hinc
1368 3231 1478 3296 alteris

420 3459 426 3474 .
508 3375 791 3442 *insonus-socios
803 3385 881 3438 nis.
1009 3383 1251 3440 insanissimi.
1264 3391 1334 3438 oreo.

210 3509 320 3588 nihilist
343 3512 368 3563 hi
387 3514 479 3562 Greeis
494 3525 588 3577 gestum
604 3519 647 3575 siti
672 3524 735 3582 qood
754 3539 825 3584 supro
857 3525 987 3574 olemus·
998 3534 1023 3574 et
1034 3527 1143 3587 Sigonius
1158 3527 1208 3588 ipse
1219 3533 1356 3574 intersunt
1367 3527 1426 3574 otim
1439 3527 1481 3574 hie

209 3573 264 3648 ,ιρι
276 3575 405 3624 ubisonsisl
416 3593 469 3626 esim
482 3581 705 3643 AErolispseiseitur‚
716 3595 826 3634 serentur
856 3590 968 3650 seriptum
988 3591 1059 3638 tuisse
1077 3591 1104 3638 T.
1125 3592 1224 3646 &aaa
1244 3592 1284 3638 cs
1303 3591 1404 3638 linitio
1422 3607 1479 3640 eoos.

208 3635 243 3681 iiii
259 3637 331 3686 uilem
343 3644 424 3689 urbem
441 3643 547 3692 iormsi·
557 3648 594 3694 sui
604 3649 665 3708 iuris
676 3649 759 3706 secem,
772 3665 826 3712 quoi
858 3653 889 3699 iit
900 3654 933 3700 sic
944 3667 1025 3704 reseis
1037 3655 1155 3702 Andresni
1166 3663 1190 3702 et
1202 3655 1262 3702 vtes
1274 3655 1378 3701 codicem
1387 3655 1481 3702 bebere

206 3706 258 3772 post
269 3701 294 3748 id
305 3709 398 3778 resipui,
409 3721 452 3766 pso
465 3708 490 3754 T.
502 3710 608 3760 witus
616 3715 640 3759 tsi
653 3713 764 3760 Gradu
776 3723 826 3762 tse-
856 3719 1020 3777 comperimus.
1040 3719 1099 3765 Boin
1110 3718 1190 3777 iisque
1201 3733 1336 3778 ςιιιιιιιιιιι
1347 3733 1400 3765 esse
1415 3719 1480 3765 Livii

202 3765 305 3822 stimi·
322 3779 349 3840 ‚¹¹¹
371 3769 530 3846 Bcntnoriim
551 3775 653 3822 misser
674 3785 821 3836 potestatem,
853 3781 991 3840 scripturam
1005 3781 1278 3828 Perizoniusexistiisct.
1312 3783 1401 3827 Verum
1421 3783 1482 3829 inde

207 3833 310 3904 tumst
322 3829 517 3912 tlssdiuiuisseti
535 3839 823 3901 qood-mimimo·
854 3859 914 3890 nors
931 3846 1036 3894 exoritur
1055 3847 1185 3910 difficulter.
1220 3847 1248 3892 'l'-
1264 3843 1393 3896 corneus·
1412 3848 1481 3892 enim

207 3902 222 3933 ι
234 3889 317 3940 ruine
327 3896 423 3942 misle
439 3897 483 3944 isse
494 3913 520 3945 ιιι
531 3913 556 3946 ιι
567 3901 630 3948 diets
640 3903 725 3950 AEtoiii
736 3905 820 3962 merse
854 3922 902 3954 non
922 3923 976 3954 cum
989 3909 1032 3955 Cn.
1047 3907 1158 3964 Domitio,
1174 3910 1215 3955 sed
1232 3924 1285 3956 euni
1298 3910 1323 3956 P.
1336 3909 1403 3956 AEiio
1421 3925 1482 3956 eon·

207 3961 322 4028 quietern
342 3971 394 4006 esse
414 3973 429 4006 ι
451 3971 534 4036 seuero
558 3965 693 4013 nullomodo
711 3968 742 4013 sit
761 3970 821 4016 sesi·
855 3971 956 4018 soletum
974 3973 1062 4030 gessise
1079 3973 1122 4018 Cn.
1138 3973 1253 4020 Domitius
1269 3988 1325 4019 sero
1341 3975 1368 4020 1..
1381 3975 1482 4023 Quinrii

207 4017 291 4090 simile.
324 4021 404 4071 Quiim
422 4038 487 4100 euius
504 4041 546 4072 sex
561 4029 630 4074 sonis
641 4038 694 4088 post
705 4031 732 4076 Τ.
745 4031 822 4081 Qsiii·
855 4035 944 4094 cortegi
960 4036 984 4081 in
1005 4037 1127 4101 conciliatu
1142 4037 1193 4086 init.
1229 4037 1367 4096 Respondet
1379 4037 1482 4083 Perizo-

207 4085 267 4154 pum
278 4086 397 4160 oopsoieoi
407 4087 435 4162 L..
441 4088 553 4164 Qupntiiis
564 4093 645 4138 consui
655 4093 732 4148 inerit,
743 4095 824 4144 Pstres
855 4097 908 4148 nius
922 4099 1014 4144 bisinus
1026 4091 1171 4146 hiehutirsiii
1183 4100 1273 4159 eliquit
1285 4115 1381 4160 pessum
1395 4101 1482 4157 t'tiisse,

206 4143 351 4194 infestissimi
364 4151 449 4196 AEtoiis
460 4161 540 4198 sortiris
558 4161 636 4200 tenses
654 4171 707 4202 curn
720 4159 753 4205 sis
765 4173 822 4217 ege·
854 4167 878 4206 et
890 4162 1063 4221 imprudentem
1075 4177 1090 4208 s
1100 4164 1204 4222 Polybio,
1215 4177 1286 4224 quern
1298 4165 1337 4210 hic
1353 4167 1484 4217 exscribit.

205 4215 349 4288 tentoriolis
362 4213 458 4260 rueris
477 4215 570 4270 boemi.
582 4225 654 4276 eique
673 4220 744 4266 etissn
764 4237 821 4268 cosi·
853 4224 878 4270 iii
889 4237 990 4271 errorem
1000 4227 1122 4272 inductum
1134 4225 1214 4273 isiisse.
1249 4227 1316 4273 lderii
1328 4229 1392 4273 enisis
1412 4243 1484 4274 error

205 4269 362 4352 sederenius
381 4285 408 4323 ut
425 4279 573 4327 contribuere
592 4281 637 4326 sibi
656 4293 750 4341 possent
769 4287 821 4332 illes
853 4296 876 4334 et
893 4289 955 4348 spud
972 4291 1080 4336 Grneom
1097 4291 1233 4350 scriptorem
1250 4292 1375 4350 reperitur.
1415 4294 1483 4338 Eum

206 4328 333 4410 'l’hespslin
344 4341 456 4396 sitientes,
468 4358 526 4402 ques
543 4345 577 4390 eis
597 4345 695 4392 reddere
715 4347 750 4392 its
766 4363 820 4408 per·
853 4351 899 4397 sid.
913 4351 968 4411 [ις.
980 4353 1018 4399 ΞΒ.
1053 4353 1164 4412 Polybius
1178 4355 1252 4412 igitur
1267 4357 1382 4400 memoris
1396 4357 1485 4415 ispsos

204 4397 312 4446 ”mater
321 4409 632 4462 meermannianam
643 4411 723 4456 eossd
734 4413 821 4459 bellum
853 4423 902 4460 ests
919 4425 1037 4462 essentem
1048 4425 1142 4462 neotus
1153 4425 1188 4463 est
1202 4418 1288 4463 Livius.
1324 4417 1383 4464 line
1402 4420 1484 4465 fusius

320 4469 513 4524 qundeoedere
525 4473 687 4520 dssestestis.
713 4473 823 4535 Derim
853 4477 958 4538 disputet
970 4479 1105 4527 Perizonius
1116 4481 1249 4541 loeessprs
1259 4491 1400 4529 memorato.
