3118 5002
239 345 304 408 856
827 339 920 404 'I'l'il
949 337 1065 404 Ltvll

241 505 271 552 υ.
283 503 375 552 nost.
404 497 450 556 est
467 497 703 574 transportatus,
718 491 869 554 biennium
889 491 976 554 nius
996 491 1159 571 qreqarius
1175 487 1228 568 sui
1250 489 1407 552 adversus
1434 492 1515 552 Pbi

241 568 309 614 Μ·
323 567 374 624 ¹⁷¹·
405 579 519 658 lippum
533 597 654 659 reqem:
677 578 768 642 tertio
789 597 869 638 anno
892 577 1015 638 uirtutis
1037 594 1145 636 canusa
1161 573 1268 634 ”mibi
1284 575 1317 635 Τ.
1337 576 1515 647 Quinciieu

404 663 593 724 Fumimno
623 661 778 723 mcumum
804 661 940 722 ordinem
963 662 1118 721 bastatum
1142 657 1324 740 adsiqnuvit.
1370 661 1515 722 Devicta

404 747 548 828 Pbiiippo
560 745 844 826 Macedonibusque,
859 765 949 826 quum
963 745 996 806 in
1010 743 1136 806 Italiam
1151 743 1319 824 ¹‘portati⁸
1328 763 1369 805 ac
1380 745 1515 806 dimmsi

405 850 544 908 essemus,
559 832 699 894 cantimso
714 831 800 892 miles
823 830 1011 892 voluntarius
1036 847 1103 890 cam
1122 827 1169 889 M.
1185 827 1297 889 Porcio
1321 830 1460 891 consule
1482 833 1515 889 in

405 915 588 996 Hispaniam
601 935 668 976 sam
676 913 842 995 profectus.
886 913 1043 976 Neminem
1058 913 1189 974 omnium
1202 913 1444 992 imperatorum,
1461 916 1515 994 qui

405 1001 518 1076 visani,
532 1002 681 1062 acriorem
695 1001 818 1062 uirtutis
838 1003 1036 1079 spectatorem
1060 1017 1098 1058 aa
1112 995 1249 1076 judicem
1264 994 1368 1075 suisne
1389 1001 1512 1072 sciunt,

406 1085 500 1164 quiet
514 1086 600 1146 iilum
623 1090 653 1147 et
675 1086 752 1146 aiios
776 1085 866 1146 duces
889 1084 979 1164 tanqu
1001 1082 1113 1144 militia
1136 1082 1253 1161 experti
1275 1085 1357 1142 sunt.
1388 1083 1450 1143 bic
1466 1104 1513 1143 me

405 1169 572 1250 imperator
585 1169 878 1251 diqnumjudicooii,
893 1167 943 1230 cui
958 1167 1118 1247 ¹‘primum
1132 1166 1285 1227 beatotum
1294 1166 1423 1244 prioris
1440 1188 1512 1228 cea-

406 1255 496 1316 turioe
510 1255 696 1336 odsiqnaret.
743 1254 844 1316 Tertio
869 1254 979 1314 iterum
996 1251 1184 1312 uoluntarius
1198 1251 1284 1311 mites
1300 1248 1417 1328 sactus
1440 1273 1510 1312 esraa

406 1338 439 1400 in
453 1359 520 1400 eum
534 1341 709 1416 concitum,
724 1339 775 1420 qui
789 1337 932 1400 adsumes
946 1336 1069 1398 AEtoios
1090 1341 1119 1396 et
1133 1335 1317 1396 Antiacbum
1336 1353 1449 1414 reqem
1465 1345 1510 1398 est

406 1423 525 1486 miseras.
557 1421 577 1457 ¹⁸
589 1445 608 1485 a
622 1423 682 1486 M’.
698 1424 799 1486 Acilio
815 1420 917 1484 ¹'inibi
927 1421 1046 1500 primite
1061 1419 1204 1499 princepe
1219 1419 1337 1498 prioris
1353 1423 1509 1482 centurie

407 1513 452 1570 est
467 1508 653 1588 amiqoaim
696 1508 833 1587 Eepuiso
848 1525 918 1587 reqe
932 1505 1093 1578 Antiocho,
1107 1503 1240 1564 subactis
1250 1503 1378 1579 AEtolis,
1393 1523 1508 1584 repar-

408 1593 467 1654 tati
488 1613 590 1654 mamus
610 1594 643 1654 in
666 1591 809 1652 Italiam:
833 1589 853 1620 ¹¹
862 1596 892 1652 et
916 1589 1054 1668 deinceps
1076 1589 1131 1663 bis,
1145 1606 1210 1667 qim
1227 1606 1328 1648 annua
1341 1589 1507 1650 merebant

407 1677 547 1756 leqianss,
562 1675 713 1756 stipendia
719 1673 795 1754 soci.
838 1675 896 1736 Bis
911 1673 1018 1735 deinde
1039 1673 1072 1734 iu
1084 1671 1238 1751 Hispania
1252 1672 1394 1748 militavi,
1409 1675 1508 1735 seusei

409 1760 445 1830 Q.
474 1760 578 1821 Fuioio
606 1760 727 1835 Flacco,
755 1760 865 1821 iterum
896 1759 941 1820 ii.
972 1757 1148 1838 Sesnpronio
1186 1757 1324 1818 Graccba
1352 1765 1505 1836 praetore.

406 1843 437 1904 A
452 1843 562 1905 Flacco
576 1845 658 1906 inter
672 1849 796 1919 cetmos,
812 1863 885 1923 quos
907 1843 1032 1904 uirtutis
1046 1860 1155 1904 caussa
1168 1860 1268 1902 remam
1280 1860 1319 1902 ee
1332 1843 1504 1920 prouincia

407 1928 451 1990 ud
462 1928 646 2008 triumphum
661 1927 834 2004 dedocebat,
850 1928 995 1990 deductus
1007 1946 1083 1988 sum
1112 1945 1131 1986 a
1148 1926 1193 1988 ii.
1207 1925 1345 1988 Graacba
1358 1934 1503 2006 roqotus,

406 2013 440 2074 in
458 2013 651 2092 provinciam
677 2014 711 2075 ii.
757 2013 873 2085 Quuter
897 2013 981 2074 intra
998 2029 1116 2091 paucos
1135 2029 1230 2072 annos
1243 2011 1380 2090 primum
1397 2013 1503 2090 pilam

407 2097 506 2158 duci:
528 2105 636 2178 quater
650 2103 680 2160 et
694 2099 797 2161 tricies
807 2097 931 2160 uirtutis
946 2115 1054 2158 caussa
1069 2095 1198 2158 daan
1212 2094 1250 2155 nb
1264 2095 1502 2174 inperatoribus

406 2202 492 2244 sum:
515 2201 570 2246 sec
584 2185 696 2246 ciuicas
710 2203 837 2246 emanas
850 2182 961 2262 accepi.
988 2181 1097 2261 oiqinti
1112 2179 1170 2241 duo
1183 2179 1334 2259 stipendia
1347 2199 1453 2240 annua
1470 2182 1502 2240 in

407 2269 543 2330 coercita
556 2271 682 2332 emerita
694 2267 798 2345 babeo,
812 2273 842 2329 et
856 2267 954 2346 major
967 2266 1055 2326 annis
1068 2283 1134 2326 sum
1148 2264 1376 2344 quinquaqinta.
1410 2265 1503 2335 Quod

407 2353 436 2414 si
451 2354 525 2414 mibi
539 2373 594 2416 nec
606 2353 757 2433 stipiendia
780 2353 880 2414 omnia
904 2351 1030 2414 snserita
1048 2354 1155 2426 essent,
1170 2348 1295 2410 modum
1312 2353 1388 2410 etus
1406 2369 1501 2410 vaca-

408 2437 520 2498 tionem
543 2437 641 2512 duret,
663 2444 773 2512 tamen,
788 2457 878 2517 mum
900 2441 1029 2516 quatuor
1050 2434 1162 2496 mdites
1178 2451 1239 2512 pro
1260 2452 1307 2494 nse
1332 2453 1391 2496 uno
1414 2435 1500 2495 rioms

408 2520 493 2595 dure,
509 2521 547 2582 P.
561 2521 671 2596 Licini,
680 2541 811 2600 possem
826 2540 942 2600 equum
954 2525 1022 2582 erat
1035 2539 1082 2580 me
1102 2517 1226 2580 dimitti.
1269 2517 1333 2580 Sed
1354 2519 1417 2580 noc
1437 2539 1498 2598 pro

408 2623 516 2664 caussa
531 2624 596 2665 osea
611 2603 695 2665 dicta
709 2605 868 2682 accipiatis
882 2605 989 2666 veiim:
1005 2605 1070 2684 ipse
1081 2623 1138 2678 me,
1154 2601 1255 2682 quoad
1268 2603 1434 2682 quisptam,
1446 2605 1498 2682 qui

407 2687 559 2748 ecerdtus
572 2688 689 2764 scribit,
704 2688 842 2751 idonessm
857 2689 982 2748 mititem
996 2687 1161 2767 judicabit,
1180 2706 1340 2766 numnam
1359 2706 1424 2748 sum
1444 2708 1497 2748 eo-

408 2776 578 2835 nomano.
622 2770 813 2833 ¹'Ordinemb
828 2791 885 2852 quo
894 2791 941 2833 nse
952 2771 1215 2852 diqnumjudicent
1229 2771 1344 2833 tribuni
1357 2772 1496 2846 nuditum,

407 2856 542 2936 ipsorum
556 2862 601 2919 est
608 2857 792 2936 potestatis:
816 2876 853 2918 ne
868 2857 936 2937 qais
948 2876 996 2918 nse
1017 2859 1129 2918 virtute
1152 2857 1186 2917 in
1209 2856 1344 2918 exercitu
1359 2863 1495 2936 mustei,

408 2941 486 3003 dubo
501 2961 643 3022 operam,·
665 2941 728 3005 ²⁰ut
751 2961 867 3022 semper
889 2943 935 3002 ita
951 2940 1064 3020 secisse
1085 2961 1132 3002 me
1154 2945 1183 3002 et
1207 2941 1403 3019 imperatores
1426 2943 1495 3016 mei

407 3033 448 3104 et,
464 3028 515 3108 qui
529 3048 590 3090 una
611 3027 762 3108 stipendia
775 3024 928 3106 fecerunt,
945 3031 1035 3088 testes
1048 3031 1127 3088 sunt.
1177 3025 1236 3086 Vos
1250 3044 1363 3105 quaque
1381 3044 1495 3104 emtum

404 3119 460 3191 est,
480 3113 704 3190 commilitones,
726 3113 784 3174 etsi
807 3111 1019 3192 adpellationis
1041 3109 1124 3172 uobis
1145 3110 1301 3188 usurpatis
1317 3109 1382 3188 jsas,
1406 3129 1493 3188 qrmm

647 3251 660 3278 ⁸
674 3247 783 3306 reportati
795 3245 890 3306 Kreyss.
905 3245 980 3292 Beirk.
1109 3239 1123 3276 11
1134 3246 1211 3292 ordisse
1224 3243 1289 3290 iieed.

277 3343 306 3390 1³
330 3343 390 3390 idibi
476 3345 590 3390 decumum
612 3345 711 3390 ordinem
730 3345 854 3392 Hassasan
887 3359 968 3392 sensus
990 3345 1082 3392 videtur
1103 3359 1131 3391 es
1156 3345 1191 3390 inis
1210 3345 1285 3391 verbis
1303 3343 1353 3390 emi
1371 3358 1443 3404 passe.
1464 3347 1492 3389 de

242 3405 378 3466 assignavit]
397 3407 436 3452 iic
450 3406 521 3466 jussit
531 3419 581 3452 esse
593 3408 753 3452 centurionem
770 3408 853 3454 decimi
887 3410 971 3468 quibus
991 3417 1069 3454 tumen
1089 3409 1228 3468 interpretes
1252 3409 1357 3468 plerique
1374 3409 1491 3454 nituerunt.

242 3471 330 3515 ordinis
344 3471 502 3515 Heststonsm.
888 3473 963 3530 Soius,
986 3487 1055 3532 quem
1076 3473 1209 3525 viderimus,
1231 3472 1337 3531 Dqutius
1356 3471 1489 3530 interpretu-

276 3532 305 3578 14
322 3531 446 3594 'PortatiJ
461 3535 523 3593 Lege
534 3535 651 3594 reportati,
665 3541 690 3579 ut
701 3533 762 3580 inire
774 3535 798 3581 in
811 3535 855 3582 isse
888 3537 975 3582 tionem
986 3537 1069 3582 efferre
1080 3543 1176 3582 nanetus
1187 3543 1229 3590 est,
1241 3537 1282 3581 sed
1298 3549 1380 3594 purum
1395 3535 1488 3580 felicem.

242 3595 416 3655 ipssorstione.
887 3599 1014 3646 Existimat
1035 3599 1098 3646 enim
1126 3599 1274 3658 Ligustinum
1301 3599 1384 3650 dicere,
1403 3613 1426 3643 se
1451 3614 1490 3656 pra

276 3658 306 3704 lb
323 3659 423 3705 Primum
436 3661 558 3707 Hastatsss
569 3663 652 3720 prioris
660 3659 779 3722 centusis]
793 3663 853 3709 iiss-
886 3663 986 3710 sedecim
998 3663 1065 3709 snuis
1076 3661 1173 3716 miiitiss,
1185 3675 1243 3721 quos
1254 3663 1318 3721 teges
1328 3661 1414 3720 espieri
1423 3664 1489 3721 J'ube-

241 3730 350 3778 tutorum,
364 3723 505 3784 Principum,
524 3733 547 3770 et
567 3725 709 3772 Trierinrum
721 3727 852 3785 ccrporsin
885 3737 945 3783 rent,
966 3726 1024 3773 duos
1040 3739 1067 3772 ec
1085 3727 1181 3785 triginta
1200 3725 1339 3785 implevisse.
1373 3727 1403 3769 At
1419 3726 1491 3784 primo

241 3786 322 3831 decem
344 3788 437 3845 singnis
458 3788 590 3847 msnipnios
618 3789 743 3834 distribute
769 3799 851 3836 erunt:
885 3803 931 3834 non
961 3791 1070 3845 sedecim,
1100 3790 1140 3835 sed
1163 3789 1246 3847 viginti
1274 3800 1353 3835 sunus
1379 3789 1489 3847 stipendis

240 3851 400 3909 unusquisque
423 3851 557 3910 manipulus
576 3853 600 3896 in
618 3853 676 3898 duos
695 3853 796 3908 ordines,
816 3853 852 3900 vei
884 3867 973 3898 merere
993 3855 1109 3898 debebunt
1130 3852 1230 3898 Romani
1245 3853 1349 3912 pedites:
1372 3854 1489 3911 quedem

241 3913 299 3960 dues
321 3915 444 3960 centurius.
490 3914 552 3960 Dicit
574 3915 646 3973 igitur
673 3915 810 3974 Ligustinus
826 3931 851 3963 se
883 3917 929 3962 vid.
942 3917 1003 3976 Lips.
1016 3917 1030 3962 Ι.
1049 3917 1067 3962 1.
1078 3918 1106 3962 de
1120 3917 1170 3962 iiii.
1184 3917 1251 3961 Rom.
1266 3915 1361 3961 nime
1403 3915 1488 3961 Deinde

240 3977 326 4022 iactum
346 3991 396 4023 esse
416 3977 575 4024 centurionem
594 3978 677 4037 prioris
695 3981 806 4026 centurie
827 3981 851 4026 in
885 3977 1021 4038 Ligustinus
1041 3981 1090 4039 ipse
1110 3979 1170 4025 inire
1188 3980 1245 4025 dicit
1262 3993 1287 4024 se
1306 3981 1351 4024 duo
1365 3985 1451 4024 tuntum
1468 3987 1489 4024 et

240 4042 315 4100 primo
330 4041 480 4087 Haststnrum
492 4042 619 4100 menipnio.
883 4046 965 4103 uiginti
976 4046 1089 4102 stipendia
1101 4057 1177 4088 amus
1187 4044 1280 4088 emerita
1289 4043 1382 4100 hebere,
1392 4057 1436 4087 non
1444 4043 1488 4086 duo

274 4103 303 4150 16
320 4105 395 4150 Aid'.
409 4100 495 4164 Acilio]
522 4105 559 4150 Sic
571 4113 633 4151 recte
646 4105 761 4164 Sigonius.
788 4105 851 4152 Ante
883 4107 1021 4165 ettrigintn.
1056 4107 1103 4152 Nos
1112 4107 1170 4152 nihii
1182 4105 1296 4151 hebemus
1307 4107 1382 4165 piene,
1393 4107 1451 4163 quod
1461 4106 1488 4150 de

238 4183 253 4212 a
265 4167 298 4213 M.
314 4169 392 4215 Coeiia.
883 4171 988 4215 bociaco
1001 4170 1211 4230 dicerepossimus.

273 4230 301 4284 17
320 4232 380 4277 biiii
388 4233 475 4291 primus
486 4231 596 4290 Princeps
605 4233 689 4290 prioris
700 4235 806 4278 contorio
818 4241 851 4280 cst
918 4233 947 4280 19
965 4235 1072 4279 Ordinem
1083 4248 1170 4294 quone
1181 4235 1274 4292 dignum
1285 4230 1407 4291 judicent.
1419 4263 1425 4275 .
1436 4263 1442 4278 .
1454 4233 1486 4292 ip-

237 4293 380 4354 arcignatur]
399 4297 482 4342 Pectus
494 4309 545 4340 sum
557 4296 662 4340 centurio
673 4295 756 4354 prioris
769 4305 850 4341 centu·
883 4313 956 4343 sorum
968 4305 1001 4343 est
1010 4293 1141 4358 potestatis]
1160 4296 1255 4355 Suppie.
1267 4295 1373 4350 definire,
1384 4303 1486 4340 metuere.

237 4358 278 4402 rite
299 4358 323 4403 in
348 4359 423 4416 primo
442 4359 561 4419 manipulo
585 4359 726 4418 Principum.
762 4360 797 4404 Dc
814 4361 850 4406 his
885 4361 951 4417 Legit
964 4361 1095 4406 Gronovius
1107 4361 1183 4405 ordine
1195 4375 1244 4418 quo.

237 4422 347 4477 gradibus
368 4421 479 4469 Romsnse
499 4423 588 4468 miiitiss
611 4423 664 4467 vide
683 4423 758 4468 fusius
778 4424 851 4470 disse·
917 4425 948 4469 Li)
964 4425 994 4469 Ut
1006 4439 1092 4484 semper
1100 4427 1133 4469 ita
1138 4420 1223 4482 secisse
1232 4419 1278 4482 me]
1291 4421 1416 4467 Redundst
1424 4423 1486 4482 plene

237 4495 327 4527 rentem
343 4485 446 4542 Lipsium
459 4487 474 4530 i.
488 4485 519 4532 11.
532 4487 561 4531 dc
575 4486 624 4530 Mii.
639 4485 707 4532 liam.
722 4487 781 4532 Diui
795 4487 816 4532 ii.
884 4487 966 4532 rustris
978 4491 1020 4533 ito.

271 4547 299 4590 iti
318 4549 349 4592 itt
362 4550 465 4607 deinceps
478 4551 517 4604 bis,
530 4565 579 4610 quc
590 4549 678 4611 annisa]
693 4551 776 4596 Nullus
786 4551 852 4596 nobis
