3086 4952
831 277 926 343 'l'l'll
956 273 1073 340 LlVll

263 453 375 504 .c.ael.
404 437 488 510 cant,
502 445 639 514 quorum
662 426 750 510 quod
771 425 963 490 altissimum
984 430 1044 502 est,
1058 421 1276 487 Callidromon
1300 422 1466 508 adpellata

323 518 376 568 ¹⁹¹·
404 517 439 581 in
453 516 546 600 cujus
558 511 640 576 valle
653 511 695 576 ad
709 509 884 574 Maliacum
899 509 1005 574 sinum
1019 515 1168 604 vergente
1182 507 1243 572 iter
1255 515 1382 596 estnon
1397 508 1466 572 latii

405 621 502 749 quam
516 600 680 682 sexaginta
692 615 817 693 passus.
862 593 944 658 Haec
962 613 1028 656 uns
1050 591 1194 656 milrmria
1207 591 1260 656 via
1277 599 1337 670 est,
1352 615 1420 676 qua
1441 603 1466 656 tr

262 521 310 568 .0.

427 684 480 748 uci
494 682 660 759 enmcihu,
675 701 703 744 ει
715 701 781 744 non
793 679 1032 764 prohibeantur,
1045 676 1180 761 possint.
1211 676 1283 740 ideo
1300 677 1400 761 Pylae,
1415 687 1449 740 et
1464 707 1466 738 l

403 769 485 846 aliis,
499 767 575 851 quia
594 765 703 830 calidae
726 785 817 848 aquoe
842 763 875 826 in
896 761 975 848 ipsis
998 761 1144 825 saucibus
1168 770 1254 839 sunt,
1276 762 1466 846 Thermopy]

404 853 496 918 locus
521 850 709 936 adpellatur,
732 847 847 912 nobilis
862 845 1187 910 Lacedaemoniorum
1212 847 1364 910 adversm
1390 848 1466 910 Pera

403 944 508 1001 morte
521 935 622 1020 magis
635 931 841 1010 memorabili,
855 951 951 1014 quam
965 951 1085 1014 pugno.

449 1021 543 1086 XVI.
568 1018 825 1102 Haudquaquam
838 1015 908 1114 pari
922 1023 993 1078 tum
1008 1014 1114 1078 animo
1126 1013 1317 1092 Antiochus,
1330 1014 1417 1078 intra
1429 1037 1466 1099 pr

406 1114 456 1170 tas
468 1105 531 1172 loci
545 1105 614 1189 ejus
628 1103 738 1166 castris
811 1097 1120 1179 immunitionibus
1134 1098 1266 1182 insuper
1280 1099 1398 1162 saltum
1413 1101 1466 1184 inp

407 1189 523 1254 diebat.
549 1196 592 1266 et,
613 1208 714 1271 quum
758 1185 856 1334 uplici
870 1184 952 1248 vallo
974 1185 1134 1282 fossaque,
1148 1191 1180 1246 et
1202 1204 1295 1246 mmo
1316 1183 1425 1263 etiam,
1441 1208 1466 1267 q.

406 1295 457 1338 rm
471 1273 664 1359 postralabat,
678 1293 719 1335 ex
728 1292 785 1334 mu
797 1278 830 1334 ta
838 1269 929 1354 copia
943 1268 1061 1353 possim
1071 1267 1247 1352 jacentium
1261 1267 1417 1352 lapidum,
1431 1292 1466 1354 ps

406 1358 564 1424 munisset
586 1355 703 1436 omnia,
732 1355 809 1420 satis
834 1355 947 1433 fidens,
970 1374 1146 1436 numquam
1170 1374 1207 1416 ea
1229 1353 1295 1416 vim
1320 1354 1466 1417 Romam

406 1442 601 1508 exercitum·
615 1442 785 1518 faotumm,
801 1439 929 1503 AEtolos
953 1459 993 1502 ex
1016 1446 1153 1522 quatuor
1171 1437 1312 1502 millibus
1334 1439 1394 1518 (tot
1418 1439 1466 1502 eni

407 1529 632 1608 convenerant)
660 1524 776 1610 partim
800 1523 873 1586 ‘'ad
897 1523 1084 1587 Heracleam
1113 1522 1261 1607 praesidio
1285 1522 1466 1587 obtinenda

430 1633 481 1674 um
501 1619 576 1674 ante
599 1610 611 1672 i
635 1631 685 1673 aas
700 1610 807 1672 lauces
830 1606 936 1693 posita
955 1615 1014 1687 est,
1102 1607 1108 1621 '
1161 1607 1326 1692 Hypatam
1344 1607 1456 1686 mittit,

407 1633 597 1758 Heracleam
652 1693 697 1756 ud
706 1692 824 1756 dubius
837 1692 1029 1756 consulemo
1052 1700 1281 1778 pugnabuum,
1296 1691 1406 1778 etjam
1420 1714 1466 1756 mi

244 1796 339 1843 cona
408 1779 451 1843 tis
476 1778 714 1857 nunciantibus,
739 1777 822 1841 circa
851 1777 1016 1876 Hypatam
1046 1776 1154 1840 omnia
1181 1777 1324 1840 evastati.
1368 1777 1466 1841 cona

246 1861 392 1964 fimar-
409 1863 492 1948 depo
515 1863 622 1926 ulatus
638 1863 858 1947 Hypatensem
896 1862 1113 1940 ramo,deiude
1126 1861 1368 1926 Heracleensem
1379 1883 1466 1946 agro]

256 1933 289 1966 ἰ
408 1947 466 2012 ἰιιιι
482 1947 512 1961 ”
538 1946 708 2030 utrobique
731 1946 848 2010 auxilio
915 1946 1063 2025 talorum,
1077 1945 1111 2010 in
1132 1947 1211 2030 ipsis
1233 1946 1378 2010 faucibus
1401 1969 1466 2033 pro]

407 2033 512 2098 sontm
541 2032 714 2096 calidarum
741 2052 895 2115 aquarum
923 2031 1074 2095 adversus
1110 2052 1217 2115 regem
1252 2040 1356 2095 castra
1383 2054 1466 2117 posu

407 2117 591 2182 AEtolorum
606 2125 771 2200 utraeque⁸
783 2137 898 2180 manus
910 2116 1097 2180 Heracleam
1107 2137 1174 2180 sese
1184 2115 1390 2180 incluserunt.
1434 2120 1466 2180 A

407 2201 561 2281 tiochum,
575 2202 626 2265 cui
664 2202 827 2286 riusquam
839 2201 964 2266 hostem
979 2209 1130 2278 cerneret,
1144 2201 1221 2264 satis
1245 2201 1352 2264 omnia
1373 2223 1466 2286 parm

407 2286 477 2351 nita
490 2295 523 2350 et
536 2224 694 2372 praesidiis
708 2287 842 2386 obsepta
854 2285 1054 2364 videbantur,
1067 2285 1163 2348 timor
1177 2285 1290 2348 deinde
1308 2285 1446 2364 incessit,
1462 2307 1466 2350 1

407 2393 488 2455 quas
498 2374 511 2412 θ
521 2393 579 2456 per
588 2372 776 2436 inminentia
784 2391 865 2468 Juga
873 2371 966 2434 calles
980 2369 1137 2434 inveniret
1151 2370 1192 2433 ad
1200 2370 1369 2434 causitum
1383 2372 1466 2434 Rom

408 2477 481 2520 nus.
496 2457 871 2519 nametLacedaemonros
881 2454 1466 2538 quondamitaaPersiscircumitosfan

408 2549 476 2602 erat
485 2565 495 2617 ;
517 2539 538 2570 ‘⁰
548 2545 581 2602 et
594 2561 697 2624 nuper
711 2539 896 2686 Philliflppum
914 2540 954 2603 ab
977 2539 1089 2604 iisdem
1105 2539 1268 2604 Romanis.
1297 2540 1403 2624 itaque
1418 2563 1466 2604 nu:

408 2623 493 2687 cium
510 2622 696 2686 Heracleam
711 2623 752 2686 ad
811 2623 892 2686 tolos
906 2623 1016 2702 mittit,
1025 2632 1063 2687 ut
1075 2625 1158 2688 hanc
1172 2625 1285 2688 saltem
1298 2625 1359 2688 sibi
1373 2647 1466 2710 opera

407 2728 445 2770 ec
477 2706 561 2770 bello
585 2715 784 2792 praestarent,
805 2715 843 2770 ut
865 2707 997 2772 vertices
1021 2709 1104 2772 circa
1126 2709 1284 2774 montium
1310 2732 1466 2795 occupare}

408 2791 663 2874 obsiderentque‚
677 2813 718 2856 ne
734 2813 797 2876 qua
807 2792 940 2856 bansire
959 2793 1123 2857 Ramamu
1133 2803 1251 2879 posset.
1296 2795 1368 2858 Hoc
1383 2818 1466 2860 nuno

407 2875 527 2955 audito,
540 2875 695 2940 dissensio
709 2877 793 2940 inter
805 2877 932 2942 AEtoloa
953 2885 1022 2940 orta
1044 2887 1104 2942 est.
1133 2899 1208 2963 pars
1234 2879 1365 2964 imperio
1387 2903 1466 2964 pars:

408 2961 486 3025 dum
500 2961 584 3048 regis
598 2970 693 3046 atque
708 2963 849 3026 eundum
864 2963 1045 3041 censebant,
1058 2983 1133 3048 pars
1149 2964 1386 3028 subsistendum
1399 2967 1466 3028 Her

407 3045 483 3112 olere
505 3048 546 3111 ad
569 3056 736 3131 utramque
761 3047 940 3111 fortunam:
963 3055 1011 3126 ut,
1034 3048 1100 3112 aive
1121 3049 1225 3112 victrrs
1257 3050 1427 3113 sconsule
1446 3073 1466 3113 n

407 3140 501 3210 essm,
514 3133 549 3194 in
563 3133 711 3216 expedito
725 3132 880 3196 baberent
902 3133 1041 3217 integras
1066 3133 1173 3217 copias
1196 3135 1238 3198 ad
1257 3155 1276 3198 o
1300 3155 1351 3197 em
1369 3136 1466 3219 propi

429 3216 480 3278 uis
494 3216 655 3278 serendam
676 3217 856 3280 civitatibus
871 3217 954 3296 suis3
977 3217 1042 3282 aive
1056 3217 1205 3297 vinceret,
1219 3227 1258 3282 ut
1276 3155 1444 3303 dissipatos

406 3236 516 3384 lugam
538 3301 700 3364 Romanos
723 3309 997 3386 persequerentur.
1041 3301 1186 3386 Utraque
1199 3325 1273 3388 pars
1297 3325 1362 3368 non
1384 3327 1466 3368 mana

406 3384 502 3447 modo
515 3383 550 3446 in
565 3385 722 3449 sententia
733 3407 802 3465 sua,
813 3387 870 3450 sed
883 3386 979 3450 etiam
993 3395 1143 3450 exsecuta
1159 3397 1208 3450 est
1229 3387 1405 3452 consilium.
1435 3390 1466 3452 dr

405 3468 505 3532 millia
521 3469 683 3533 Heracleae
707 3471 936 3535 substitenmta
959 3471 1024 3536 duo
1046 3471 1197 3535 trifariam
1222 3473 1322 3536 divisa
1347 3473 1466 3536 Callidr

406 3573 507 3631 mum,
520 3562 553 3616 et
567 3555 796 3634 Rhoduntiam,
811 3563 844 3618 et
857 3556 1029 3620 Tichiunta
1044 3557 1125 3638 (hoec
1139 3557 1270 3621 nomina
1283 3559 1466 3622 cacuminibi

407 3640 891 3820 smidldllouddheslilpostquem
908 3725 1029 3789 insessa
1053 3725 1215 3824 superiora
1237 3727 1307 3790 loca
1326 3727 1366 3790 ab
1381 3728 1466 3792 AEtcl

405 3806 495 3886 vadit,
507 3807 556 3872 M.
573 3808 721 3872 Porcium
736 3809 892 3874 Catonem
902 3817 934 3872 et
948 3811 988 3874 L.
1002 3809 1165 3874 Valenum
1181 3811 1341 3892 Flaccum,
1355 3811 1466 3876 ‘'cona

404 3889 485 3954 lares
499 3891 630 3977 legatos,
644 3915 719 3958 cum
733 3893 818 3958 binis
831 3893 972 3959 millibus
983 3893 1176 3959 delectorum
1186 3895 1331 3982 peditum
1341 3907 1362 3976 ⁰,
1377 3898 1417 3960 ed
1429 3919 1466 3960 ca

399 4071 543 4116 *norman
554 4069 600 4116 del.
613 4070 690 4118 Bell.
747 4075 867 4134 ‘unaque
880 4072 939 4120 Ead.
999 4068 1077 4135 l’qaor
1088 4073 1162 4120 Groo.
1173 4075 1241 4122 cren.
1298 4075 1417 4122 cerritus
1428 4075 1466 4120 Ea

270 4220 304 4270 bd
319 4221 358 4268 Ad
375 4221 512 4269 Heracleam
523 4255 529 4268 .
541 4253 548 4270 .
558 4253 564 4267 .
576 4219 639 4284 qao]
657 4223 792 4270 Relatlrum
802 4239 853 4286 qua
916 4223 947 4272 cl
969 4225 1103 4273 Gmralarea
1114 4222 1212 4288 lagatos]
1232 4225 1264 4271 Hi
1283 4232 1308 4271 ct
1323 4225 1352 4270 ab
1365 4224 1466 4270 Plutarcl

238 4285 319 4345 scripti
337 4285 455 4332 omittunt.
490 4287 521 4334 Et
536 4285 596 4332 illud
613 4287 713 4346 intelligi
733 4287 852 4334 interdum
885 4289 949 4334 etab
962 4289 1068 4349 Appiano
1086 4290 1174 4336 tribuni
1194 4289 1297 4336 militurn
1314 4289 1428 4336 dicuntur.
1464 4289 1466 4334 i

238 4351 328 4396 mavult
343 4349 431 4396 Livius.
471 4351 508 4398 Sic
526 4359 549 4397 et
569 4351 691 4410 Virgilium
719 4352 763 4398 aa
784 4353 851 4407 locun
883 4353 946 4412 apud
966 4353 1103 4401 Ciceronem
1121 4369 1215 4415 quoque
1235 4355 1277 4400 lib.
1298 4354 1327 4400 de
1342 4355 1395 4400 Seu.
1414 4353 1466 4398 nd

238 4412 373 4474 Hesperien
386 4415 453 4460 Graii
460 4418 586 4476 cognomine
597 4417 683 4463 dhaet,
885 4416 944 4462 Cato
963 4417 1062 4463 dicitas
1083 4417 1204 4466 tribunum
1227 4417 1329 4465 militum
1351 4417 1466 4478 depugnes

271 4477 303 4524 6⁰
320 4477 351 4524 dt
361 4492 432 4536 »repar
443 4476 585 4540 Philippum]
604 4479 641 4527 Ad
653 4479 730 4526 Aoum
742 4492 844 4526 amnem.
885 4481 948 4539 apud
961 4480 1138 4541 Thermopylas.
