3108 4982
192 345 255 408 228
783 336 875 400 TITl
902 333 1017 400 LIVII

196 511 224 558 u.
236 509 263 556 c.
275 509 330 556 soc.
358 507 456 552 novos
476 493 627 570 praetores
645 493 678 548 et
694 485 811 548 amicos
834 483 1023 560 absentium,
1045 479 1210 564 Calpurnii
1226 479 1368 546 Quinctii
1392 501 1444 545 ue.

195 577 223 624 Α»
236 575 263 620 ⁰·
278 573 330 622 ¹84
359 571 502 654 Utroque
515 591 626 634 caussa
642 569 787 633 tribunos
804 567 917 653 plebis,
940 567 961 600 ‘⁰
972 573 1105 649 utraque
1127 564 1273 627 consules
1295 501 1444 630 habebat.

358 657 379 688 ‘¹
389 655 424 718 hi
432 665 457 732 ¹³,
478 676 512 718 se
525 655 751 718 intercessuros
766 649 1049 726 senatusconsulto,
1071 648 1098 710 si
1111 648 1323 732 deportandos
1336 671 1446 712 censc-

357 747 430 803 rent
453 738 618 817 exercitus,
640 736 888 814 denuntiabunt3
910 733 966 812 illi,
989 733 1017 796 si
1040 733 1110 796 hcc
1136 732 1318 796 intercessio
1345 735 1446 812 lieret,

358 823 478 888 nullom
491 844 558 888 rem
572 823 665 886 ulium
680 843 714 886 se
729 820 854 886 decerni
867 839 1025 903 pensuros.
1057 817 1151 879 Victa
1160 825 1320 901 postremo
1331 818 1446 881 obsen-

358 907 441 972 tium
469 906 570 992 gratie
597 915 655 986 cst,
682 914 714 969 et
743 901 1053 968 senatusconsultum
1078 901 1207 978 luctum,
1233 902 1274 964 Ut
1294 908 1447 982 pretores

359 998 489 1074 quotuor
512 993 610 1054 millio
627 992 767 1073 peditum
786 985 1188 1064 manumissurus,
1210 987 1448 1068 quodsinpeutos

359 1079 482 1158 equita,
507 1082 537 1139 et
560 1078 688 1157 qssiwsse
710 1075 808 1136 millio
834 1073 984 1136 sociorum
1005 1071 1143 1151 peditum
1171 1070 1277 1132 Lutini
1305 1073 1446 1150 mminis,

360 1162 536 1243 quisepesstos
549 1161 673 1241 equites,
687 1178 761 1240 pisos
772 1177 873 1220 secum
886 1157 920 1218 io
933 1155 1115 1236 Hispcseicm
1127 1160 1300 1234 portarent.
1322 1155 1344 1186 ‘¹
1355 1175 1447 1236 qinein

360 1265 413 1308 eos
427 1245 556 1326 lepiooes
570 1250 701 1325 quatuor
713 1243 948 1322 descripsissem,
961 1239 1128 1321 quodplos,
1142 1259 1232 1319 quom
1243 1240 1335 1319 quino
1348 1241 1448 1303 mittio

355 1329 504 1410 peditum,
519 1330 631 1391 moesti
645 1329 768 1410 equites,
782 1329 816 1389 s'ss
830 1326 957 1408 stipulis
970 1323 1132 1405 lepionibus
1142 1329 1229 1400 esset,
1241 1324 1446 1387 dimitterent.-

362 1433 412 1476 eos
420 1413 565 1493 primum,
580 1413 632 1494 orei
643 1413 769 1476 emmila
782 1411 933 1492 stipiendio
946 1409 1089 1470 Ιιαῠενιιιί
1096 1433 1108 1480 ,·
1128 1407 1244 1485 deinde
1258 1413 1292 1469 ut
1306 1408 1448 1489 cujusqsoe

355 1497 529 1580 fortissimo
543 1516 634 1578 opero
652 1497 833 1576 Calpurnio
846 1499 877 1557 et
894 1494 1052 1566 Quinctius
1062 1493 1095 1553 iss
1100 1493 1212 1572 proelio
1226 1494 1274 1553 usi
1288 1499 1396 1555 essen.

199 1605 337 1654 masmun-
405 1579 571 1644 XXXIX.
594 1579 665 1642 Huc
678 1579 786 1642 sedata
799 1577 1010 1655 contentione,
1032 1575 1093 1638 ulio
1107 1575 1242 1638 subinde
1257 1575 1294 1638 C.
1310 1575 1448 1640 Decimii

199 1671 281 1716 ueste
363 1663 507 1748 praetoris
529 1671 630 1725 morte
654 1670 762 1726 exortu
787 1670 845 1726 est.
889 1661 950 1725 Cn.
966 1659 1104 1724 Sicinius
1124 1667 1157 1722 et
1181 1659 1219 1724 L.
1236 1660 1284 1723 Pu
1308 1659 1368 1739 ius,
1391 1662 1448 1745 qui

200 1743 308 1794 presure.
362 1747 469 1810 {ediles
483 1746 627 1830 proximo
642 1767 725 1810 anno
740 1746 874 1824 fuerant,
896 1753 928 1808 et
943 1744 980 1808 C.
993 1743 1137 1808 Valerius
1159 1743 1274 1807 tlumen
1327 1745 1395 1808 iulis
1415 1755 1448 1810 et

364 1830 553 1928 Mulvius
579 1829 711 1928 Flaccus
738 1830 786 1911 (is,
809 1829 884 1927 quia
908 1829 1009 1893 sedilis
1029 1828 1147 1926 curulis
1168 1827 1351 1926 designatus
1370 1841 1448 1909 eret,

363 1913 1449 2096 {tittffltttittmtttttttttttffiitta

363 2105 498 2168 sequere,
511 2105 586 2148 mox
600 2105 746 2169 superare
760 2085 854 2148 etiam
869 2092 918 2147 est
931 2083 1028 2162 visus,
1043 2103 1116 2168 poss
1130 2083 1331 2146 tribunorum
1345 2083 1449 2168 plebis

364 2189 488 2253 negare,
502 2169 656 2233 rationem
671 2169 740 2254 ejus
754 2169 931 2234 habendum
945 2189 1024 2246 esse,
1047 2167 1133 2251 quod
1150 2167 1231 2230 duos
1251 2168 1345 2232 simul
1363 2191 1449 2232 unus

364 2253 577 2338 magistratus,
624 2254 776 2318 raesertim
804 2253 939 2331 ciuules,
967 2273 1069 2336 neque
1095 2273 1204 2337 capere
1227 2261 1345 2337 posset,
1367 2265 1450 2317 nec‘¹

364 2360 491 2422 gerere:
514 2361 587 2424 pers
601 2276 734 2424 iegibus
759 2361 834 2402 eum
861 2338 939 2402 solvi
966 2359 1094 2420 sequum
1121 2358 1257 2416 censere,
1279 2346 1325 2416 ut,
1354 2359 1450 2421 quem

364 2423 468 2501 vellet,
489 2432 657 2507 praetorem
681 2424 806 2487 creandi
828 2423 947 2521 populo
969 2429 1109 2506 potestus
1123 2421 1221 2486 fieret.
1265 2421 1303 2486 L.
1320 2423 1450 2487 Porcius

366 2507 477 2570 consul
491 2507 594 2590 primo
609 2507 642 2570 in
656 2528 692 2570 ea
707 2515 863 2570 sententis
877 2527 955 2586 esse,
977 2508 1000 2538 ⁴⁴
1012 2529 1052 2570 ne
1072 2527 1187 2569 nomen
1201 2507 1269 2591 ejus
1285 2507 1450 2592 acciperet.

366 2590 490 2666 deinde,
520 2598 555 2652 ut
581 2611 621 2653 ex
649 2591 834 2654 auctoritate
863 2600 991 2654 senatus
1017 2591 1100 2654 idem
1124 2591 1248 2671 faceret,
1271 2593 1451 2655 convocetis

368 2673 525 2751 Patribus,
547 2673 691 2755 ‘'reses-re
704 2695 737 2738 se
751 2677 795 2738 od
806 2695 866 2753 eos,
882 2675 971 2752 dixit,
987 2677 1068 2757 qood
1080 2696 1134 2739 nec
1140 2677 1215 2756 jure
1232 2677 1303 2754 ulto,
1325 2697 1381 2740 nec
1398 2699 1452 2740 ee-

366 2759 461 2839 emplo
487 2759 638 2822 tolerabili
659 2760 760 2823 liberie
782 2761 900 2824 emata·
922 2761 1020 2822 sedilis
1041 2762 1155 2823 curulis
1176 2761 1350 2843 desiccatus
1368 2783 1452 2842 pree-

367 2849 468 2907 turam
476 2849 605 2924 peteret,
618 2844 686 2922 sili,
707 2847 767 2908 nisi
782 2846 857 2926 quid
869 2845 955 2907 uliud
967 2847 1007 2907 iis
1020 2845 1183 2922 videretur,
1204 2847 1237 2907 iss
1255 2847 1355 2908 auimo
1377 2867 1451 2925 esse,

366 2949 383 2992 e
398 2929 461 3011 lepe
473 2929 596 2992 cumdio
608 2929 727 2994 ubere.
772 2930 880 2994 Patres
900 2937 1100 3006 censuerunt,
1115 2929 1163 2992 uti
1178 2930 1216 2992 L.
1232 2929 1362 2992 Porcius
1375 2951 1454 2993 con-

368 3013 418 3076 sul
441 3035 514 3078 cum
537 3013 578 3080 Q.
595 3013 706 3078 Fulvio
721 3023 836 3100 egeret,
858 3035 897 3077 ne
915 3013 1129 3112 inpedimento
1151 3023 1243 3092 esset,
1266 3014 1452 3096 quominus

368 3097 495 3162 comitia
508 3099 653 3184 praetoris
667 3099 701 3164 in
716 3099 820 3164 locum
836 3097 1021 3164 O.Dec1mii
1036 3097 1228 3182 subrogandi
1241 3119 1259 3161 e
1273 3097 1341 3184 lege
1356 3099 1453 3163 habe-

713 3264 728 3301 Ρ
738 3261 756 3306 ii
768 3259 841 3306 tirou.
969 3263 1062 3320 usseqse
1074 3259 1140 3306 Cres.

238 3381 269 3428 40
290 3381 390 3442 Utrnqss
401 3377 512 3440 ιιιιιῑιι]
531 3381 583 3427 lmo
594 3383 711 3428 mntem.
846 3395 898 3427 rum
910 3381 949 3429 liic
960 3397 997 3428 ses
1008 3389 1119 3438 mutetur,
1130 3389 1154 3428 et
1165 3383 1218 3428 duis
1230 3381 1333 3441 legiones
1352 3381 1452 3440 singulis

239 3445 268 3491 41
287 3445 321 3492 Hi
339 3460 363 3492 ss
385 3441 557 3504 intercessuros]
586 3444 697 3503 lntellige
715 3445 813 3504 eosqui
846 3445 871 3490 in
882 3445 995 3505 llispsnis
1007 3448 1144 3506 pectoribus
1156 3447 1326 3492 decernuntur:
1344 3446 1416 3504 idque
1428 3455 1453 3492 et

206 3507 315 3554 isvebsnt
332 3509 397 3555 novis
414 3508 559 3568 prsetosibus,
570 3515 621 3554 turn
632 3508 745 3564 tribunos,
762 3515 812 3554 tuns
845 3507 870 3555 in
882 3511 1032 3568 sequentibus
1044 3511 1110 3556 snnis
1128 3517 1246 3556 servotum
1257 3523 1307 3556 esse
1319 3519 1411 3556 constet
1422 3525 1452 3556 es

206 3573 306 3618 alterum
322 3585 335 3618 e
351 3573 491 3618 consulibus.
526 3572 602 3631 Vulgo
614 3573 671 3618 editi
688 3571 776 3618 hebent
787 3575 812 3618 ii.
846 3587 911 3632 capp.
923 3573 962 3620 ³2.
974 3573 1012 3619 36.
1024 3575 1063 3628 40,
1076 3583 1099 3619 et
1110 3575 1149 3628 49,
1161 3575 1175 3618 l.
1189 3574 1238 3619 Xl..

207 3634 363 3694 lisposuimus
375 3637 399 3682 ts'
410 3649 439 3682 ex
451 3649 498 3682 uno
509 3636 598 3682 ems,
608 3636 713 3690 lisamii,
724 3645 747 3682 et
758 3650 812 3682 nos·
878 3637 909 3682 43
925 3639 940 3668 ⁸
951 3637 1110 3698 certamenque
1121 3639 1142 3683 ei
1153 3638 1301 3695 eunflsns'n
1309 3631 1372 3695 nst]
1392 3637 1453 3684 Tota

206 3707 243 3744 tro
266 3698 398 3747 Victorino:
428 3709 454 3746 ut
476 3701 616 3760 respondent
634 3699 672 3760 τῷ
693 3701 729 3746 itii
750 3701 813 3759 quod
845 3701 963 3746 contentio
982 3703 1116 3746 senabatur
1132 3701 1263 3746 intersum
1283 3707 1307 3745 et
1323 3699 1452 3755 flumineis,

206 3761 319 3822 sequitur.
845 3764 940 3823 reliquis
965 3765 1055 3810 duobus
1074 3764 1262 3824 competitoribus
1281 3777 1295 3809 s
1313 3777 1354 3823 spe
1374 3763 1452 3824 sdipi·

238 3825 270 3871 42
289 3826 362 3876 stss
372 3841 411 3873 eus
420 3827 516 3888 legisses
525 3835 621 3888 quotuor
632 3823 814 3887 descripsissem]
847 3827 926 3874 scendi
938 3827 1032 3873 honoris
1041 3827 1120 3873 stetim
1131 3827 1233 3886 dejectis.

208 3890 280 3956 Recte
291 3891 398 3936 observet
410 3889 542 3936 Gronovius
558 3905 587 3937 ex
605 3891 698 3936 teutillo
716 3905 815 3936 numero
879 3892 910 3937 44
927 3891 964 3936 Νι
979 3906 1057 3938 somn
1076 3889 1126 3950 ejus
1143 3885 1269 3950 occiperet]
1287 3889 1338 3936 viu
1350 3897 1398 3936 not.
1411 3891 1451 3946 82,

206 3951 258 4000 fleri
270 3953 401 4012 nequivisse
412 3961 511 4013 quotuor
523 3954 634 4013 legiones.
668 3953 724 4000 ldeo
734 3967 815 4000 emen·
847 3955 877 4000 sd
889 3955 903 4000 l.
917 3953 1004 4000 xxvi
1016 3969 1035 4000 c.
1050 3953 1086 4001 lu

208 4018 262 4063 det:
282 4031 348 4077 qussi
368 4032 404 4064 eos
422 4019 445 4063 iss
462 4023 559 4078 qustum
577 4019 681 4078 legisses,
698 4031 751 4076 que
766 4018 816 4076 lum
880 4018 912 4064 46
927 4015 1021 4077 Referre
1032 4019 1098 4064 send
1109 4032 1145 4064 eos
1155 4019 1223 4072 dicit,
1234 4017 1294 4078 qsed
1304 4049 1310 4063 .
1321 4049 1328 4062 .
1340 4049 1346 4062 .
1357 4049 1364 4062 .
1376 4017 1454 4062 editis

206 4090 258 4128 tum
277 4087 344 4126 ersot
365 4080 390 4126 in
414 4079 536 4140 Hisponis,
558 4081 734 4140 descripsissest.
768 4081 814 4127 Eos
845 4082 1073 4142 cmlisdesigsotss
1089 4088 1213 4140 proterens
1223 4079 1323 4140 peteret]
1342 4080 1455 4126 blotande

207 4151 286 4190 sutem
297 4144 401 4204 intellige
413 4144 472 4190 solos
485 4144 610 4189 Romnum.
644 4144 705 4189 Socii
716 4143 812 4190 enimin
845 4141 1453 4205 locutio‚seserreqso{l,stsunumersodsiiserem·

206 4207 310 4266 legiones
327 4221 374 4254 non
394 4207 590 4254 describebantur.
624 4207 735 4252 Ceterum
753 4207 815 4252 circs
845 4209 962 4267 pliuquae
980 4207 1041 4254 docti
1054 4209 1096 4254 viri
1114 4216 1281 4267 congesserunt
1299 4207 1329 4252 sd
1349 4208 1454 4265 proben-

206 4271 268 4318 nene
283 4271 471 4318 smendstlonesn
482 4269 561 4330 sliqus
572 4269 702 4316 etissnnum
713 4269 812 4322 difficul-
846 4273 902 4317 dum
913 4279 975 4318 recte
987 4270 1016 4318 sb
1027 4273 1087 4332 qued
1103 4271 1164 4318 intes
1181 4271 1228 4316 duo
1240 4272 1309 4316 verbs
1327 4270 1396 4316 linits
1407 4272 1454 4316 diti

207 4341 242 4380 tes
257 4345 369 4381 ιιιιιιιιιι.
403 4337 506 4396 Appsret
524 4333 589 4380 enim
604 4347 632 4380 er
648 4349 667 4380 c.
683 4333 813 4392 imsuper,
845 4347 919 4394 posse.
953 4333 979 4382 si
991 4337 1028 4382 cui
1046 4345 1124 4382 temen
1141 4333 1185 4380 boc
1197 4333 1348 4393 displicueris,
1366 4335 1456 4393 potesis

207 4405 231 4443 et
242 4411 271 4444 es
283 4413 302 4444 c.
313 4397 353 4452 36,
365 4397 380 4445 l.
393 4397 530 4446 xxxvut.
540 4398 588 4444 lmo
598 4405 621 4442 et
632 4411 662 4442 ex
674 4397 738 4444 omni
752 4405 813 4444 retro
845 4413 886 4458 per
904 4399 978 4444 lesem
996 4399 1149 4446 mutetiouem
1167 4397 1259 4456 legere:
1278 4393 1373 4457 Referre
1389 4399 1455 4445 sede

206 4459 276 4519 hujus
288 4462 386 4508 decedos
398 4461 504 4517 historin,
516 4461 574 4508 dues
586 4469 677 4508 tentum
688 4461 713 4506 in
727 4459 813 4522 llisps·¹
845 4477 870 4508 ss
881 4463 940 4508 dicit
951 4464 1017 4522 quest.

223 4523 246 4568 *s
257 4523 360 4582 legiones
377 4525 456 4580 luisse,
468 4539 515 4571 non
535 4533 641 4585 qustucr.
675 4523 722 4572 Sed
741 4523 811 4569 nimi-
