3108 4982
496 323 583 388 ma.
607 324 679 388 xn.
710 323 806 390 car.
827 325 926 391 vin.
1333 295 1418 398 251⁴

142 475 268 540 Omnes
292 493 326 536 se
347 471 393 534 ire
413 469 662 568 conclamarunt,
676 478 792 556 praeter
813 491 879 550 eos,
893 472 949 555 qui
965 473 1171 558 speculatoris
1192 475 1232 540 ab
1247 495 1312 542 uc.
1324 496 1380 551 cro.
1431 547 1435 554 ,

142 553 1023 724 tetltipffiitffltltlltltlnttlt
1035 579 1232 708 &tritt
1246 560 1310 608 Μ’
1326 559 1379 608 ¹⁸²

141 750 207 812 qua
229 726 278 790 vis
299 726 399 803 fieret,
420 733 562 808 possent.
606 723 696 786 Nihil
718 723 834 788 occulti
853 745 922 788 esse
943 723 977 788 in
997 725 1148 790 intestina
1167 689 1232 792 dis-

142 811 251 876 cordia
269 817 386 896 potest.
412 817 546 892 uuaque
572 807 686 904 domus
712 808 946 892 speculatorum
972 817 1005 874 et
1033 811 1231 895 proditorum

142 896 239 982 plena
252 903 328 959 erat.
373 893 394 926 ¹⁷
408 892 726 956 Praecucurritrndex
750 892 791 956 ed
813 893 936 972 Persea,
950 894 1032 958 ferro
1048 895 1230 960 subcinctos

143 979 299 1044 nuncians
322 999 397 1042 cum
428 975 592 1042 Demetrio
618 983 755 1060 quatuor
783 976 997 1042 adolescentes
1025 979 1141 1044 venire.
1169 981 1230 1044 etsi

142 1085 256 1129 caussa
277 1063 460 1148 adparebat,
489 1061 574 1142 (uam
603 1061 643 1124 ab
681 1061 719 1124 iis
742 1061 906 1146 pulsatum
942 1063 1106 1128 convivam
1134 1086 1229 1130 suum

142 1147 296 1230 audierat)
308 1156 426 1226 tamen,
440 1145 630 1210 infamandae
639 1145 685 1208 rei
694 1166 817 1223 caussa,
826 1145 958 1230 januam
967 1148 1105 1212 obserari
1114 1149 1227 1235 jubete

141 1243 237 1298 etex
264 1239 355 1318 parte
379 1230 539 1316 superiore
569 1229 697 1308 aedium,
711 1229 873 1314 versisque
902 1229 936 1294 in
963 1233 1047 1296 viam
1072 1234 1228 1312 fenestris,
1242 1239 1338 1288 rema

140 1317 371 1394 comissatores,
385 1324 546 1398 tamquam
560 1315 601 1378 ad
615 1315 735 1379 ceedem
743 1335 834 1378 suam
847 1315 1019 1396 venientes,
1028 1318 1116 1382 aditu
1127 1317 1228 1382 'anuae
1241 1301 1335 1378 inirem

140 1410 236 1466 arcet.
280 1399 473 1478 Demetrius,
488 1421 545 1498 per
561 1399 682 1478 dnum,
705 1399 792 1483 quod
815 1399 1044 1480 excluderetur,
1057 1423 1100 1486 pa
1147 1369 1392 1488 ,perppppjmua

141 1485 342 1562 vociferatus,
356 1484 391 1548 in
406 1483 585 1548 convivium
599 1483 692 1562 redit,
706 1483 805 1548 totius
819 1484 864 1548 rei
879 1483 1017 1568 ignarus.

185 1569 283 1632 Vlll.
325 1569 455 1632 Postero
480 1568 530 1632 die
555 1569 699 1646 Perseus,
724 1567 837 1652 quam¹
859 1569 999 1653 primum
1023 1570 1229 1636 conveniendi

142 1661 284 1738 potestas
310 1653 408 1738 patris
431 1653 502 1730 fuit,
526 1651 644 1738 regiam
668 1653 840 1738 ingressus,
866 1654 1049 1738 perturbato
1073 1655 1165 1719 vultu
1194 1655 1229 1720 iu

140 1737 430 1886 curam
561 1829 996 1888 „i

141 1906 162 1940 ¹⁹
171 1909 220 1970 De
232 1909 318 1972 lucro
333 1907 398 1986 tibi,
413 1842 696 1990 iiiiiiimvtverenae
705 1908 792 1970 scito.
808 1908 878 1987 jam
892 1845 1229 1990 minocirdltgiirdfioulii
1241 1888 1339 2013 2222&

132 1993 271 2074 petimur
285 1991 415 2056 insidiis.
457 1991 557 2054 Nocte
570 2011 638 2054 cam
652 1992 782 2054 cremiis
796 1993 916 2055 mam
930 1993 974 2056 ad
990 1994 1229 2074 interficiendam

138 2097 187 2140 nie
199 2078 300 2139 verrit:
324 2077 491 2156 rhenoque
497 2074 630 2156 scriba,
639 2077 796 2156 parietum
802 2077 948 2157 proditio
961 2097 1008 2142 aie
1016 2077 1152 2158 osurore
1166 2079 1230 2158 due

139 2180 208 2223 aum
222 2167 348 2224 tutatio.
390 2159 501 2226 Quum
527 2180 677 2244 pavorem
700 2159 837 2222 mixtum
857 2159 1063 2224 admiratione
1080 2162 1163 2245 patri
1180 2162 1230 2224 in-

133 2243 278 2328 jecisset,
291 2245 437 2326 Atprei,ei
460 2265 552 2308 aurea
570 2244 709 2326 prebere
717 2249 818 2324 putea,
832 2242 947 2326 inquit,
959 2244 1151 2326 mma'satom
1164 2265 1230 2308 rem

138 2335 254 2406 teneas,
274 2328 403 2410 facicm.
446 2331 611 2392 Enimvero
639 2348 682 2404 ee,
713 2327 881 2412 Philippus
910 2327 1022 2406 dicere,
1045 2329 1230 2408 ceddam

137 2413 306 2497 vocarique
321 2413 479 2498 extemplo
494 2412 695 2476 Demetrium
705 2411 823 2496 jussit:
847 2419 880 2476 et
895 2411 1032 2476 seniores
1051 2413 1132 2477 duos
1153 2413 1230 2478 ami-

138 2519 195 2560 cos
204 2495 227 2576 ¹,
241 2497 401 2583 expertes¹
416 2498 499 2562 inter
520 2497 633 2561 fratres
647 2495 866 2576 certaminum,
881 2496 1096 2581 infrequentes
1112 2497 1180 2583 jam
1195 2497 1229 2562 in

199 2581 206 2594 '
252 2581 478 2667 Lysimachum
495 2589 529 2646 et
544 2581 760 2646 Onomastum
781 2581 921 2660 arcessit,
936 2603 1016 2666 quos
1040 2582 1074 2646 in
1098 2582 1230 2646 consilio

239 2675 279 2730 et.
322 2667 412 2732 Dum
426 2667 559 2730 veniunt
573 2665 675 2745 amici,
687 2665 784 2744 solus,
798 2665 863 2730 filio
874 2667 987 2752 procul
1000 2675 1114 2746 stante,
1130 2667 1231 2732 multa

138 2771 247 2814 secum
268 2751 374 2816 animo
398 2751 556 2830 volutans,
579 2751 798 2816 inambulavit
839 2761 1010 2836 postquam
1032 2753 1154 2816 venisse
1175 2773 1230 2816 eos

137 2835 325 2900 nunciatum
354 2845 414 2915 est,
443 2835 572 2900 secessit
597 2836 632 2900 in
653 2844 777 2920 partem
803 2835 984 2900 interiorem
1008 2859 1081 2900 curn
1103 2838 1230 2902 duobus

136 2919 257 2999 aniicis,
272 2921 406 2985 totidem
427 2920 614 2984 custodibus
628 2919 787 3005 corporis:
810 2919 894 2998 filiis,
909 2929 946 2983 ut
965 2929 1072 2984 ternos
1095 2921 1230 2984 inermes

137 3025 247 3068 secum
260 3004 508 3084 introducerent,
523 3005 677 3090 permisit.
715 3004 765 3068 lbi
780 3025 880 3087 quum
896 3005 1107 3068 consedisset:
1125 3006 1230 3082 Sedeo,
1245 3005 1345 3066 Philias*

136 3089 254 3174 inquit,
274 3091 463 3154 miserim
479 3097 583 3172 puter,
598 3091 699 3172 judea
722 3091 804 3152 inter
817 3089 893 3152 daos
906 3087 1002 3169 filios,
1026 3095 1231 3152 wnoeotorcm
1242 3069 1323 3118 Μ·

131 3175 311 3256 parricidii,
332 3181 363 3240 et
386 3195 492 3250 ream,·
515 3182 569 3240 sat
589 3175 720 3256 conficti,
743 3179 798 3237 out
822 3173 949 3236 armani
973 3175 1110 3237 mimicos
1135 3173 1231 3236 todem

137 3259 223 3340 opud
249 3279 330 3324 areos
356 3262 542 3326 martam.
584 3261 657 3324 Jam
676 3259 800 3342 pridem
822 3259 943 3340 quiden
966 3261 1045 3322 lanc
1063 3259 1231 3340 procellam

136 3345 332 3408 inminenter
352 3346 504 3424 timebun,
519 3365 610 3428 quaem
632 3347 733 3408 outae
756 3345 839 3408 inter
860 3363 914 3407 voe
936 3345 1059 3408 minime
1070 3342 1232 3424 srotemm

133 3617 234 3678 paese.
263 3599 356 3662 etiam
370 3561 479 3678 Malea,
493 3601 589 3662 orinia
597 3600 719 3680 peritia
725 3596 830 3679 fredus
845 3533 989 3675 iiisepisit
997 3532 1231 3678 priam

137 3687 239 3746 torum
248 3683 418 3748 &matam
425 3683 546 3765 firiitns.
570 3682 833 3747 mbitaramoobir
843 3681 1006 3762 otmnoado
1017 3683 1231 3763 quaeritate

235 3821 244 3860 ¹
254 3843 322 3889 quiin
333 3827 407 3874 Gran
421 3827 488 3875 Cres.
502 3827 596 3888 Kieyu.
610 3827 687 3874 Belik.
880 3819 895 3858 ἱ
906 3828 987 3873 miror
995 3825 1050 3874 deor
1059 3825 1135 3874 near.

492 3885 500 3924 ¹
510 3893 564 3939 add.
570 3891 712 3953 juvenaltam
721 3889 816 3950 Kreyn.
829 3888 906 3936 Belik.

172 4025 202 4080 17
220 4028 376 4075 staewcsrrlt
385 4029 453 4076 iader
465 4062 471 4076 .
484 4062 491 4074 .
504 4063 509 4074 .
522 4025 643 4090 suadens]
662 4029 755 4076 Postre-
819 4027 849 4076 ta
866 4027 901 4076 De
912 4029 973 4075 lacre
985 4029 1027 4074 titi
1038 4061 1044 4074 .
1054 4061 1074 4075 ..
1085 4031 1158 4075 aiom
1166 4041 1200 4074 eie
1208 4019 1274 4085 reite]
1293 4023 1395 4082 Egregia

138 4105 202 4136 mam
221 4103 302 4137 vocem
333 4093 469 4152 adJecerunt
491 4093 567 4152 ignari
589 4093 660 4139 moris
684 4093 753 4144 Livii.
786 4091 875 4150 Sigonil
887 4093 1027 4148 emendatio,
1039 4107 1112 4152 quum
1123 4093 1148 4137 in
1164 4090 1228 4136 libris
1240 4091 1356 4147 legeretur
1366 4087 1395 4134 de

139 4155 326 4201 llamdelernus.
360 4157 709 4204 Sollicitenlmnomeniadea.
786 4155 880 4210 ludicro,
900 4169 994 4215 prorsus
1011 4155 1098 4216 inepte.
1130 4155 1167 4202 De
1185 4155 1247 4199 lacre
1268 4151 1341 4197 rivere
1360 4157 1396 4196 est

172 4217 203 4264 lc
221 4219 265 4264 Cei
282 4235 350 4280 qaeu
362 4227 441 4343 pape,
460 4221 533 4267 Sattn'
553 4221 642 4267 calu!
664 4227 687 4267 et
785 4219 860 4279 ipsam
878 4219 950 4266 vitam
969 4219 992 4265 ln
1012 4219 1077 4265 luero
1096 4231 1195 4280 ponem
1220 4216 1253 4261 sic
1272 4213 1356 4268 vivere,
1369 4221 1396 4258 ut

420 4297 451 4329 ox

137 4283 293 4343 interrogaret
309 4297 359 4329 enai
462 4285 588 4330 cunibert
600 4286 630 4329 ab
642 4299 689 4330 uno
702 4283 752 4332 its,
786 4283 861 4330 omnis
869 4281 1010 4339 dies,omnis
1021 4283 1086 4338 hora,
1098 4289 1193 4341 propter
1204 4279 1321 4324 inminens
1333 4277 1396 4336 peri·

138 4345 208 4392 lllam
228 4347 291 4392 delet
311 4346 452 4402 Gronovius,
470 4356 494 4392 et
518 4361 646 4407 pronomen
666 4349 710 4404 cai,
728 4355 755 4395 ut
786 4347 1094 4406 culum,lucrodeputetur.
1127 4343 1164 4388 ste
1182 4343 1271 4396 Cicero,
1282 4340 1312 4386 ad
1330 4339 1395 4386 Pam.

137 4407 189 4454 hnc
202 4409 297 4455 nitidior
309 4423 366 4456 eane
375 4410 443 4456 lectio
451 4411 551 4457 existat:
569 4443 576 4456 .
588 4444 594 4456 .
607 4413 690 4458 tacitas
699 4427 753 4472 pro-
786 4411 802 4456 l.
815 4411 856 4456 lx.
869 4424 906 4470 ep.
921 4409 957 4464 17,
970 4411 1005 4456 Da
1017 4411 1079 4454 luero
1087 4404 1214 4466 propejan
1225 4405 1396 4466 quadriennium

137 4474 177 4518 eat
184 4475 293 4520 emittit.
308 4474 381 4524 aaa„
389 4475 643 4533 paenitendum!
654 4481 753 4536 Μυ-
786 4476 886 4528 ricimer,
899 4476 920 4518 ri
937 4479 977 4518 aet
996 4473 1036 4518 lior
1055 4473 1140 4516 lacrum
1158 4475 1200 4526 ert,
1218 4475 1259 4517 aut
1276 4469 1324 4515 lac
1342 4469 1396 4524 rita,

137 4549 191 4582 ια
198 4551 227 4584 ω
237 4539 345 4584 ustitia
352 4539 432 4584 esset!
448 4540 614 4600 isunnam,-
632 4539 668 4586 Dc
680 4539 747 4586 iecra
786 4539 927 4597 superstitem
939 4535 1067 4596 reipattr‘eae
1078 4533 1157 4580 ecoe.
