3098 4958
187 297 252 362 422
782 285 874 350 'l’l'l'l
898 285 1013 350 LIVII

189 461 218 508 υ.
231 459 323 508 casa
351 447 451 518 erant,
476 437 693 503 adnomen.
737 436 789 500 lta
814 457 873 500 suo
897 435 966 520 ipse
988 441 1104 498 conatu
1125 433 1293 520 perculsus
1314 441 1446 520 praetor,

188 525 256 572 bc*
271 523 322 572 ¹⁶²
352 524 478 610 segnior
502 523 544 586 ad
566 522 627 586 alia
650 523 752 585 lactus
776 521 908 584 consilia
929 527 1016 582 erate
1037 527 1072 581 et
1094 541 1134 582 ne
1149 519 1446 617 Eumeninquidem,

352 608 448 673 simul
461 629 481 672 a
494 607 584 685 mari,
599 605 694 670 simul
708 627 728 670 a
740 613 824 669 terra
837 603 1043 690 adgredienti,
1057 603 1231 687 quidqu
1241 613 1320 666 saus
1359 625 1447 667 roce-

351 693 456 757 debat.
487 691 609 756 Placuit
623 691 722 776 igitur
733 690 871 774 utrique,
885 689 1038 752 custodiis
1053 688 1196 766 firmatis,
1207 709 1248 751 ne
1263 709 1308 771 qu
1365 710 1447 773 prae-

352 777 469 842 sidium
494 799 533 840 ex
558 774 756 876 Macedonia·
772 773 941 872 intromitti
963 781 1081 858 posset,
1095 772 1244 856 quoniam
1265 772 1315 836 vis
1335 783 1449 856 aperta

351 869 654 1024 bbbspbigesdbsddm
671 858 1047 1029 ffibsspnffitpmffp
1096 878 1188 1004 obiecit
1211 857 1303 1004 cliiiic
1311 879 1449 1006 dldlercalii

353 1030 520 1096 Gallorum
544 1029 749 1093 auxiliaribus
770 1027 870 1106 missi,
892 1049 993 1111 quum
1015 1027 1049 1089 in
1071 1025 1138 1090 salo
1155 1033 1275 1088 stantes
1299 1026 1449 1090 hostium

352 1136 448 1179 naves
477 1114 736 1202 conspexissent3
767 1111 840 1211 ipsi,
865 1113 1000 1176 obscura
1025 1119 1129 1188 nocte,
1156 1110 1215 1173 sim
1238 1109 1291 1172 lici
1321 1111 1449 1190 ordine,

352 1221 449 1284 quam
459 1207 607 1284 poterant
639 1197 758 1264 roxime
771 1197 847 1261 htus
856 1204 1011 1275 tenentes,
1019 1195 1227 1258 intranmtur
1265 1216 1309 1257 m.
1335 1195 1449 1280 Hujus

352 1285 427 1349 novi
448 1283 589 1369 praesidii
679 1283 870 1347 aabsistere
893 1279 1130 1366 obpugnatione
1156 1279 1251 1341 simul
1280 1279 1449 1344 Romanos

353 1363 1449 1534 ttttut‘tttssttfflstloelttffttttt‘tltffltti

352 1539 456 1604 auu
470 1476 595 1602 desedi
609 1558 706 1602 manu
720 1471 1019 1612 animandorum,
1034 1471 1122 1597 rullo
1143 1533 1271 1618 incepto
1284 1495 1448 1597 nalem

352 1624 444 1686 adem
470 1629 595 1706 petunt.
654 1619 705 1684 Ibi
728 1641 828 1704 quum
859 1619 900 1682 ad
924 1619 1151 1704 ropinquantea
1178 1618 1299 1702 repleta
1326 1619 1448 1682 moenia

351 1705 480 1770 armatis
494 1705 657 1784 vidissent,
671 1703 869 1789 praetervecti
946 1703 1055 1767 Iolcon
1076 1703 1209 1766 classem
1230 1701 1448 1787 adpulenmt3

351 1789 435 1868 inde,
541 1797 675 1867 vastato,
691 1787 928 1852 Demetriadem
942 1809 1070 1873 qunque
1084 1787 1273 1873 adgressuri.

395 1875 463 1937 XII
486 1919 494 1937 .
517 1873 607 1936 Inter
630 1874 700 1937 haec
721 1880 754 1936 et
775 1873 897 1952 consul,
918 1895 959 1938 ne
984 1872 1089 1958 segnis
1116 1871 1238 1936 sederet
1260 1879 1389 1936 tantum
1414 1874 1448 1938 in

449 1958 583 2037 hostico,
599 1957 648 2024 M.
665 1958 835 2044 Popillium
849 1979 923 2022 cum
942 1958 1083 2044 quinque
1096 1957 1236 2021 millibus
1250 1957 1391 2022 militum
1406 1961 1448 2022 sd

351 1979 537 2108 llliiboeam
552 2043 664 2108 cubem
679 2043 926 2129 obpugnandam
941 2042 1049 2107 mittit.
1092 2041 1161 2108 Sita
1174 2041 1270 2106 estin
1284 2043 1448 2108 radicibus

352 2127 447 2192 Ossae
463 2128 593 2208 montis,
609 2149 673 2212 qua
690 2137 780 2214 parte
801 2129 836 2191 in
849 2127 1045 2192 ‘l'hessaliam
1058 2127 1170 2212 vergit,
1192 2135 1374 2276 opportune
1397 2129 1448 2192 in-

351 2213 477 2278 minens
492 2236 588 2300 super
602 2214 847 2278 Demetriadem.
891 2213 1018 2276 Primus
1034 2213 1189 2278 adventus
1235 2212 1355 2276 ostium
1375 2235 1449 2300 per-

351 2299 431 2362 culit
440 2299 559 2362 incolas
567 2299 646 2363 loci:
662 2298 813 2362 conlectis
823 2297 936 2362 deinde
947 2319 987 2361 ex
998 2298 1186 2382 necopinato
1195 2319 1311 2382 pavore
1321 2300 1449 2378 animis,

352 2383 536 2448 discurrunt
559 2383 671 2447 armati
694 2383 735 2447 ad
756 2392 864 2468 portas
888 2403 925 2446 ao
944 2383 1070 2461 moenia,
1092 2403 1156 2467 qua
1176 2383 1318 2468 suspecti
1339 2385 1449 2448 aditus

351 2477 467 2614 gitatdri
477 2489 629 2614 apeptrque
644 2469 803 2614 extprpplo
818 2467 1007 2616 ipciderunp),
1022 2468 1092 2552 capi
1103 2467 1206 2615 pirimo
1218 2468 1331 2616 inpetu
1340 2491 1448 2618 poss:

353 2573 1448 2734 Persslcuo,lgluuubrpd1idlisbell,r'dimllilefflelibllllmgrbaabbbsmulidrdxceoenbitu

351 2719 540 2803 obpugnan,
562 2719 656 2782 simul
677 2719 810 2784 classem
836 2721 915 2786 Iolci
933 2731 1027 2800 stare,
1047 2729 1086 2786 ut
1109 2721 1184 2786 inde
1209 2723 1448 2788 Demetriadem

351 2803 586 2888 adgrederetur,
608 2805 660 2868 Eu
684 2805 852 2868 brunonem
875 2807 1045 2890 quemdam
1070 2827 1109 2870 ex
1133 2806 1269 2870 ducibus
1292 2829 1369 2871 cum
1393 2809 1449 2874 de-

351 2888 441 2954 lectis
465 2889 591 2954 duobus
649 2889 656 2904 '
683 2889 754 2952 'bus
778 2889 963 2954 Meliboeam
985 2891 1094 2955 mittit.
1129 2891 1231 2955 eidem
1244 2892 1448 2978 imperatum,

352 2983 400 3054 ut,
416 2974 442 3038 si
456 2997 475 3038 a
491 2975 643 3041 Meliboea
667 2974 878 3040 submovisset
903 2976 1074 3055 Romanos,
1097 2977 1333 3040 Demetriadem
1357 2981 1448 3063 prius

353 3060 478 3125 occulto
493 3061 604 3126 itinere
619 3061 761 3139 intraret,
775 3082 871 3144 quam
886 3061 926 3124 ab
943 3061 1030 3124 lolco
1044 3060 1084 3123 ad
1099 3061 1211 3124 urbem
1226 3071 1329 3125 castra
1340 3085 1449 3127 more·

352 3154 425 3209 rent
455 3147 600 3210 Romani.
643 3147 688 3208 Et
716 3146 756 3210 ab
786 3145 1059 3230 obpugnatoribus
1088 3145 1259 3224 Meliboeae,
1283 3169 1386 3232 quum
1415 3150 1448 3212 in

353 3231 569 3326 superioribus
584 3229 661 3293 locis
675 3238 804 3327 repente
819 3229 1026 3328 adparuisset,
1042 3253 1115 3294 cum
1125 3239 1176 3329 tre·
1197 3232 1335 3296 idatione
1346 3233 1450 3298 multa

352 3314 994 3494 tlms⁰tsstttsstalttsslltt
1014 3317 1188 3479 bdellii,
1211 3317 1449 3466 nimii?

352 3480 511 3565 extemplo
525 3481 623 3545 ducrt.
648 3503 707 3546 nec
721 3489 791 3546 tum
806 3485 923 3548 moenia
936 3485 1041 3563 modo,
1055 3485 1111 3548 sed
1125 3507 1217 3570 agros
1230 3487 1326 3550 etiam
1341 3487 1362 3520 '⁴
1372 3510 1449 3552 con-

352 3565 492 3630 fideremt
517 3587 551 3630 se
574 3587 593 3630 a
614 3567 875 3666 populationibus
899 3569 1121 3668 tueriposaez
1143 3579 1176 3670 et
1203 3592 1259 3634 eru
1283 3572 1388 3635 tiones
1416 3573 1449 3636 in

351 3651 1073 3823 illicodmlllbldllilattddidnnriibbldesddlnbrdaellbdr
1086 3656 1227 3818 bisidxl?
1240 3667 1340 3804 sitrirb
1359 3667 1450 3808 bibis

351 3821 614 3904 contemplantes,
636 3823 662 3885 si
678 3843 741 3906 qua
754 3831 844 3907 parte
858 3831 979 3886 tentme
999 3833 1055 3888 aut
1072 3847 1166 3910 opere
1189 3833 1245 3888 aut
1258 3825 1290 3888 vi
1304 3837 1451 3910 possent.

353 3905 450 3968 Fama
464 3905 535 3983 fuit,
558 3927 615 3990 per
631 3906 652 3940 ²⁸
663 3907 863 3992 Cydantem·
883 3907 1069 3972 Cretensem
1083 3919 1115 3972 et
1129 3910 1369 3990 Antimachum,
1394 3913 1452 3996 qui

352 3990 547 4054 Demetriadi
561 3999 706 4088 praeerat,
721 3999 869 4056 tractatas
883 3991 965 4072 inter
979 3993 1158 4058 Eumenem
1180 4003 1212 4058 et
1236 3995 1351 4060 Persea
1373 4018 1452 4062 oon·

351 4075 487 4138 ditiones
509 4075 665 4138 amrcitiae.
701 4075 741 4140 ab
763 4077 964 4140 Demetriade
979 4087 1064 4141 certe
1078 4079 1261 4142 abscessum
1276 4087 1335 4143 est.
1381 4081 1452 4144 Eu·

352 4181 460 4224 menes
474 4160 515 4223 ad
529 4159 692 4222 consulem
707 4161 853 4246 navigat:
868 4162 1056 4246 gratulatus,
1072 4163 1158 4248 quod
1172 4185 1324 4250 prospere
1339 4165 1452 4230 Mace-

762 4301 773 4332 ⁸
787 4299 872 4360 Cydara
885 4299 953 4344 Crev.

219 4411 249 4462 ⁷⁴
267 4407 280 4436 ⁹
295 4408 451 4470 confiderent]
475 4412 580 4456 Observa
602 4425 685 4468 parum
708 4411 805 4458 amerino
869 4412 900 4466 75
919 4409 1019 4472 Cydan]
1037 4413 1075 4460 Sic
1088 4412 1205 4472 Sigonius.
1224 4413 1301 4460 Antea
1315 4415 1450 4475 Cydantem.

187 4474 298 4518 usitatum
310 4476 415 4530 verbum,
427 4489 470 4535 pro
481 4476 557 4533 confisi
567 4481 628 4521 esst.
