3108 4982
478 337 567 404 ala.
590 337 758 404 XXXIX.
789 339 886 405 CAP.
907 343 947 406 L.
1317 349 1380 412 23⁷

123 489 279 567 aiebatur,
286 487 407 553 viribus
416 487 589 552 admodum
604 487 792 552 adtenumia
812 479 972 574 jacentem
986 491 1094 555 hostes
1105 511 1216 578 super·
1230 511 1258 559 u.
1269 513 1295 559 c.
1308 513 1363 570 sao.

122 575 187 638 fusi
200 574 448 658 obpresserunt:
471 573 698 658 cognitumque
711 573 851 658 primurn
865 595 884 637 a
897 576 1085 639 verecundia
1097 598 1216 641 memo-
1229 577 1258 622 Α·
1268 577 1295 623 ⁰·
1309 577 1362 624 ¹⁸³

122 659 234 742 risque
246 657 444 734 meritorum,
458 657 546 719 baud
567 677 658 720 secus
680 679 777 741 quam
799 659 913 722 ducem
937 680 1042 738 suum,
1058 659 1216 726 adtollunt

123 743 346 826 reficiuntque,
361 750 393 804 et
407 762 447 804 ex
459 741 539 804 valle
554 741 644 804 devia
657 741 691 804 in
703 742 786 805 viam
800 751 940 828 portant,
950 744 1003 808 vir
1017 744 1143 810 sibimet
1153 745 1215 830 ipsi

124 849 193 912 prae
217 827 407 911 necopinato
430 826 546 910 gaudio
570 826 753 904 credentes3
798 847 848 890 ars
870 828 1003 892 nuncios
1028 829 1215 892 Messenen¹

124 911 337 996 premittunt,
376 909 568 973 debellatum
602 931 682 987 esse,
718 911 777 974 ”P
802 912 1021 996 'opoemenem
1054 923 1215 998 captum¹¹²

125 995 250 1060 adduci.
295 995 440 1058 Primum
461 995 540 1058 adeo
561 994 753 1058 incredibilis
765 995 833 1058 visa
853 1017 913 1074 res,
928 1004 1044 1060 utnon
1059 1020 1118 1083 pro
1132 1021 1214 1062 vano

125 1080 231 1158 modo,
246 1080 304 1143 sed
316 1079 370 1142 vix
384 1099 442 1163 pro
461 1099 539 1141 sano
562 1078 698 1142 nuncius
721 1079 892 1144 audiretur.
916 1081 1038 1160 deinde,
1062 1091 1100 1145 ut
1118 1104 1215 1168 super

124 1165 223 1228 alium
246 1163 327 1228 alius
348 1163 433 1226 idem
455 1184 565 1229 omues
580 1163 782 1227 adfirmantes
796 1165 974 1243 veniebant,
989 1167 1117 1230 tandem
1132 1169 1214 1232 facta

124 1249 225 1327 fides3
256 1256 300 1326 et,
322 1247 509 1332 priusquam
532 1247 630 1331 adpro
654 1247 784 1345 inquere
812 1249 884 1312 urbi
913 1250 989 1312 satis
1018 1251 1143 1330 scirent,
1172 1253 1214 1316 ad

124 1332 343 1418 spectaculum
364 1352 485 1409 omnes,
498 1331 593 1394 simul
615 1331 637 1394 b'
678 1353 705 1394 rr
720 1353 756 1394 ac
770 1333 862 1410 servi,
876 1333 967 1417 pueri
991 1355 1116 1419 quoque
1139 1359 1213 1400 cum

124 1419 261 1496 seminis,
275 1415 494 1480 effunduntur.
523 1415 629 1499 itaque
644 1416 822 1480 clauserant
835 1425 961 1515 portam
975 1419 1089 1498 turbae,
1104 1420 1124 1452 '²
1134 1421 1212 1484 dnm

124 1523 185 1586 pro
200 1501 392 1585 aequisque,
407 1499 469 1563 nisi
483 1499 552 1584 ipse
567 1500 666 1564 oculis
681 1501 748 1564 suis
763 1501 956 1580 credidisset,
972 1503 1024 1567 vix
1045 1525 1104 1588 pro
1127 1526 1213 1568 com·

125 1595 219 1670 perta
231 1595 351 1648 tantam
374 1607 442 1648 rem
467 1585 634 1648 habiturus
651 1585 820 1651 videretur.
863 1588 962 1671 AEgre
988 1588 1212 1653 submoventes

125 1671 237 1734 obvios
251 1671 365 1734 intrare
379 1677 515 1754 portam,
529 1669 585 1753 qui
607 1670 807 1735 adducebant
823 1671 1102 1756 Philopoemenem,
1117 1681 1212 1758 potu-

124 1763 228 1829 erunt,
245 1763 340 1838 atque
349 1765 365 1794 ¹²
383 1753 477 1818 turbs
491 1754 632 1817 conferta
646 1755 706 1818 iter
719 1755 876 1839 reliquum
885 1757 1049 1838 clauserat,
1058 1766 1101 1838 et,
1112 1781 1212 1843 quum

122 1861 199 1926 pars
219 1839 358 1904 maxima
372 1838 500 1902 exclusa
523 1859 543 1901 a
567 1839 747 1923 spectaculo
769 1849 862 1919 esset,
883 1843 1043 1906 theatrum
1072 1853 1212 1930 repente,

122 1925 210 2008 quod
230 1926 291 1988 viae
313 1945 372 2010 pro
397 1923 531 2007 inquum
555 1931 632 2003 erat,
656 1925 905 2009 compleverunt,
918 1935 960 2006 et,
976 1936 1014 1990 ut
1028 1949 1064 1992 eo
1084 1929 1118 1992 in
1136 1951 1212 1992 con-

122 2019 270 2094 spectum
292 2031 358 2094 pop
395 2009 401 2022 '
425 2008 643 2086 adduceretur,
668 2031 733 2072 una
752 2031 829 2072 vooe
853 2031 963 2074 omnes
987 2015 1210 2110 exposcebant.

122 2095 336 2178 Magistratus
349 2101 382 2157 et
395 2093 497 2178 princi
521 2113 565 2171 es,
580 2093 681 2172 veriti,
696 2115 736 2156 ne
750 2115 845 2176 quem
859 2104 983 2159 motum
997 2097 1211 2162 misericordia

121 2178 295 2263 praesentis
315 2178 395 2240 tanti
414 2177 473 2241 viri
492 2115 618 2256 diceret,
633 2199 734 2262 quum
757 2177 834 2242 alios
855 2180 1045 2242 verecundia
1067 2182 1211 2264 pristinae

121 2261 300 2347 majestatis
310 2261 430 2326 conlata
438 2263 588 2348 praesenti
599 2263 747 2340 fortunar,
759 2261 836 2325 alios
850 2263 1023 2326 recordatio
1034 2264 1212 2348 ingentium

120 2348 311 2412 meritorum
325 2355 448 2410 motura
460 2355 554 2424 esset,
568 2347 681 2431 procul
694 2346 728 2408 in
743 2354 916 2430 conspectu
932 2367 1005 2410 eum
1020 2355 1211 2415 statuerunt.

121 2432 238 2496 deinde
248 2431 365 2517 raptim
374 2453 413 2495 ex
427 2431 527 2496 oculis
540 2431 707 2495 hominum
718 2431 950 2510 abstraxerunt,
987 2441 1098 2496 raetore
1110 2434 1211 2498 Dino-

123 2521 209 2580 crate
223 2517 356 2596 dicente,
369 2537 448 2594 esse,
463 2538 535 2600 quae
540 2516 738 2664 pertinentia
750 2516 792 2579 ad
805 2454 1048 2581 summamirelli
1058 2540 1211 2603 percunc-

123 2601 186 2664 tari
200 2623 274 2664 eum
286 2601 487 2686 magistratus
501 2623 539 2665 ve
563 2609 629 2666 ent.
672 2601 692 2634 ⁸⁸
705 2602 808 2665 lude⁰
822 2603 959 2668 abducto
979 2625 1017 2668 eo
1031 2604 1065 2668 in
1081 2604 1210 2684 curiam,

123 2693 158 2748 et
172 2693 283 2750 senatu
297 2695 419 2765 vocato,
432 2685 605 2750 consultari
620 2695 771 2772 coaptum.

165 2771 204 2834 L.
225 2770 300 2835 Jam
322 2771 605 2856 invesperascebat,
631 2779 664 2834 et
688 2793 753 2835 non
776 2772 871 2836 modo
896 2781 1009 2853 cetera,
1035 2776 1092 2838 sed
1114 2771 1317 2839 nein1¹¹³¹¹t

144 2855 298 2920 mximam
311 2855 441 2940 quidem
460 2864 587 2920 noctem
601 2855 658 2920 ubi
680 2857 756 2919 satis
778 2865 850 2920 tuto
874 2860 1095 2938 custodiretur,
1115 2881 1153 2922 ex
1222 2843 1354 2944 meum

120 2877 260 3005 diebant.
305 2941 549 3026 obstupuerant
562 2941 604 3004 ad
623 2941 877 3026 magnitudinem
897 2943 1039 3025 pristinae
1063 2945 1131 3040 ejus
1159 2965 1209 3006 or·
1222 2960 1363 3007 remittitur.

119 3033 210 3088 tunae
223 3025 432 3110 virtutisquer
448 3033 480 3089 et
494 3047 598 3110 neque
607 3025 669 3110 ipsi
678 3025 809 3088 domum
820 3025 957 3108 recipere
966 3026 1211 3090 custodiendum

119 3109 291 3188 audebant,
310 3131 370 3174 nec
393 3110 542 3194 cuiquam
559 3109 617 3174 uni
641 3109 817 3173 custodiam
842 3109 911 3194 ejus
932 3109 1008 3172 satis
1031 3111 1209 3174 credebant.

118 3194 305 3258 Admoneat
318 3194 432 3258 deinde
442 3195 581 3278 quidam,
593 3215 661 3258 esse
672 3195 857 3258 thesaurum
871 3193 1035 3278 publicum
1047 3195 1210 3276 subterra,

8 3319 10 3328 ν
119 3279 358 3362 saxoquadrato
368 3288 505 3364 septum.
521 3279 694 3344 eovinctus
706 3280 893 3357 demittitur,
904 3289 936 3342 et
947 3279 1210 3366 '⁰saxumingens,

118 3384 184 3446 quo
211 3363 363 3448 operitur,
385 3364 533 3428 machina
554 3364 826 3449 superinpositum
850 3372 907 3428 est.
929 3365 975 3428 ita
999 3365 1069 3430 loco
1092 3366 1210 3452 potius,

118 3468 216 3530 quam
231 3447 354 3511 homini
369 3449 527 3532 cuiquam,
541 3449 730 3512 credendam
740 3449 916 3513 custodiam
930 3450 999 3529 rati,
1010 3451 1114 3514 lucem
1127 3451 1210 3514 inse-

118 3539 273 3629 quentem
299 3541 571 3617 exspectaverrmt.
625 3533 756 3597 Postero
779 3533 829 3597 die
852 3533 1057 3598 ”multitudo
1081 3536 1211 3619 quidem

117 3625 254 3763 integra,
268 3617 605 3702 memorpristinorum
614 3616 682 3701 ejus
697 3617 731 3680 in
745 3617 906 3682 civitatem
927 3619 1125 3698 meritorum,
1136 3641 1210 3720 par·

202 3722 268 3780 um,

117 3721 176 3764 oen
290 3721 327 3764 so
350 3723 408 3787 per
434 3723 508 3765 eum
543 3701 682 3765 remedia
707 3701 878 3786 quaerenda
907 3723 976 3766 esse
1003 3714 1210 3788 praeseuuum

181 3817 190 3856 ¹
201 3823 328 3870 stamen
340 3823 413 3872 Gran.
552 3828 575 3856 ¹²¹
586 3830 677 3882 capreas
688 3824 735 3870 dei.
748 3825 808 3872 Eud.
939 3829 953 3858 Β
965 3839 1027 3886 aque
1040 3823 1119 3875 Besa

535 3892 549 3921 ⁰
560 3889 618 3935 leda
629 3887 677 3933 dei.
690 3888 749 3934 iisd.

149 3999 183 4047 88
199 3999 486 4061 crumenarum
496 3997 593 4061 dduci]
618 4001 731 4046 SioOro-
763 4001 972 4057 autiade,enteo.
1007 4001 1373 4063 vicequoqueltbeedusstnss

117 4065 211 4110 aienses
232 4063 330 4110 iicernii
350 4063 417 4110 codd
436 4065 469 4110 sic
489 4071 513 4110 et
533 4073 611 4110 noster
629 4065 689 4110 vict.
707 4073 732 4110 et
763 4078 830 4110 torm
842 4065 940 4124 ignorat,
953 4064 1104 4125 quibustuae
1120 4067 1186 4114 facile
1203 4081 1281 4115 cerere
1297 4075 1373 4128 potest

118 4129 220 4174 Andreoe
238 4127 317 4174 editio.
351 4129 507 4176 Gronoviauae
527 4129 641 4175 editiones
661 4129 730 4174 omit·
763 4129 844 4174 oratio.

117 4191 319 4250 runrrsroprsss
796 4192 827 4240 88
844 4193 927 4238 Saxam
939 4193 1024 4254 ingens,
1036 4210 1078 4255 qao
1089 4191 1201 4254 operitur]
1228 4195 1314 4240 Saxum
1336 4193 1373 4240 in·

149 4255 180 4308 87
192 4255 253 4302 Dsss
260 4271 305 4316 pro
316 4271 339 4302 re
350 4255 444 4316 quisque
455 4287 461 4301 .
474 4287 480 4301 .
493 4252 636 4312 ‚ridereturl
654 4253 730 4314 Magis
762 4269 828 4314 gens,
840 4269 886 4316 quo
898 4257 985 4316 regitur
1001 4258 1124 4304 thesaurus
1141 4257 1180 4302 iile
1199 4259 1372 4312 eubterraneus‚

116 4319 226 4377 placeret,
238 4320 344 4365 ridetur:
361 4333 389 4365 ee
400 4319 439 4364 vir
456 4319 591 4364 dubitamus
607 4319 640 4364 sic
658 4319 731 4377 serip-
763 4320 968 4380 superimpositum
980 4329 1016 4366 est
1033 4335 1077 4380 ope
1097 4319 1210 4366 machine
1227 4321 1258 4366 sd
1276 4333 1372 4377 maguae

114 4383 173 4428 sisse
194 4381 295 4430 Livium.
329 4381 381 4429 Nisi
400 4382 451 4428 loco
471 4381 515 4428 τοῦ
533 4383 586 4428 dum
604 4383 730 4441 tegendum
763 4383 893 4442 ponderum
905 4385 976 4430 moles
989 4384 1181 4440 tollendaeeptre.

115 4453 150 4491 est
162 4461 237 4505 quam
795 4447 827 4495 88
843 4449 969 4496 Multitudo
1055 4441 1157 4506 integro]
1191 4445 1257 4491 Sene
1278 4447 1372 4501 mentis,

148 4509 180 4556 88
204 4509 262 4556 Inde
284 4509 381 4555 abducto
402 4505 440 4570 eo]
469 4509 579 4556 Testatur
599 4509 731 4555 Gronovius
764 4525 811 4557 non
832 4519 940 4570 corrupte
961 4509 1106 4555 factionibus.
1140 4507 1178 4554 Sic
1197 4507 1213 4554 i.
1230 4508 1272 4556 tx.
1295 4523 1314 4554 c.
1334 4511 1372 4568 48,

115 4573 187 4620 nullis
199 4573 223 4620 in
235 4573 377 4620 membranis
394 4587 471 4633 neque
483 4581 538 4618 vett.
556 4573 623 4619 editis
640 4581 732 4620 exstare
764 4577 852 4636 integer
859 4569 1049 4634 populeasaamr
1059 4579 1081 4618 et
1092 4572 1165 4618 cultor
1175 4575 1286 4620 ioman.
