3098 4958
426 353 515 420 LIB.
537 353 660 420 XLIV.
691 353 788 420 CAP.
811 355 957 424 XXVII.
1300 365 1363 430 485

110 525 233 606 eorum,
247 503 320 583 Abi,
335 504 480 566 renuncia
495 523 576 603 erpo,
590 501 704 586 inquit,
718 505 794 585 cepi,
808 501 899 567 “nbi
910 525 1018 606 cunum
1028 505 1201 590 obuiaque
1213 527 1243 638 p.
1252 527 1280 638 g
1292 527 1348 638 ppg.

111 595 308 737 tutte
327 588 1201 761 fflthtttttttttutj‘tt
1236 624 1278 638 ''
1339 619 1347 638 '

111 779 224 821 omnes
247 756 371 820 suasuri
393 763 510 833 essent,
524 755 697 839 adpareret,
718 755 797 840 ipse,
811 757 965 840 pecuniae,
980 779 1075 842 quam
1099 762 1199 846 regni,

111 842 224 905 melior
238 849 355 919 custos,
377 839 494 902 institit
514 840 554 902 de
575 840 708 924 perfidia
730 849 763 903 et
783 841 905 904 feritate
920 841 1086 906 Gallorum
1101 845 1199 909 disse-

112 947 192 988 rere.
234 927 403 988 Multorum
408 925 478 1004 jam
493 931 563 986 onte
576 925 712 987 cladibus
733 931 898 1005 mutum,
907 928 1112 1006 periculorum
1125 950 1199 1010 esee,

113 1016 233 1072 tantum
245 1009 467 1072 multitudinem
478 1009 512 1070 in
529 1009 740 1072 Macedoniam
754 1011 900 1090 occepere,
915 1031 952 1073 ne
969 1013 1128 1092 muciam
1149 1035 1200 1078 coe

111 1096 210 1158 eoum
223 1094 362 1171 iubeam
378 1113 468 1174 petam
480 1093 580 1155 hostes
591 1093 753 1156 Romam
800 1095 934 1175 Quinque
954 1097 1052 1158 mittio
1066 1100 1199 1179 equitum

110 1180 183 1240 eat*
202 1197 276 1256 esee,
291 1178 399 1259 quous
416 1183 447 1240 et
465 1179 513 1239 uti
534 1177 578 1238 ad
600 1177 895 1258 aucuparentur
916 1199 1042 1261 quorum
1062 1184 1199 1246 multitu-

111 1262 212 1325 dinem
226 1264 287 1342 ipei
301 1281 361 1324 non
374 1263 509 1324 timeant.
606 1311 608 1316 ,

155 1345 302 1409 XXVII.
324 1343 345 1378 ‘¹
356 1344 538 1428 Adparebat
552 1343 585 1406 in
599 1343 747 1407 omnibus
757 1354 783 1422 ¹¹,
797 1345 973 1408 mercedem
984 1347 1198 1415 multitudinis

110 1429 234 1507 timere,
253 1449 312 1492 nec
336 1429 509 1512 quidquam
532 1427 637 1491 aliude
662 1429 727 1507 sed,
741 1449 842 1512 quum
865 1431 996 1493 suadere
1021 1434 1198 1498 consulenti

111 1533 208 1575 nemo
231 1513 369 1590 auderet,
383 1513 556 1576 remittitur
576 1512 769 1596 Antigonus,
785 1514 841 1596 qui
865 1513 1041 1594 nunciaret,
1057 1518 1198 1602 quinque

109 1596 248 1659 millium
261 1597 403 1679 equitum
417 1617 512 1680 opera
524 1603 650 1660 tantum
661 1597 710 1659 uti
729 1617 855 1680 regem:
877 1605 1077 1663 contemnere
1089 1612 1100 1638 ⁸
1115 1603 1198 1666 mul·

108 1680 281 1744 titudinem
296 1681 397 1744 aliam.
441 1681 538 1746 Quod
552 1680 609 1744 ubi
623 1681 769 1745 audivere
789 1681 923 1760 barbari,
937 1691 1112 1748 ceterorum
1128 1688 1198 1770 qui-

109 1765 184 1827 dem
205 1765 350 1828 fremitus
375 1765 447 1842 fuit,
471 1765 705 1849 indignantium
730 1787 763 1828 se
784 1766 901 1829 flustra
926 1767 1045 1831 excitos
1068 1769 1197 1834 sedibus

110 1849 197 1912 sulse
219 1849 393 1913 Clondicus
407 1869 518 1912 rursus
532 1849 715 1933 interrogat,
729 1849 842 1934 ecquid
855 1849 933 1934 ipsis
948 1851 1089 1937 quinque
1103 1855 1197 1918 milli-

108 1932 182 2012 bus,
197 1933 284 2017 quod
297 1933 506 2012 convenisset,
521 1937 725 1997 numeraret?
770 1935 880 2000 Quum
898 1936 1048 2000 adversus
1069 1939 1102 2002 id
1118 1961 1197 2022 quo-

109 2037 173 2100 que
188 2017 313 2080 misceri
327 2017 476 2102 ambages
498 2025 649 2096 cerneret,
661 2018 812 2082 inviolato
834 2019 935 2082 fallaci
957 2022 1084 2100 nuncio,
1099 2025 1197 2106 (quod

108 2102 164 2164 vix
177 2111 355 2185 speraverat
367 2102 435 2186 ipse
451 2123 543 2186 posse
558 2102 752 2187 contingere)
769 2110 852 2166 retro
874 2105 915 2166 ad
938 2104 1068 2184 Istrum,
1083 2129 1197 2191 perpo-

108 2185 213 2269 pulati
227 2187 403 2264 Thraciam,
418 2208 481 2270 qua
495 2187 600 2250 vicina
613 2195 680 2250 erat
694 2187 764 2264 viee,
779 2187 950 2250 redierunt.
980 2189 1062 2254 Qum
1072 2213 1196 2270 manne,

107 2269 218 2352 quieto
233 2271 361 2334 sedente
372 2291 444 2354 rege
459 2272 499 2334 ad
508 2271 679 2356 Enipeum,
689 2271 839 2335 aduersus
849 2272 1011 2336 Romanos
1025 2273 1047 2304 ⁴⁸
1056 2274 1197 2337 Perrhae-

107 2353 172 2416 biae
186 2354 302 2417 saltum
316 2355 349 2418 in
364 2355 559 2418 Thessaliam
573 2356 728 2433 traducta,
742 2377 807 2418 non
822 2376 915 2439 agros
928 2364 1055 2419 tantum
1077 2359 1197 2422 nudare

107 2439 292 2522 populando
305 2439 421 2523 potuit,
436 2461 476 2503 ne
490 2461 570 2523 qnos
585 2439 659 2503 inde
674 2439 810 2502 Romani
825 2448 1020 2504 commeatus
1035 2452 1197 2526 exspecta-

106 2531 190 2600 rent,
204 2523 260 2585 sed
272 2523 358 2608 ipsas
375 2523 557 2586 exscindere
578 2525 684 2601 urbes,
699 2532 827 2588 tenente
851 2525 891 2587 ed
905 2525 969 2588 uni
994 2547 1067 2588 eum
1082 2527 1197 2592 Perseo

107 2607 280 2684 Romanos,
293 2629 334 2670 ne
345 2608 480 2671 urbibus
493 2608 585 2671 sociis
608 2631 627 2671 o
651 2608 755 2672 itulari
777 2617 918 2694 possent
963 2547 1046 2695 ipsis
1070 2633 1197 2696 quoque

107 2691 260 2754 Romame
275 2693 314 2754 de
339 2713 373 2754 se
395 2693 599 2777 cogitandum
622 2631 754 2756 iisset:
778 2695 905 2777 quaudo
930 2715 1034 2779 neque
1059 2717 1196 2777 manere,

105 2775 223 2840 amissa
237 2777 408 2855 Thessalia,
428 2777 514 2840 unde
538 2777 694 2840 exercitus
718 2779 869 2856 alebatur,
883 2780 1073 2864 potuissent,
1092 2804 1196 2866 neque

105 2861 265 2944 progredi,
280 2883 380 2944 quum
395 2883 434 2924 ex
447 2863 578 2925 adverso
593 2870 696 2925 castra
711 2863 926 2926 Macedonum
941 2868 1031 2928 ***.
1061 2867 1139 2948 quiy
1160 2887 1197 2929 ea

104 2945 411 3092 iiiiii&
436 2946 745 3094 euterun
755 2946 1197 3097 didffltumssittttt
1208 2965 1323 3074 teet
1336 2966 1360 3012 ‘¹'

102 3113 226 3176 talenta
237 3115 332 3178 Pellae
341 3052 601 3179 misoesiseinGentio
612 3077 820 3192 numeraiset,
830 3051 954 3199 si'gndre
963 3135 1017 3178 eos
1028 3117 1197 3199 pecuniam
1209 3091 1307 3152 inp‘ffi‘

102 3219 229 3282 passus.
277 3199 380 3262 lude*
394 3200 502 3264 decem
516 3201 636 3263 talenta
650 3199 722 3262 ‘⁰ad
738 3200 956 3263 Parrtauchum
979 3199 1085 3279 missa,
1099 3223 1135 3266 ee
1157 3224 1197 3266 ue

103 3283 276 3366 proesentia
290 3284 357 3347 dari
371 3284 438 3368 regi
448 3283 547 3369 jussit
559 3307 567 3347 e
589 3284 743 3368 reliquam
754 3283 933 3384 pecuniam,
947 3283 1103 3368 signatam
1120 3223 1197 3372 llly-

102 3367 224 3431 riorum
239 3369 341 3453 signo,
351 3369 558 3454 portantibus,
565 3369 633 3434 suis
642 3369 799 3454 praeciprt,
809 3368 916 3454 parvis
927 3368 1094 3434 itineribus
1103 3372 1198 3435 vehe-

135 3540 213 3589 taus
225 3543 319 3602 Kreyee.
332 3544 409 3594 seru
580 3547 596 3578 ’²
606 3545 733 3604 &partiat
741 3546 794 3594 inde
804 3547 905 3592 unctius
916 3545 1012 3605 Kreyee.
1045 3548 1171 3606 amonebat

102 3607 205 3652 omuibus
217 3607 295 3652 aean.
410 3612 424 3640 ¹
434 3623 527 3670 regens:
543 3623 587 3654 non
599 3615 673 3654 tenere
685 3608 780 3668 Kreyse.
794 3609 871 3654 uena.
999 3613 1012 3650 5
1024 3607 1171 3657 Macedonum

103 3665 197 3728 [creent.
230 3670 304 3716 Tanta
314 3675 428 3719 mensione
439 3688 451 3720 e
462 3673 565 3718 maniter
575 3673 658 3718 anim
667 3671 763 3718 Persem
771 3673 918 3718 Romanorum
930 3673 1015 3718 animer
1026 3675 1170 3731 confirmarit,

102 3731 263 3794 decnun]
274 3737 314 3796 qui
325 3735 392 3782 Cres.
500 3739 602 3796 ¹paeeue
612 3741 653 3782 eet.
685 3735 743 3782 lude
756 3735 830 3782 Gron.
851 3749 941 3794 perenn
949 3736 1001 3782 inde
1012 3736 1079 3782 Cres.
1093 3737 1169 3784 seta.

134 3904 167 3952 46
184 3907 238 3953 Nisi
256 3921 335 3954 nmen
414 3905 563 3970 acepissent]
583 3908 645 3968 hege
662 3921 715 3954 cnm
748 3907 807 3953 nihil
827 3907 973 3952 muuudum.
1014 3907 1051 3953 Sic
1073 3908 1133 3954 dixit
1156 3909 1235 3956 hidae
1256 3912 1361 3958 nudata

100 3971 185 4016 eodem
198 3971 316 4017 oronovto
327 3973 461 4032 ποιμήν.
748 3972 886 4018 Perrhaebia
903 3972 993 4026 nabun,
1012 3979 1037 4016 ut
1053 3973 1068 4017 l.
1086 3971 1152 4018 xxt.
1168 3989 1188 4019 c.
1211 3974 1250 4029 2³,
1270 3975 1361 4021 Iterum

133 4031 165 4086 47
182 4035 315 4094 Apparebat
334 4037 359 4080 ie
378 4033 490 4097 mutter]
515 4035 573 4082 Dete
588 4033 648 4081 'sine
669 4035 717 4080 ulle
748 4033 933 4095 copimtrqp'ecit.
967 4035 1067 4094 Regitur
1082 4049 1167 4096 nempe
1179 4049 1361 4097 uomenaproe-

100 4095 249 4142 dubitatione
260 4099 457 4158 prepositionem.
490 4100 624 4160 Appetebat
639 4099 716 4144 omui·
748 4098 863 4158 positione
875 4113 928 4158 qun
939 4101 1010 4144 verbo
1021 4099 1132 4158 edJuncta
1143 4107 1184 4144 eet.

100 4159 144 4205 bue
164 4160 194 4205 iis
213 4161 253 4219 qul
272 4162 298 4207 in
317 4163 413 4208 coneilio
431 4171 505 4218 ment,
516 4163 651 4209 simulatum
666 4175 717 4208 esse
781 4161 812 4210 49
831 4163 940 4209 Trecenta
951 4159 1049 4222 lehun]
1068 4163 1158 4208 Marcu
1167 4163 1256 4220 urgenti
1269 4170 1360 4209 noem·

99 4223 169 4268 illum
186 4224 383 4284 timorem‚quem
397 4228 519 4286 jureiubet
537 4227 649 4274 Perseus:
673 4239 717 4271 nec
749 4225 888 4280 termille.
922 4227 1010 4273 Daren.
1044 4225 1293 4279 Merm9³7,uneies
1306 4227 1328 4272 4,

99 4287 229 4346 quidquem
256 4289 320 4335 uliud
344 4303 399 4336 eum
416 4303 432 4336 e
446 4291 598 4337 multitudine
624 4289 715 4342 timere,
780 4289 812 4335 to
829 4291 868 4336 Aa
878 4291 1034 4336 Pantauchum
1051 4285 1132 4348 nuru]
1152 4287 1214 4346 hege
1232 4303 1285 4335 cum
1301 4291 1362 4338 Gro-

98 4365 171 4410 quem
184 4353 371 4410 magnitudinem
382 4355 496 4414 pecunie,
505 4369 557 4413 que
566 4355 590 4400 in
598 4355 647 4413 ejus
655 4351 717 4398 mul·
748 4352 825 4408 novio,
845 4355 913 4400 nteit.
947 4353 975 4399 ln
993 4353 1022 4398 iis
1041 4365 1093 4411 que
1111 4353 1254 4410 precedunt,
1274 4355 1361 4413 vulget!

97 4413 207 4460 dcudinis
217 4415 362 4476 stipendium
373 4418 568 4478 erogendeeeeet.
748 4429 812 4461 nuuc
829 4416 917 4462 habent
930 4431 1011 4475 parm
1028 4422 1071 4472 eet,
1089 4415 1131 4460 sed
1148 4415 1227 4461 invitis
1246 4419 1362 4464 veteribus

130 4477 164 4526 48
180 4479 317 4527 emuna
335 4481 419 4528 rattm
434 4513 440 4527 .
454 4513 460 4528 .
472 4511 498 4528 ..
515 4475 634 4540 traducta]
651 4479 716 4526 arn·
748 4477 898 4534 sueonibus,
916 4493 969 4538 qu·
987 4479 1075 4525 hebent
1094 4481 1257 4528 tautummodo
1272 4497 1361 4544 pascue,

97 4543 482 4606 teruelegendumeuietimetper
494 4545 639 4592 Peretaeiiae.
669 4541 717 4590 Sed
749 4543 901 4590 teetceodem
913 4542 1038 4590 Gronouio.

1027 4603 1110 4668 esu
