3094 4954
232 319 275 384 92
673 375 677 382 .
827 323 922 387 ΤΙΤΙ
945 319 1060 386 LIVII

235 478 301 524 uc.
313 477 368 524 sos.
399 463 514 528 emissa
527 464 566 528 de
580 465 727 530 menibus
740 486 790 530 res
805 474 863 531 est.
888 464 1129 531 metuensenim
1143 463 1265 542 Livius,
1280 485 1320 528 ne
1335 483 1486 528 successu

235 542 264 590 Α·
276 541 302 588 ⁰·
316 541 369 590 ¹⁹⁰·
397 557 495 612 tantae
519 549 565 612 rei
587 549 711 612 elutusl
735 550 943 648 Polyxenidas
967 550 1109 628 classem,
1131 570 1204 632 quae
1223 549 1265 612 ad
1286 548 1391 612 Canas
1407 557 1485 626 eret,

398 633 598 731 obprimeret,
613 633 721 718 Abydi
731 633 893 698 obsidione
901 634 1105 716 custodiaque
1117 633 1317 716 Hellesponti
1325 633 1485 715 extemplo

397 717 515 794 rebels,
529 738 634 795 naves,
648 739 720 814 quoe
731 717 896 780 subducte
912 717 1008 782 Canis
1023 726 1122 796 erent,
1136 717 1278 780 deduxit.
1306 717 1351 780 Et
1364 717 1485 780 Eume-

398 821 455 864 nes
470 801 590 864 Eloesm
603 809 699 865 vemt.
730 801 841 864 Livius
852 801 938 864 omni
952 801 1059 880 classe,
1075 801 1127 864 cui
1141 801 1327 885 adjunxerat
1340 801 1485 864 triremes

400 885 479 948 dues
495 884 706 968 Mitylenaeas,
722 885 888 948 Phocaeam
901 885 991 969 petit.
1028 907 1124 968 quem
1147 907 1247 968 quum
1265 885 1365 948 teneri
1378 885 1485 948 valido

400 969 487 1052 regio
502 969 648 1052 praesidio
663 969 813 1046 audisset,
826 991 885 1032 uec
898 970 1010 1052 procul
1025 969 1148 1034 Seleuci
1161 975 1263 1032 csst'ra
1276 990 1364 1048 esse3
1385 969 1489 1052 depo-¹

400 1053 529 1151 pulntus
544 1052 732 1116 maritimam
746 1073 842 1132 oram,
858 1061 890 1116 et
902 1054 1011 1138 praeds
1022 1053 1159 1118 maxime
1180 1053 1345 1116 bominum
1366 1074 1401 1116 rs
1424 1054 1484 1116 tim

401 1158 435 1198 sn
451 1157 546 1200 neres
560 1137 706 1221 inposite,
720 1145 846 1200 tentum
859 1145 1009 1215 moratus,
1024 1137 1102 1202 dum
1117 1139 1278 1202 Eumenes
1294 1158 1368 1200 cum
1384 1159 1401 1200 c
1449 1159 1484 1200 se

237 1235 382 1282 Rhosiorum
402 1220 634 1303 adsequeretur,
651 1221 782 1285 Samum
796 1229 902 1306 petere
915 1221 1060 1285 intendit.
1104 1221 1237 1284 Rhodiis
1258 1221 1361 1306 primo
1375 1222 1485 1286 audita

236 1301 319 1344 ΜΝ*
401 1303 505 1368 clades
528 1305 623 1368 simul
646 1327 805 1389 pavorem,
830 1305 925 1368 simul
947 1305 1070 1369 luctum
1092 1306 1125 1368 in
1166 1314 1252 1368 ntem
1280 1305 1363 1368 feeit.
1397 1327 1485 1384 nem,

401 1396 517 1486 praeter
529 1389 656 1452 nuvium
671 1389 870 1472 militumque
878 1390 1045 1474 jacturam,
1059 1411 1122 1473 quo
1156 1390 1251 1468 doris,
1284 1390 1349 1454 uod
1361 1389 1483 1454 roboris

401 1495 434 1536 m
457 1473 627 1557 juventute
655 1473 766 1550 suerat,
794 1474 982 1552 amiserant3
1005 1474 1027 1506 ⁴⁰
1038 1474 1147 1538 multis
1176 1474 1336 1538 nobilius
1364 1475 1482 1538 secutis

401 1556 483 1620 inter
496 1566 598 1620 cetera
618 1557 835 1620 auctoritatem
856 1557 1051 1636 Pausistrati,
1077 1579 1148 1641 quae
1168 1558 1250 1622 inter
1273 1579 1347 1622 suos
1369 1559 1483 1622 merito

400 1641 536 1704 maxima
550 1650 625 1704 eret.
659 1641 782 1719 deinde,
801 1642 887 1724 quod
905 1641 1014 1705 fraude
1033 1643 1127 1726 cepti,
1143 1644 1228 1726 quod
1242 1664 1261 1706 a
1275 1643 1341 1706 cive
1354 1643 1484 1726 potissi-

400 1745 489 1786 mum
519 1746 576 1788 suo
599 1725 713 1804 forent,
737 1725 772 1788 in
794 1725 872 1788 irem
900 1725 1006 1789 luctus
1028 1726 1131 1790 vertit.
1175 1727 1295 1790 Decem
1323 1729 1482 1811 extemplo

400 1829 507 1885 neves,
529 1816 561 1870 et
583 1809 694 1872 diebus
717 1817 791 1892 post
813 1809 923 1893 paucis
942 1811 1050 1874 decem
1069 1811 1154 1888 elius,
1176 1812 1324 1958 pgaefecto
1339 1812 1482 1874 omnium

400 1891 556 1969 Eudamo,
579 1892 747 1956 miserunt:
769 1915 874 1976 quem,
897 1893 965 1958 eliis
986 1895 1157 1958 virtutibus
1221 1895 1300 1959 llicis
1318 1896 1483 1978 haudqua-

399 1995 495 2122 gunm
519 1975 712 2040 Pausistrato
733 1998 851 2061 parem,
873 1978 1054 2057 cautiorem,
1075 2001 1139 2062 quo
1160 1981 1266 2043 minus
1287 1980 1383 2044 enimi
1403 1989 1481 2060 erat,

422 2081 512 2122 ucem
529 2061 673 2124 futurum
687 2061 865 2126 credebant.
909 2063 1044 2126 Romani
1058 2071 1090 2126 et
1105 2064 1266 2128 Eumenes
1280 2085 1335 2127 rex
1347 2064 1381 2128 in
1395 2065 1480 2148 Ery-

398 2145 530 2208 tbraeam
544 2145 682 2229 primum
701 2147 723 2179 ⁴¹
733 2145 864 2208 classem
882 2147 1102 2230 adplicuerunt
1112 2159 1134 2211 ⁸.
1170 2148 1215 2210 ibi
1236 2156 1361 2212 noctem
1382 2170 1480 2212 unam

398 2229 522 2308 morati,
543 2237 670 2314 postero
693 2230 742 2294 die
765 2230 924 2314 Corycum
948 2231 1096 2296 Teiorum
1113 2233 1364 2316 promontorium
1386 2241 1481 2296 tenu·

399 2321 503 2378 erunt.
536 2313 609 2378 inde
630 2336 731 2398 quum
751 2315 785 2378 in
804 2315 947 2400 proxime
968 2315 1082 2380 Samiae
1105 2317 1222 2380 vellent
1242 2317 1391 2401 trajicere,
1413 2339 1480 2380 non

398 2405 578 2482 exspectato
592 2399 667 2462 solis
681 2407 764 2477 ortu,
778 2421 818 2462 ex
832 2421 895 2482 quo
911 2408 1029 2464 statum
1042 2401 1113 2464 cosli
1127 2411 1236 2465 notare
1254 2401 1481 2485 gubernatores

397 2490 539 2564 possent,
552 2483 585 2544 in
595 2483 747 2546 incertam
758 2491 978 2566 tempestatem
992 2485 1155 2548 miserunt.
1200 2485 1310 2550 Medio
1324 2486 1358 2548 iu
1372 2507 1479 2563 cursu,

398 2565 421 2594 ⁴²
432 2566 580 2647 aquilone
594 2567 628 2628 in
642 2566 888 2649 septentrionem
903 2589 1004 2648 verso,
1026 2577 1209 2654 exasperato
1230 2570 1379 2636 fluctibus
1399 2572 1483 2634 muri

391 2647 506 2730 jactari
521 2669 568 2712 coe
592 2657 694 2712 erunt.

440 2731 539 2828 Xlll.
562 2671 781 2817 liolyxenidss,
806 2734 936 2800 Samum
962 2738 1117 2822 petituros
1139 2747 1227 2804 ratus
1248 2739 1366 2818 hostes,
1383 2747 1420 2802 ut
1443 2760 1480 2804 se

398 2815 531 2880 Rbodrae
555 2816 647 2880 classi
668 2817 909 2903 conjungerent,
930 2822 971 2886 ab
991 2823 1121 2908 Epheso
1135 2825 1307 2908 profectus,
1320 2824 1423 2908 primo
1437 2826 1480 2888 sd

398 2899 614 2983 Myonnesum
636 2903 741 2968 stetitr
764 2903 837 2968 inde
862 2905 903 2968 ad
922 2907 1048 2970 Macrin
1073 2909 1180 2991 (quam
1194 2913 1319 2992 vocant)
1341 2909 1480 2972 insulam

396 2985 528 3068 trajecit,
543 2995 580 3050 ut
595 2988 853 3072 praetervehentis
866 2989 974 3054 classis
986 2992 1012 3054 si
1023 3013 1102 3075 quus
1112 2993 1292 3056 aberrantes
1304 3015 1342 3056 ex
1354 2993 1480 3077 agmine

396 3090 491 3133 naves
513 3081 632 3156 posset,
650 3080 706 3136 aut
731 3081 928 3157 postremum
950 3097 1064 3160 agmen
1085 3086 1264 3162 opportune
1294 3079 1480 3142 adoriretur.

397 3153 570 3236 Postquam
602 3177 617 3218 s
641 3177 743 3220 arsam
776 3165 963 3242 tempestate
999 3160 1131 3224 classem
1160 3161 1250 3240 vidit,
1282 3161 1479 3226 occasionem

395 3237 497 3320 primo
513 3239 607 3321 adgre
631 3239 714 3303 iendi
728 3249 827 3320 ratus,
842 3243 948 3326 paullo
963 3253 1037 3328 post
1055 3245 1305 3310 increbrescente
1319 3255 1424 3324 vento,
1446 3255 1481 3310 et

395 3320 527 3403 majores
536 3322 603 3404 jem
618 3324 763 3388 volvente
776 3326 902 3405 duetus,
917 3329 992 3410 quia
1004 3330 1166 3413 pervenire
1182 3352 1215 3394 se
1231 3331 1271 3394 ed
1284 3352 1337 3395 eos
1351 3331 1481 3394 videbat

395 3425 460 3466 non
475 3427 578 3488 posse,
593 3407 634 3469 nd
647 3409 821 3472 AEtbeliam
836 3410 972 3476 insulam
986 3413 1118 3498 trajecit,
1142 3423 1178 3478 ut
1192 3415 1265 3478 inde
1280 3423 1407 3500 postero
1426 3416 1480 3479 die

396 3488 526 3552 Samum
540 3512 579 3552 ex
592 3491 655 3555 alto
677 3501 822 3577 petentes
843 3517 939 3559 neves
959 3498 1192 3582 adgrederetur.
1236 3500 1381 3577 Romani,
1403 3521 1480 3584 pars

394 3573 517 3670 exigua,
532 3575 642 3658 primis
662 3577 801 3641 tenebris
819 3589 947 3662 portum
971 3581 1085 3646 Sumiae
1103 3584 1263 3647 desertum
1284 3593 1480 3648 tenuerunt:

394 3657 502 3720 clusus
523 3667 634 3740 cetera,
656 3669 782 3725 noctem
802 3671 901 3728 totam
916 3665 950 3728 in
966 3665 1029 3730 alto
1037 3667 1166 3750 jactate,
1188 3668 1222 3730 in
1236 3669 1383 3732 eumdem
1403 3691 1481 3752 por-

393 3748 464 3802 tum
486 3743 633 3808 decurrit.
678 3746 728 3808 lbi
751 3767 789 3809 ex
813 3749 990 3832 agrestibus
1012 3752 1150 3835 cognito,
1172 3752 1312 3815 hostium
1326 3773 1423 3816 neves
1437 3755 1480 3816 nd

397 3825 571 3890 AEthaliam
587 3836 678 3909 stare,
694 3831 860 3895 consilium
875 3833 1029 3914 habitum,
1040 3844 1148 3898 utrum
1159 3837 1318 3922 extemplo
1330 3838 1481 3902 decerne-

558 3981 674 4045 distarem
686 3990 758 4036 Gron.
772 3991 838 4038 Crer.
1029 3997 1221 4055 ‘applicaverunt
1234 3996 1298 4044 eat
1321 3996 1323 3999 ’

261 4132 293 4178 40
309 4133 415 4180 *Multis
432 4135 541 4183 nobilibus
559 4135 652 4198 secutis]
671 4140 750 4188 Qirum
768 4141 835 4187 multi
868 4151 930 4191 runt.

230 4195 317 4241 nobiles
336 4198 397 4244 benc
415 4199 509 4245 classem
530 4203 723 4260 conscendissent,
737 4211 786 4249 tum
806 4207 835 4250 ob
899 4209 930 4253 Η
948 4209 1058 4268 Aquilone
1074 4211 1098 4258 irs
1109 4211 1285 4270 Septentrionem
1295 4205 1370 4270 orreo]
1390 4209 1480 4270 Aquilo

229 4267 312 4314 cetere,
325 4269 373 4306 tum
385 4265 414 4308 ob
426 4263 509 4308 seruam
523 4263 664 4311 Pausistrati.
866 4278 901 4316 est
918 4279 1000 4318 reolus
1016 4273 1077 4318 inter
1089 4275 1185 4320 Arctum
1205 4281 1229 4322 et
1247 4273 1381 4320 Orientem:
1399 4275 1479 4322 Nord-

261 4321 289 4367 ⁴1
311 4325 408 4372 Classem
435 4325 616 4390 applicaverunt]
651 4329 707 4375 'l'res
736 4330 834 4387 codices,
866 4340 906 4379 est.
941 4335 1080 4394 Septentrio,
1102 4338 1151 4385 sive
1172 4337 1293 4398 Aperetiss
1314 4337 1355 4385 nt
1373 4339 1403 4384 ab
1426 4339 1481 4400 ipsa

228 4389 287 4430 teste
299 4387 347 4434 Jac.
360 4390 485 4448 Gronorio,
503 4399 527 4438 et
546 4400 624 4439 noster
644 4393 701 4440 vics
720 4396 835 4454 applicue-
867 4397 954 4444 Arcto:
973 4399 1045 4446 Nord.
