3108 4982
176 312 240 378 278
736 299 830 367 'rl'fl
853 299 969 366 LIVII

178 475 245 525 uc.
257 475 311 530 sia
341 461 400 520 est.
444 453 482 518 O.
494 451 645 518 Servilius
668 450 813 536 pontifex
833 447 992 517 maximus
1014 448 1140 548 piacula
1157 449 1213 518 irie
1231 451 1339 518 Detlm
1360 474 1437 520 ccii.

178 540 246 590 Μ·
260 539 313 588 ¹⁰⁰·
364 539 465 603 uirere
484 538 607 623 jussus,
629 535 798 600 decemviri
820 535 919 600 libros
946 534 1112 618 inspicere,
1138 536 1252 602 consul
1280 538 1436 623 Apollini,

388 623 539 708 sculapio,
555 620 657 685 Saluti
671 623 693 654 ²⁵
703 621 788 684 dona
798 641 922 698 vovere,
936 627 969 682 et
979 619 1053 683 daie
1069 619 1161 704 signa
1174 620 1340 702 inaurate;
1362 645 1436 706 quse

342 708 430 772 vovit
450 707 609 790 deditque.
653 703 833 768 Decemviri
856 703 1122 788 supplicationem
1143 705 1176 770 in
1200 705 1336 772 biduum
1350 708 1437 774 vale-

342 792 463 861 tudinis
477 812 588 854 caussa
602 789 635 852 in
651 789 729 852 urbe
745 797 777 852 et
790 809 848 872 per
861 788 968 852 omnia
979 789 1047 852 tora
1060 789 1332 874 conciliabulaque
1346 791 1437 856 edix-

343 885 456 941 erunti
471 875 606 960 majores
619 873 786 937 duodecim
801 873 904 952 annis,
917 894 1028 936 omnes
1042 873 1184 938 coronati
1198 883 1231 938 et
1244 875 1385 942 haicam
1400 877 1436 942 in

342 983 441 1026 manu
468 968 622 1032 tenentes,
653 957 921 1043 supplicaverim
966 957 1100 1022 Fraudis
1128 979 1255 1042 quoque
1284 961 1436 1026 humanm

180 1063 285 1116 annito
294 1063 323 1110 de
343 1045 556 1109 insinuaverat
571 1043 709 1128 suspicio
724 1042 855 1119 animia3
878 1049 911 1104 et
925 1041 1068 1106 veneficii
1085 1042 1219 1124 questio
1234 1064 1273 1108 ex
1289 1055 1436 1110 senatus·

179 1129 305 1175 vineariis.
343 1129 499 1208 consulto,
528 1129 616 1214 quod
642 1128 675 1190 in
704 1127 793 1225 urbe,
822 1125 1132 1224 propiusveurbem
1154 1127 1263 1226 decem
1277 1127 1436 1226 ‘millibus

179 1238 331 1362 eiii-0„
342 1221 823 1375 assistentiae
844 1209 1269 1380 toraminas
1276 1213 1438 1380 aliti
1534 1304 1542 1345 ·.

178 1373 292 1426 '‘W'‘
343 1383 613 1468 conciliabulaque
629 1381 667 1446 C.
685 1381 814 1456 Maenio,
836 1380 1022 1464 priusquam
1046 1380 1080 1444 in
1105 1379 1282 1452 Sardiniam
1304 1381 1437 1466 provin·

344 1469 424 1534 ciam
438 1469 604 1554 trajiceret,
618 1467 763 1562 decreta..
780 1465 942 1562 ¹Suspecta
955 1463 1094 1562 consulis
1108 1473 1175 1532 erat
1188 1487 1274 1563 mors
1287 1465 1436 1564 maxime.

178 1549 808 1706 auctotoritati
822 1571 928 1696 iiiii
941 1549 1438 1714 restauratoris?

343 1661 504 1818 diquantc
528 1719 629 1802 magis
653 1718 779 1780 infamia
800 1739 885 1780 mors
912 1717 1037 1782 Pisonis
1057 1739 1105 1782 coe
1129 1719 1155 1782 it
1174 1739 1262 1784 essee
1285 1727 1318 1782 et
1337 1727 1437 1788 testes
1538 1709 1543 1739 ¹

342 1804 546 1881 exsistebant,
560 1803 616 1900 qui
654 1811 705 1865 ost
721 1802 895 1866 declaratos
908 1803 1055 1866 eonsules
1064 1740 1219 1868 Albinum
1231 1811 1263 1866 et
1275 1803 1437 1886 Pisonem,

342 1888 459 1974 quibus
473 1886 609 1951 comitiis
625 1824 758 1951 linceus
773 1887 891 1952 tulerat
910 1887 1081 1972 repulsam,
1104 1895 1137 1950 et
1158 1887 1385 1972 exprobratum
1407 1889 1437 1954 ei
1541 1924 1547 1944 ι

341 1995 361 2036 a
385 1981 485 2036 matre
511 1971 662 2050 dicerent,
687 1971 775 2056 quod
791 1972 860 2056 jam
884 1971 913 2036 ei
937 1973 1067 2036 tertium
1093 1981 1228 2056 negatus
1251 1972 1437 2040 oonsiilstue
1542 1963 1547 2010 ²

341 2057 464 2144 petenti
477 2065 571 2134 esset,
586 2065 618 2120 et
633 2055 795 2142 adjecisse,
813 2063 946 2138 pararet
959 2077 992 2121 ee
1006 2058 1220 2138 adpetendam
1228 2085 1239 2130 ,·
1261 2060 1346 2122 intra
1360 2058 1437 2122 daos

341 2163 457 2206 moises
483 2141 669 2224 effectorem
696 2148 732 2205 iit
757 2143 862 2204 masal
876 2140 979 2222 fieret.
1024 2142 1113 2208 luter
1137 2141 1240 2206 multa
1261 2141 1323 2206 elia
1345 2142 1437 2208 aaa.

341 2229 458 2306 monia,
482 2227 522 2290 ad
545 2248 689 2290 caussam
711 2227 913 2311 pertinentia,
931 2226 1001 2288 haec
1021 2247 1066 2324 qu
1108 2247 1148 2290 ue
1163 2247 1235 2305 vox,
1250 2225 1346 2292 nimis
1360 2248 1437 2294 vem

342 2322 458 2381 eventu
484 2312 699 2398 comprobata,
712 2311 822 2390 valuit,
843 2331 900 2374 cnr
926 2309 1065 2374 Hostilia
1235 2317 1299 2376 tur.
1342 2310 1437 2378 Veris

341 2397 499 2484 principio
522 2397 629 2482 hujus,
654 2397 732 2459 dum
755 2395 901 2460 consules
922 2415 1022 2458 novos
1046 2393 1188 2460 delectus
1210 2397 1322 2462 Romae
1337 2403 1437 2474 tenet,
1545 2427 1546 2432 1

341 2505 427 2548 mors
453 2481 566 2544 deinde
588 2481 726 2557 alterius,
746 2487 779 2542 et
802 2479 928 2544 creandi
954 2478 1082 2544 comitia
1105 2479 1245 2546 consulis
1270 2479 1304 2549 in
1328 2479 1437 2548 locum

341 2567 420 2643 e'ua,
445 2564 552 2633 omnia
577 2564 714 2627 tardiora
736 2563 898 2644 fecerunt:
925 2563 1051 2628 interim
1076 2565 1112 2628 P.
1133 2563 1301 2630 Cornelius
1324 2571 1357 2631 et
1386 2565 1435 2630 M.

342 2589 482 2724 licebius‚
515 2646 571 2729 qui
598 2647 631 2710 in
660 2647 829 2710 consulatu
858 2647 938 2711 nihil
968 2648 1169 2713 memorabile
1197 2657 1372 2734 gesseram,
1401 2649 1436 2718 in

340 2731 552 2877 Apuqnqsviiil
607 2751 645 2878 Ls
656 2731 830 2828 exercituin
843 2731 1049 2796 induxerunt.
1107 2816 1114 2832 ι
1231 2815 1239 2834 ,
1284 2815 1293 2836 .
1541 2732 1543 2749 “

341 2816 447 2963 sullim
462 2921 527 2962 non
541 2861 596 2962 exb
620 2817 1099 2986 eicgtqqpeqqipefipqelpplvprqqiipq
1106 2837 1347 2988 qpppeqppff
1355 2838 1437 2968 did:

341 2985 443 3049 decim
467 2983 566 3048 millia
594 2921 761 3048 bominum
791 2985 981 3048 dediderunt
1008 3007 1051 3050 se.
1094 2987 1171 3063 Eos,
1201 2985 1348 3049 consulto
1377 3008 1437 3071 per
1539 2996 1548 3032 ’κ

340 3069 446 3134 literas
460 3069 549 3156 prius
565 3077 687 3148 senatu,
703 3069 857 3134 deducam
870 3092 909 3134 ex
919 3069 1082 3134 montibus
1092 3069 1126 3132 in
1137 3091 1310 3154 agroscam
1353 3079 1436 3134 stres

339 3155 452 3238 procul
473 3155 521 3299 abt
536 3155 641 3300 dorqp,
663 3154 844 3300 nqlpeditus
855 3175 936 3308 tsepqis
957 3162 1050 3233 esset,
1066 3155 1237 3302 §pmellips
1255 3163 1296 3252 et¹
1323 3153 1436 3308 ‘aebiliis

339 3247 609 3418 {titolata
623 3249 1078 3406 ussipuimciiauniltii
1103 3247 1436 3408 {basilidiani

339 3405 585 3469 Taurasinorum
615 3405 742 3488 [luerat.
787 3407 826 3470 ln
851 3429 924 3470 euni
948 3409 1062 3492 quum]
1088 3407 1272 3470 traducere·
1296 3407 1436 3491 Ligures

340 3491 493 3576 Apuanos
517 3489 643 3568 vellent,
674 3491 851 3569 edixerunt,
877 3489 898 3524 '¹
911 3491 1047 3576 Ligures
1071 3492 1112 3555 ab
1136 3492 1243 3556 Anido
1267 3491 1435 3556 montibus

177 3556 306 3668 gffiss'ffl
340 3574 551 3642 descenderob
579 3595 653 3638 cuin
678 3574 785 3638 liberis
809 3575 1081 3660 conjugibusque:
1107 3598 1165 3643 sua
1193 3576 1300 3644 omnio
1324 3597 1435 3648 secum
1546 3645 1548 3650 ,

175 3684 312 3732 miesco.
339 3665 512 3746 portarent.
556 3658 702 3744 Ligures,
719 3681 804 3744 saepe
826 3681 884 3744 per
902 3659 1022 3744 legatos
1041 3660 1210 3745 deprecati,
1234 3681 1274 3724 ne
1288 3669 1434 3745 penates,

560 3795 762 3842 ‘Tesrcsincrsni
781 3797 795 3828 ⁸
808 3797 823 3828 θ
836 3797 850 3832 0
869 3797 989 3844 traducere
1002 3796 1074 3846 tirou.
1088 3793 1167 3844 liciis.

485 3853 609 3919 l'laigeiree
621 3861 714 3919 Apuani
725 3859 752 3906 de
767 3861 877 3906 simliter
888 3861 1047 3907 descenderent
1060 3859 1155 3919 Kreyss.
1170 3859 1246 3906 Bekk.

208 3972 240 4020 id
268 3971 334 4020 om
355 3985 431 4018 eccere
452 3975 476 4016 et
498 3971 554 4018 dere
575 3973 643 4032 Qec
665 3967 786 4031 incurata]
852 3971 883 4026 27
900 3973 998 4034 Ligeris
1017 3973 1046 4020 ab
1067 3973 1140 4022 Anido
1158 3975 1268 4023 noscitis
1284 3970 1433 4038 descendere]

176 4037 266 4084 Voeeie
277 4043 299 4080 et
312 4035 368 4082 dere
380 4035 448 4088 dona,
460 4047 543 4092 nempe
555 4034 621 4092 signa
632 4035 745 4082 incurate.
821 4035 891 4086 iiunc
902 4045 1033 4084 extremum
1045 4036 1249 4096 qiisdrsgesimuiu
1264 4037 1350 4085 librum
1363 4037 1435 4096 Sigo-

208 4099 240 4146 26
260 4101 304 4148 Qui
316 4093 595 4157 Tcsrceincreaanerot.
613 4099 698 4146 Insani
707 4095 786 4158 qussi]
820 4100 873 4144 niue
884 4107 908 4148 et
925 4099 964 4146 alii
982 4109 1119 4146 manenter
1135 4100 1205 4146 unico
1219 4099 1356 4160 exemplari,
1368 4101 1434 4160 quod

177 4161 309 4222 traducere]
328 4163 466 4221 Veiosque
485 4161 550 4209 uocis
570 4161 659 4208 inclusa
677 4169 738 4216 sunt,
756 4176 786 4208 ex
818 4163 1071 4218 iiiGeriiiauisloret,
1092 4163 1313 4224 descriptionem.
1347 4163 1434 4223 lisque

177 4227 409 4286 Sigoniicardecturs
425 4233 479 4272 sunt
496 4225 603 4282 edJecta-
628 4225 662 4270 De
676 4225 785 4276 Taurasi-
819 4226 951 4276 mirandum
969 4241 1016 4272 non
1033 4228 1151 4288 est,quod
1172 4225 1190 4276 ie
1207 4227 1313 4288 pluribus
1330 4227 1354 4274 in
1375 4227 1434 4276 lotis
1536 4263 1541 4293 ,

176 4305 259 4336 norum
279 4291 374 4342 nomine
395 4289 523 4336 dubitatur.
556 4287 583 4334 lii
605 4297 650 4336 iet.
669 4289 724 4334 edit.
744 4304 787 4348 pro
819 4289 961 4336 deformatus
979 4291 1115 4352 reperiatur.
1150 4290 1220 4338 Velut
1230 4290 1275 4336 boc
1292 4290 1343 4336 loeo
1360 4305 1434 4350 mne

178 4353 354 4404 Taurasinorum
366 4353 458 4412 legitur,
477 4359 535 4398 teste
556 4351 681 4408 Gronciic,
696 4353 783 4403 Tasurc-
816 4354 928 4400 mendum
951 4363 994 4409 eat,
1013 4355 1076 4416 quod
1099 4354 1197 4400 feliciter
1219 4367 1320 4414 purgare
1338 4354 1435 4404 ridetur

175 4418 284 4468 nmen.
326 4418 449 4466 Teuienin
468 4415 547 4476 oppidi
566 4415 708 4464 mentionem
729 4415 784 4467 tacit
818 4417 939 4464 linierunt
958 4417 1199 4478 Ligeresdpsaeide
1216 4418 1328 4464 noeticae
1339 4417 1434 4466 demen-
1540 4420 1545 4480 t

176 4477 273 4536 Plinius,
285 4481 303 4532 l.¹
313 4481 360 4530 lli.
374 4495 392 4526 c.
405 4482 427 4528 ὃ.
817 4481 903 4528 dorent.
937 4481 1013 4530 Verbi
1025 4487 1080 4528 suat
1090 4480 1160 4528 edicti
1172 4480 1303 4530 consulum.
