3098 4958
444 377 533 442 LIB.
556 375 680 441 XLIV.
710 375 806 441 cAP.
829 377 961 442 XLIII.
1309 387 1370 448 451

115 523 193 604 acie,
218 523 344 588 obviam
369 523 414 587 ire
440 522 652 622 cogebantura
683 531 716 586 et
741 521 887 602 Romani,
911 543 1113 608 quacumque
1135 525 1210 590 data
1222 541 1252 588 υ.
1266 541 1355 589 oasa

114 609 281 673 intervalla
295 615 412 686 essent,
426 607 633 670 inemuabant
646 607 771 670 ordines
791 629 876 671 suos.
921 607 998 688 Qui,
1013 609 1040 671 si
1062 609 1210 674 universa
1222 605 1249 651 Ᾰ
1262 609 1289 653 0·
1304 605 1355 653 ¹⁶ss

115 693 183 757 acie
197 693 231 756 in
246 694 383 756 frontem
398 693 549 756 adversm
563 692 751 755 inatmctam
764 692 954 776 phalangem
965 694 1208 774 concurrissent,

116 777 205 862 quod
220 777 370 862 Pelignis,
382 776 542 924 principio
566 797 684 861 pugnae
707 776 832 840 incaute
856 777 1033 862 congressis
1057 779 1207 842 adversus

116 869 273 940 caetratos,
301 869 416 941 evenit,
444 861 478 924 iu
501 861 624 925 uissent
649 881 682 924 se
703 860 813 940 hastis,
830 881 889 924 neo
913 862 1087 925 confertam
1108 864 1206 928 aciem

118 945 354 1010 sustinuissent.

160 1029 270 1094 XLII.
293 1029 444 1094 Ceterum
466 1027 549 1092 sicut
572 1028 716 1114 peditum
738 1028 857 1127 passim
878 1029 980 1093 caedes
1000 1029 1128 1110 fiebant,
1144 1031 1205 1095 uisi
1220 1049 1345 1108 equitatu·

117 1113 174 1198 qui
186 1113 316 1214 abjectis
331 1113 471 1178 armist‘u
512 1121 607 1192 runt;
629 1113 674 1176 sic
685 1121 844 1196 eqmtatus
855 1135 954 1198 prope
965 1113 1030 1178 inte
1070 1137 1205 1200 rpugna
1217 1114 1308 1190 *mesu

116 1207 260 1262 excessit.
304 1199 456 1283 Princeps
491 1219 561 1282 ugoe
582 1219 638 1260 rex
658 1197 727 1282 ipse
742 1206 818 1261 erat.
842 1199 910 1282 jam
931 1219 950 1261 a
974 1137 1085 1283 Pythia
1099 1200 1204 1265 ”cum
1216 1177 1284 1238 ‘¹³⁸¹‘

117 1283 213 1347 sacris
238 1281 296 1346 alis
320 1305 337 1346 e
360 1283 463 1346 uitum
487 1281 606 1345 Pellam
628 1283 773 1368 petebat:
799 1281 822 1313 ⁸‘
831 1282 997 1346 confestim
1024 1283 1205 1348 Costocusd

116 1368 309 1451 sequebatur
364 1367 593 1452 drysarumque
614 1387 632 1429 e
655 1366 785 1432 uitatus.
810 1375 922 1430 ceterae
945 1389 1071 1450 quoque
1095 1369 1204 1432 Mace-

116 1451 238 1514 donum
252 1451 309 1514 alae
318 1451 449 1536 integris
460 1451 590 1514 abibant
601 1388 765 1514 ordinibus
776 1475 785 1529 3
799 1451 875 1534 quia
886 1451 1049 1536 interjecta
1059 1453 1203 1538 peditum

115 1534 210 1614 acies,
239 1535 330 1620 cujus
365 1537 466 1600 caedes
489 1535 624 1600 victores
660 1535 843 1614 tenebant0,
871 1535 1060 1600 inmemores
1088 1539 1204 1602 fecerat

115 1620 269 1704 sequendi
283 1620 413 1704 equites.
457 1619 524 1684 Diu
538 1620 677 1705 phalanx
691 1641 710 1682 a
723 1621 838 1700 fronte,
851 1641 870 1682 a
883 1619 1045 1700 lateribus,
1060 1622 1100 1686 ab
1113 1631 1203 1707 tergo

113 1725 197 1768 caesa
220 1715 288 1768 est:
310 1713 480 1790 postremo,
505 1705 622 1789 quiex
646 1705 787 1768 bostium
810 1705 957 1768 manibus
981 1705 1079 1790 elapsi
1103 1717 1202 1786 erant,

112 1789 249 1853 inermes
273 1790 314 1853 ad
335 1811 420 1853 mare
445 1789 613 1874 fugientes,
642 1790 771 1874 quidam
800 1811 915 1874 aquam
939 1790 1034 1852 etiam
1059 1790 1202 1876 ingressi,

113 1893 227 1938 manus
241 1875 283 1938 ad
297 1893 361 1954 eos,
377 1874 432 1960 qui
450 1874 484 1937 in
494 1875 592 1938 classe
606 1883 705 1953 erant,
720 1874 897 1954 tendentes,
907 1875 1092 1960 suppliciter
1105 1876 1203 1940 vitam

113 1958 263 2022 orabantr
285 1967 318 2022 et
331 1981 431 2044 quum
445 1960 578 2044 scaphas
592 1981 777 2023 concurrere
786 1960 928 2043 undique
940 1961 979 2022 ab
990 1960 1124 2023 navibus
1136 1981 1203 2024 cer-

112 2053 235 2122 nerent,
258 2043 299 2106 ad
321 2044 523 2130 echpiendos
546 2065 614 2108 sese
637 2044 743 2109 venire
765 2044 836 2122 rati,
851 2053 889 2106 ut
913 2052 1062 2128 caperent
1083 2045 1202 2129 potius,

112 2147 209 2211 quam
231 2129 419 2209 occiderent,
434 2129 561 2214 longius
584 2129 618 2192 in
640 2149 765 2213 aquam,
780 2129 910 2212 quidam
932 2129 1026 2191 etiam
1046 2138 1202 2208 natantes,

111 2213 271 2298 progressi
295 2221 380 2278 sunt.
424 2214 489 2278 Sed
512 2235 613 2298 quum
634 2213 792 2277 hostiliter
813 2233 830 2275 e
853 2213 979 2296 scaphis
994 2213 1202 2292 caederentur,

110 2305 207 2377 retro,
217 2297 272 2382 qui
282 2305 439 2383 poterant,
452 2299 557 2362 nando
568 2307 747 2384 repetentes
758 2305 884 2376 terram,
894 2297 927 2359 in
937 2297 1029 2359 aliam
1038 2297 1201 2360 foediorem

109 2390 234 2468 pestem
249 2383 440 2448 incidebant.
464 2383 510 2447 ele
535 2383 624 2447 hanti
639 2383 734 2462 enim,
745 2383 785 2446 ab
799 2381 974 2445 rectoribus
986 2381 1027 2445 ad
1040 2381 1117 2444 litus
1128 2381 1201 2462 acti,

110 2475 263 2532 exeuntes
287 2467 475 2532 obterebant
495 2405 727 2552 eiidebantque.
770 2467 875 2531 Facile
899 2466 1116 2545 conveniebat,
1136 2467 1201 2530 Ro·

109 2553 214 2616 manis
226 2573 403 2638 numquam
423 2575 489 2617 una
511 2553 577 2617 acie
600 2561 727 2616 tantum
749 2551 965 2616 Macedonum
989 2551 1200 2615 interfectum.

111 2635 206 2701 Caesa
223 2637 308 2701 enlm
331 2639 372 2702 ad
385 2638 498 2723 viginti
520 2639 619 2702 mihis
639 2638 806 2702 hominum
832 2645 929 2701 sunt:
953 2637 994 2700 ad
1013 2657 1068 2700 sex
1092 2635 1200 2715 millia,
1213 2629 1357 2722 ².⁰,·⁰⁰⁰‘'·

110 2721 167 2806 qui
184 2721 328 2808 Pydnam
342 2745 381 2786 ex
395 2724 460 2787 acie
474 2724 688 2823 perfugerant,
700 2723 764 2787 vivi
788 2723 822 2786 in
844 2729 1035 2808 potestatem
1049 2743 1201 2808 pervene·
1213 2693 1352 2818 {29J¹’⁰⁰⁰

108 2815 207 2870 runt:
230 2817 263 2871 et
276 2807 348 2893 vagi
370 2809 409 2871 e‘
431 2809 508 2893 suga
531 2830 672 2893 qumque
696 2808 795 2872 millia
814 2807 982 2871 hominum
1003 2815 1105 2954 capta.
1149 2807 1201 2869 Ex

108 2891 284 2956 victoribus
299 2893 481 2956 ceciderunt
495 2915 560 2957 non
575 2894 649 2978 plus
664 2901 804 2971 centum,
814 2901 847 2955 et
860 2913 970 2955 eorum
983 2913 1039 2956 mu
1053 2902 1086 2956 to
1100 2893 1202 2975 major

108 2997 185 3064 pars
202 2977 334 3062 Peligni.
357 2977 513 3041 vulnerati
527 2978 688 3062 aliquanto
697 2977 805 3062 plures
815 2985 900 3039 sunt.
945 2975 1042 3040 Quod
1057 2975 1083 3038 si
1098 2984 1202 3038 matu-

108 3061 178 3125 rius
192 3061 329 3148 pugnari
344 3069 485 3148 creptum
507 3071 599 3142 esset,
614 3071 651 3125 ut
666 3061 742 3125 satis
758 3061 819 3124 diei
840 3060 1013 3124 victoribus
1034 3059 1075 3122 ad
1096 3079 1202 3144 perse-

109 3147 276 3230 quendum
291 3155 480 3295 suppresaet,
494 3147 606 3211 deletae
621 3167 731 3210 omnes
746 3145 847 3244 copiae
862 3145 985 3208 forent:
1007 3165 1094 3207 nunc
1109 3141 1203 3206 inmi-

108 3251 192 3295 nens
206 3253 271 3295 nox
286 3240 318 3296 et
367 3232 489 3318 gientes
504 3233 594 3312 texit,
607 3240 640 3296 et
658 3233 809 3295 Romanas
827 3229 987 3316 pigritiem
1010 3229 1050 3292 ad
1068 3249 1202 3313 sequeu-

110 3315 190 3380 dum
205 3316 307 3380 locisi
353 3317 415 3381 otis
430 3316 514 3381 fecit.

154 3401 286 3464 XLIII.
335 3421 442 3465 erseus
463 3401 504 3464 ad
527 3401 661 3465 Pieriam
684 3399 796 3464 silvam
814 3399 865 3462 via
884 3398 1023 3478 militari,
1044 3397 1203 3496 frequenti
1216 3406 1359 3467 negiafuga

110 3484 239 3569 agmine
263 3485 408 3570 equitum
429 3493 461 3549 et
482 3486 568 3571 regio
593 3485 755 3564 comitatu,
777 3484 871 3569 sugit.
915 3483 1018 3548 Simul
1040 3482 1074 3546 in
1092 3483 1203 3546 silvam

109 3577 244 3632 ventum
265 3577 324 3651 est,
345 3569 402 3634 ubi
421 3571 529 3656 plures
546 3571 678 3634 diversae
698 3571 818 3634 semitae
835 3577 934 3647 erant,
955 3575 988 3631 et
1004 3587 1069 3630 nox
1089 3567 1203 3652 adpro-

136 3653 312 3752 inquabata
356 3677 430 3718 cum
466 3677 506 3740 pe
546 3655 633 3719 aucis
675 3654 812 3718 maxime
846 3653 920 3716 fidis
949 3651 1001 3715 via
1043 3651 1170 3716 divertit
1178 3661 1202 3714 Ι.

110 3675 258 3822 Xqurtes,
285 3739 353 3803 sine
379 3740 459 3803 duce
486 3761 520 3804 re
534 3739 597 3819 cti,
620 3738 672 3802 alii
694 3737 754 3802 alia
774 3737 807 3802 in
828 3737 969 3800 civitates
993 3755 1067 3800 suas
1090 3734 1203 3821 dilapsi

112 3829 205 3886 eunte
224 3823 375 3910 perpauci
389 3823 463 3888 iude
479 3823 598 3888 Pellam
614 3823 755 3902 celerius,
771 3843 866 3906 quam
881 3822 949 3907 ipse
966 3821 1109 3900 Perseus,
1129 3819 1204 3920 quia

110 3905 230 3971 ⁸'recta
258 3908 404 3994 expedita
426 3909 478 3972 via
501 3909 613 3987 ierant,
640 3915 862 3992 pervenerunt.
905 3907 975 3970 Rex
1002 3905 1043 3968 ad
1067 3905 1203 3970 mediam

242 4061 381 4128 ‘westie
392 4081 429 4115 aar
442 4067 510 4130 Cotys
523 4065 618 4127 Kreyss.
633 4065 708 4113 aeti.
861 4065 976 4112 ‘tentat
987 4065 1054 4112 (trev.
1068 4063 1145 4112 aeta.

242 4127 290 4178 ‘aa
302 4131 397 4192 Xreyaa.
411 4131 487 4179 aeta.
664 4131 787 4177 tdeaertit
797 4129 870 4175 Gran.
883 4129 950 4176 Orer.
961 4129 1056 4188 llreyaa.
1070 4127 1145 4174 heich.

147 4267 180 4314 8³
197 4267 252 4314 Gaas
264 4267 341 4316 &cru
352 4264 408 4328 atu]
426 4265 729 4314 vianoaaaaatxmt.
762 4264 906 4327 Odrysarum
923 4265 976 4320 mit,
991 4271 1017 4310 ut
1036 4267 1125 4310 conant
1139 4273 1167 4305 ex
1179 4273 1198 4304 c
1209 4257 1249 4313 bl,
1263 4256 1278 4303 l.
1292 4255 1369 4302 XLII.

114 4345 134 4377 α
146 4329 319 4456 &abablio
329 4393 433 4441 Castorea
441 4389 590 4456 aequabatur]
608 4392 728 4440 Emendat
762 4343 912 4440 sapiam
931 4392 1035 4452 caprilla
1055 4383 1105 4448 ata]
1134 4386 1197 4446 Lege
1218 4383 1296 4445 potius
1317 4397 1369 4430 cam

115 4457 166 4506 lae.
176 4457 316 4514 Gronovius,
333 4454 448 4518 melesii!
459 4471 496 4504 aar
507 4458 575 4520 Cotys
586 4459 726 4519 aequemur.
760 4457 886 4512 Gronoan,
903 4463 966 4503 recta
979 4459 1002 4500 rt
1012 4453 1117 4512 eapaatta
1132 4452 1186 4498 aloa
1203 4457 1227 4496 et
1245 4449 1371 4508 repeditare

116 4521 223 4569 lhmnsnt
244 4521 307 4568 hanc
327 4523 485 4582 conjecturam
512 4535 565 4580 que
592 4527 729 4580 sequuntur.
761 4522 819 4566 dan
834 4519 938 4579 intellige
951 4531 998 4565 nou
1009 4512 1130 4564 arboribus
1141 4513 1286 4562 ethuticetla
1297 4513 1372 4574 lanpe-

118 4587 302 4646 Odrrmnqu
333 4587 453 4648 φησιν.
499 4583 561 4632 Naro
588 4585 661 4644 Cotys
688 4597 729 4630 rer
762 4583 843 4630 diram.

1021 4641 1117 4703 aaa
