3086 4952
199 301 241 366 7⁶
796 285 889 352 τιτι
911 287 1025 352 mvn

201 461 231 507 u.
242 457 335 506 caat.
363 449 444 522 neat,
466 441 525 504 sibi
545 439 651 522 ptoria
670 439 703 500 ia
717 457 841 516 ,omrem
858 437 953 498 uitam
972 437 1025 498 itio
1046 434 1095 498 die
1114 435 1193 498 satis
1206 436 1363 516 maritam
1377 457 1456 513 esse,

201 523 230 570 Α·
242 523 269 570 ⁰·
283 521 335 570 ¹⁹¹·
365 548 422 610 qao
436 547 469 589 se
482 527 581 588 rimam
592 521 912 604 optimamjadicatam
923 521 967 582 ad
974 519 1182 600 accipiendam
1190 512 1327 583 Matrem
1336 521 1457 582 Idoeam

365 613 495 674 misisset
507 614 638 671 serratas.
680 607 748 668 Hae
762 607 859 681 titolo,
879 605 937 667 etsi
951 624 1005 666 aee
1018 605 1191 668 emmtlutm
1207 624 1262 666 aee
1282 606 1457 684 triumphas

367 696 512 776 adjicitur
523 703 547 770 ¹,
568 693 646 754 satis
659 691 813 752 amatam
826 691 1061 768 honoratamque
1079 686 1098 718 ¹⁹
1110 689 1147 750 P.
1163 688 1315 768 Scipriaais
1328 689 1457 750 Nasicae

204 789 314 848 erinpe-
366 775 615 860 imapiaemsore.
660 772 835 837 Universus
856 779 984 834 senatus
1006 793 1071 836 non
1087 770 1156 856 ipse
1174 771 1270 834 modo
1289 771 1330 834 ad
1346 771 1456 834 decer·

202 859 255 898 ¹¹⁸¹·
367 862 509 926 nendum
533 858 731 942 triumphum
759 855 929 932 consensit,
954 855 1010 918 sed
1037 854 1132 918 etiam
1161 855 1326 918 tribunum
1349 855 1455 940 plebis

367 944 552 1010 auctoritate
582 963 640 1005 sua
666 940 820 1024 compulit
854 939 895 1002 ad
929 938 1150 1002 remittendam
1185 938 1455 1002 intercessionem.

368 1031 404 1092 P.
421 1027 586 1092 Cornelius
612 1025 724 1088 consul
752 1023 958 1108 triumphavit
977 1023 1017 1086 de
1039 1022 1136 1086 Boiis.
1172 1021 1206 1085 in
1227 1043 1264 1086 eo
1288 1022 1456 1107 triumpho

369 1111 499 1176 Gallicis
509 1108 666 1194 carpentis
676 1128 763 1172 arms
777 1107 928 1192 signaque
942 1114 975 1169 et
989 1106 1090 1192 spolia
1098 1107 1201 1170 omnis
1254 1107 1338 1170 neris
1350 1115 1456 1170 trans-

367 1197 463 1275 vexit,
478 1203 510 1258 et
523 1215 598 1258 vasa
612 1213 700 1255 renea
715 1191 853 1256 Gallica:
876 1198 909 1254 et
927 1212 1001 1254 cum
1017 1191 1150 1274 captivis
1174 1212 1216 1254 na
1238 1189 1334 1254 ilibus
1355 1213 1456 1274 equo-

368 1301 441 1344 rum
471 1299 597 1362 quoque
626 1285 791 1360 captorum
820 1296 948 1360 gregem
977 1274 1127 1338 traduxit.
1169 1275 1294 1338 Aursos
1323 1283 1456 1358 torques

368 1363 531 1427 transtulit
552 1361 637 1424 mille
659 1359 906 1444 quadringentas
929 1358 1130 1442 septuaginta
1148 1369 1279 1422 unum⁰.
1315 1360 1456 1422 adhoc1¹

369 1447 467 1510 ”auri
490 1445 598 1532 pondo
622 1444 758 1507 ducenta
774 1443 981 1540 qnadraginta
1002 1451 1124 1526 septem
1133 1453 1157 1521 ¹¹,
1179 1443 1331 1526 ¹¹argenti
1345 1443 1455 1506 infecti

368 1531 505 1614 factique
530 1530 564 1594 in
587 1528 717 1592 Gallicis
732 1548 825 1604 vasis,
846 1548 911 1590 non
933 1527 1054 1590 infabre
1078 1548 1136 1590 suo
1158 1547 1244 1590 more
1264 1527 1366 1605 factis,
1389 1527 1455 1590 duo

368 1615 467 1678 millia
488 1621 628 1676 trecenta
645 1611 852 1695 quadraginta
875 1611 993 1694 pondo,
1017 1611 1227 1708 ”bigatorum
1249 1633 1456 1674 nummorum

370 1699 506 1761 ducenta
518 1696 648 1780 triginta
662 1703 797 1778 quatuor
807 1705 826 1758 ¹.
861 1694 1025 1772 militibus,
1039 1717 1095 1778 qm
1109 1717 1237 1758 currum
1252 1695 1352 1758 secuti
1367 1704 1455 1773 sunt,

371 1783 564 1845 ”trecenos'
587 1779 713 1842 vicenos
736 1779 850 1862 quinos
877 1799 962 1842 asses
981 1779 1105 1856 divisim
1127 1779 1245 1863 duplex
1266 1781 1455 1856 centurioni,

369 1865 485 1950 triplex
498 1863 606 1948 eqsaiti.
643 1864 772 1926 Postero
787 1863 847 1940 die,
861 1863 1012 1926 concione
1027 1864 1187 1941 advocata,
1202 1864 1241 1927 de
1255 1863 1350 1928 rebus
1364 1865 1404 1928 ab
1421 1886 1456 1926 se

369 1951 477 2034 gestis,
501 1957 533 2012 et
555 1947 594 2010 de
616 1945 731 2030 injuria
749 1946 869 2009 tribuni
889 1945 971 2009 bello
986 1946 1087 2010 alieno
1102 1969 1136 2010 se
1149 1947 1320 2032 inligantis,
1335 1957 1372 2010 ut
1387 1971 1456 2011 suae

368 2033 506 2098 victoriae
521 2033 627 2095 fructu
642 2051 675 2093 se
690 2031 897 2109 defraudaret,
919 2053 1019 2115 quum
1040 2031 1248 2110 disseruisset,
1270 2031 1386 2096 milites
1401 2055 1456 2096 sx-

369 2125 547 2182 auctoratos
569 2115 697 2179 dimisit.

412 2202 504 2266 XLI.
527 2202 615 2264 Dum
630 2201 698 2263 baec
717 2199 751 2262 in
772 2199 864 2262 Italia
881 2207 1045 2284 geruntur,
1066 2200 1244 2264 Antiochus
1264 2201 1385 2286 Ephesi
1406 2223 1456 2266 se·

370 2307 465 2350 curus
483 2286 653 2349 admodum
673 2285 712 2348 de
726 2283 809 2348 bello
824 2285 967 2348 Romano
988 2293 1064 2362 erat,
1086 2292 1247 2368 tamqnam
1267 2307 1331 2348 non
1351 2295 1456 2348 trans-

369 2371 461 2434 ituris
478 2371 511 2433 in
530 2371 639 2432 Asiam
661 2367 822 2432 Romanis.
857 2391 953 2452 quam
978 2368 1174 2432 securitatem
1199 2369 1228 2432 ei
1245 2391 1360 2454 magna
1404 2392 1455 2432 ars

370 2455 542 2518 amicorum
556 2462 612 2516 aut
634 2473 691 2535 per
714 2474 859 2530 errorem,
882 2461 938 2516 aut
960 2453 1153 2516 adsentando
1176 2453 1318 2518 faciebat.
1399 2476 1456 2516 nn-

370 2538 457 2601 nibal
470 2559 564 2614 unus,
580 2537 601 2568 ¹¹
610 2536 702 2619 eujus
717 2557 754 2598 eo
772 2543 913 2620 tempore
928 2537 978 2599 vel
991 2537 1144 2600 maxima¹
1157 2537 1244 2622 apud
1257 2559 1364 2622 regem
1379 2560 1455 2602 auc-

208 2637 299 2683 nonin
371 2623 480 2686 toritas
504 2627 580 2696 erat,
602 2621 708 2700 Mapis
731 2621 840 2682 mirari
864 2640 907 2696 se,
929 2620 1040 2699 aiebat,
1063 2622 1143 2702 quod
1162 2623 1354 2703 nonjamin
1375 2625 1456 2686 Asia

208 2699 353 2747 *¹¹¹¹lb¹¹l¹·
371 2711 468 2769 msera
497 2705 637 2780 Romani,
660 2723 749 2783 quam
776 2710 916 2766 venturos
944 2705 1093 2768 amatre.
1137 2705 1300 2787 ¹³Propias
1325 2728 1398 2785 esse,
1421 2711 1456 2770 ia

370 2792 480 2852 Asiam
503 2809 541 2850 ea
569 2788 698 2864 Gracia,
723 2808 812 2868 paam
836 2808 875 2850 ea
893 2789 988 2851 Italia
1008 2791 1042 2852 ia
1068 2791 1218 2853 &actam
1242 2791 1402 2872 trajicere:
1425 2799 1456 2854 et

370 2875 463 2936 mutto
476 2872 621 2952 majorem
636 2892 773 2934 samsom
787 2874 980 2950 Antiochum,
1002 2894 1091 2954 msam
1105 2875 1238 2953 AEtalos,
1253 2895 1326 2938 esse.
1362 2897 1456 2957 repete

370 2960 448 3020 caim
463 2959 542 3020 mari
556 2959 665 3033 mima,
679 2977 769 3038 qrsom
778 2963 872 3035 terra,
880 2958 996 3038 pollere
1009 2959 1147 3021 Romaaa
1159 2979 1255 3022 amaa.
1268 2960 1456 3040 jampridem

370 3044 495 3106 classem
518 3044 602 3105 eirca
620 3043 757 3104 Maleam
780 3061 852 3104 esse.
895 3041 1014 3104 Audire
1035 3062 1109 3119 sese,
1130 3063 1226 3124 reaper
1248 3065 1341 3106 novas
1364 3065 1456 3106 aaaes

369 3147 534 3207 novamque
556 3127 768 3205 imperatorem
791 3126 837 3187 rei
856 3125 995 3206 pereada
1019 3145 1127 3188 caussa
1148 3147 1187 3190 ea
1212 3128 1307 3190 Italia
1330 3131 1456 3192 amisse.

369 3213 477 3291 Itaque
494 3210 642 3271 desineret
657 3211 826 3271 Antiochus
834 3229 942 3288 pacem
956 3209 1014 3272 eibi
1028 3211 1093 3290 ipse
1105 3231 1158 3291 spe
1171 3232 1251 3274 aaao
1257 3211 1374 3292 facere.
1417 3215 1457 3274 la

370 3297 459 3370 Asia,
478 3299 508 3355 et
527 3293 563 3354 de
581 3294 649 3372 ipsa
668 3293 757 3370 Asia,
780 3293 861 3354 brevi
880 3299 964 3356 terra
978 3296 1114 3374 marique
1128 3296 1331 3358 dimicandum
1346 3298 1374 3359 ei
1389 3317 1458 3359 cam

370 3378 516 3441 Roasaais
541 3396 625 3439 esse:
648 3381 678 3438 et
705 3383 759 3438 aat
781 3378 939 3457 imperium
962 3379 1152 3440 adimendam
1174 3379 1276 3443 arbem
1304 3387 1458 3444 terranem

399 3533 413 3561 ¹³
424 3529 525 3574 masso
536 3529 609 3574 Gran.
622 3528 689 3574 Cres.
703 3527 778 3574 Belli.
893 3533 984 3576 ⁰uasm
996 3529 1040 3576 del.
1054 3530 1125 3576 Gran.
1139 3531 1207 3576 Cres.
1304 3537 1318 3576 P
1330 3533 1378 3578 itae
1390 3533 1456 3578 aad.

399 3594 523 3654 ipsisque
535 3591 600 3676 Esed.
671 3597 682 3624 ¹
693 3594 739 3638 tria
751 3593 831 3701 Elii,
842 3657 904 3702 m
904 3594 1124 3703 :praerepppscirierpp
1158 3601 1260 3642 emissas
1272 3595 1366 3655 Kreyss.
1380 3595 1457 3643 aera.

243 3781 272 3830 19
289 3779 340 3826 ¹1³.
353 3779 462 3840 Scipionis
475 3779 564 3825 Nasica
578 3775 709 3840 imaginem]
728 3779 815 3840 Imagi-
848 3781 937 3840 ergenii
949 3781 1020 3837 8640,
1029 3797 1081 3828 enm
1093 3783 1167 3830 unciis
1178 3785 1201 3829 b.

209 3847 277 3892 nibus
288 3845 403 3890 clarorum
414 3844 516 3888 virorum
533 3843 736 3889 subscribebantur
754 3843 816 3889 tituli
880 3845 912 3890 2³
931 3846 1039 3892 Yreeeaos
1057 3850 1143 3893 oieesos
1160 3849 1238 3908 quinas
1252 3845 1325 3909 asses]
1345 3848 1458 3895 Denarios

208 3909 331 3964 bonorum,
351 3921 408 3966 quos
426 3907 560 3965 gessissent,
571 3915 595 3952 et
613 3905 632 3952 si
651 3906 707 3966 qnid
724 3907 769 3953 illis
785 3907 815 3953 sd
848 3909 917 3968 psulc
936 3909 988 3968 plus
1006 3909 1043 3955 20.
1078 3911 1212 3957 semuncias
1234 3913 1325 3971 argenti
1344 3919 1458 3958 notantes

208 3972 306 4032 gloriam
318 3971 409 4030 insigne
420 3971 561 4029 contigisset.
848 3973 918 4031 paulo
930 3972 982 4031 plus
994 3973 1017 4018 a.

241 4035 272 4082 20
289 4036 348 4082 Auri
358 4035 430 4094 pondo
440 4033 698 4094 darentaqsodrogiata
708 4029 817 4094 quisque]
883 4035 913 4080 ΞΛ
932 4034 1003 4095 Cujus
1013 4051 1038 4082 eo
1049 4043 1145 4096 tenpore
1157 4043 1184 4084 st
1194 4035 1303 4099 marim]
1323 4039 1360 4084 Sic
1370 4037 1459 4086 babent

210 4097 301 4145 Marsas
331 4105 445 4145 nostrates
471 4097 526 4152 882,
548 4111 601 4142 curn
624 4097 699 4143 unciis
726 4111 767 4143 sex
794 4106 818 4144 et
851 4097 918 4144 lise.
927 4107 985 4144 teste
995 4099 1123 4146 Gronorio.
1140 4101 1273 4148 Assentitur
1284 4111 1362 4148 noster
1371 4103 1457 4149 Victor.

208 4161 334 4208 semuncia.
851 4161 926 4222 laege:
944 4163 979 4209 uei
988 4165 1092 4210 maxima.

240 4225 270 4272 al
289 4223 816 4286 Argeati,...dsomiiiiatrseeatopsadra·
880 4225 912 4271 25
929 4225 1025 4286 Propius
1037 4242 1084 4274 esse
1095 4229 1119 4273 is
1131 4229 1210 4275 Asiam
1222 4244 1249 4276 es
1259 4225 1360 4288 Grecis]
1385 4229 1458 4276 Recte

206 4291 274 4350 ginta
301 4287 386 4350 pondo]
416 4289 505 4335 llsrcss
528 4293 641 4332 nostrates
667 4285 738 4342 3666,
763 4301 816 4333 cum
848 4291 954 4334 observat
967 4290 1074 4349 Dujsrius
1090 4295 1182 4351 propias
1201 4292 1238 4338 hic
1255 4293 1361 4352 usurpari
1372 4307 1413 4352 pro
1429 4308 1458 4340 eo

210 4351 312 4398 cosilai
849 4353 912 4411 quod
923 4361 957 4398 est
967 4357 1083 4413 prastias,
1088 4351 1193 4414 facilius.
1218 4356 1278 4402 Nem
1288 4357 1395 4416 trajectus
1407 4357 1458 4416 ipse

242 4416 274 4460 ’ἃ
290 4415 423 4475 Bigatoram
447 4429 583 4462 summorum
605 4413 701 4460 decemo
722 4415 818 4474 triginta
849 4416 996 4462 breviasset
1016 4431 1045 4462 es
1065 4418 1133 4464 ltslis
1151 4419 1176 4465 in
1196 4419 1319 4476 Grecism,
1339 4433 1408 4480 quem
1426 4435 1457 4466 ex

210 4474 268 4538 tria]
287 4479 374 4538 Supple
385 4479 465 4526 attila
483 4477 718 4542 Denarioshibilmd,
729 4491 817 4524 marcas
849 4479 941 4525 Grecis
952 4479 975 4526 iu
989 4479 1079 4527 Asiam.
