3118 5002
495 315 583 382 LIB.
605 317 698 382 XLI.
728 315 824 381 CAP.
846 317 947 382 XIII.
1342 321 1410 386 309

147 487 270 551 aesque
285 464 364 528 undi
385 485 426 528 ue
440 485 484 549 po
508 464 563 542 uli,
578 461 743 528 obsidibus
759 463 851 542 datis,
867 463 901 526 in
915 462 1066 527 ditionem
1076 471 1241 528 venenmt.
1254 483 1283 531 u.
1296 485 1323 531 c.
1334 483 1389 538 tta

149 552 219 616 Sub
245 549 351 614 Istrici
419 571 470 614 em
483 487 563 614 leui
584 548 672 634 apud
686 548 821 634 Ligures
836 547 969 612 concilia
982 547 1022 612 de
1035 547 1119 612 bello
1132 549 1241 614 haberi
1253 547 1282 594 ⁸—
1294 547 1321 596 ⁰·
1335 547 1388 604 ¹7⁷·

147 657 198 700 coe
221 643 263 700 ta.

229 719 274 783 11.
295 718 345 782 Ti.
356 716 510 782 Claudius
523 717 704 802 proconsul,
718 717 774 801 qui
788 724 906 802 praetor
915 717 1019 802 priore
1032 738 1116 780 anno
1127 717 1239 797 fuerat,

147 827 224 868 cum
237 803 384 888 prsesidio
397 801 530 887 legionis
543 801 639 864 unius
655 801 736 864 Pisis
749 809 892 886 praeerat.
929 802 1021 864 cu'us
1035 801 1133 864 literis
1149 823 1240 866 sena·

148 899 204 952 tus
218 888 330 952 certior
343 887 457 964 sactus,
471 907 523 949 eas
538 885 624 983 ipsas
638 885 743 950 literas
763 886 804 949 ad
819 885 857 950 O.
873 825 1044 949 Claudium
1061 887 1146 966 (nam
1161 885 1240 950 alter

149 973 263 1036 consul
279 973 347 1056 jam
373 971 408 1034 in
438 969 615 1034 Sardimam
643 970 817 1055 trajecerat)
846 971 1029 1034 deferendas
1058 979 1184 1035 censet:
1205 977 1239 1034 at

148 1057 259 1140 adjicit
274 1057 454 1132 decretum3
476 1057 618 1137 quonium
634 1057 731 1118 latria
738 1056 901 1136 ρνουίιιιία
916 1055 1051 1136 ooqsecta
1066 1063 1152 1133 esset,
1166 1057 1238 1119 aiei

147 1143 312 1220 cideretw,
337 1143 503 1204 sancitum
528 1141 701 1203 traduceret
720 1141 754 1202 irs
774 1140 913 1222 Lipares.
958 1139 1060 1202 Simul
1077 1161 1116 1203 ex
1137 1139 1236 1204 literIs

148 1225 298 1302 consulis,
313 1245 393 1309 quas
408 1223 555 1287 derebus
571 1223 604 1286 in
620 1223 715 1288 latria
733 1224 831 1308 gestis
851 1223 1028 1308 scripserat,
1049 1223 1082 1288 in
1100 1224 1235 1288 biduum
1249 1237 1296 1312 seq
1310 1237 1335 1286 tn
1346 1237 1401 1285 sn·

148 1309 340 1394 supplicatio
362 1309 496 1372 decreta.
540 1309 585 1371 Et
607 1309 648 1372 ab
671 1308 769 1371 altero
791 1307 920 1371 consule
934 1308 984 1372 Ti.
1000 1308 1074 1372 Sem
1098 1309 1187 1372 mnio
1201 1309 1235 1372 in
1248 1300 1399 1362 ‘Imm

148 1394 294 1457 Sardinia
303 1414 453 1478 prospere
467 1413 518 1456 res
532 1403 670 1478 gestae.
692 1391 877 1456 Exercitum
892 1391 925 1455 in
1019 1414 1052 1455 m
1087 1393 1237 1458 ardorum

149 1478 314 1541 Iliensium
328 1477 463 1541 induxit.
499 1477 685 1542 Balaromm
699 1498 815 1562 magna
829 1413 1128 1540 auxfflaappernsibus
1142 1498 1236 1540 vene-

147 1569 231 1628 rant
275 1561 357 1626 Cum
370 1569 504 1646 utraque
518 1570 613 1647 gente
628 1561 727 1646 signis
740 1560 873 1625 conlatis
888 1561 1038 1626 conflixit.
1068 1560 1131 1624 fusi
1145 1561 1236 1646 fuga-

147 1645 238 1730 tique
260 1647 377 1724 hostes,
402 1647 575 1730 onusque
598 1647 706 1710 exutis
728 1645 895 1710 duodecim
916 1645 1016 1710 millia
1043 1653 1236 1710 armatomm

145 1751 238 1796 coesa.
271 1731 401 1795 Postero
414 1731 464 1794 die
477 1752 565 1794 arma
578 1731 660 1794 lecta
673 1730 786 1816 conjici
800 1730 833 1793 in
849 1751 994 1796 acervum
1004 1729 1102 1816 jussit
1112 1730 1235 1810 consul,

143 1837 332 1964 ιιι
419 1815 564 1964 νηιι
595 1815 771 1964 ιιι
796 1815 1235 1964 cau...

217 1921 747 1964 masocrarumurrumreuxr
919 1947 927 1964 .
1005 1921 1111 1978 uus,

142 1985 193 2048 Ti.
207 1985 333 2049 Claudii
357 1993 390 2048 et
415 1985 689 2048 senatusconsulto
712 1993 852 2070 accepto,
870 2006 910 2048 ex
930 1984 1025 2048 Istria
1044 1985 1184 2070 legiones
1199 1983 1232 2048 in

143 2069 280 2154 Ligures
293 2069 483 2132 transduxit.
525 2069 578 2133 Ad
593 2069 799 2134 Scultennam
814 2069 933 2134 flumen
956 2068 991 2132 in
1012 2089 1140 2154 campos
1158 2089 1232 2154 pro-

143 2153 246 2236 gressi
266 2161 368 2216 castra
382 2153 539 2218 habebant
555 2154 673 2218 hostes.
718 2153 769 2217 Ibi
787 2174 862 2216 cum
885 2153 1018 2216 hisacio
1037 2152 1231 2217 dimicatum.
1246 2163 1344 2222 sisare·

144 2237 327 2320 quindecim
341 2237 437 2300 millis
450 2259 550 2317 oaesa3
565 2239 585 2272 ⁸¹
599 2238 673 2323 plus
688 2235 881 2322 septingenti
895 2245 952 2300 aut
962 2247 977 2276 ¹¹
993 2237 1027 2299 in
1040 2236 1162 2321 proelio,
1176 2249 1232 2299 aut
1244 2228 1396 2338 ξῗΰῑῗοὲῑω·

142 2321 178 2384 in
193 2321 305 2385 castris
323 2323 407 2404 (nam
431 2343 468 2386 ea
491 2344 617 2407 quoque
639 2330 820 2408 expugnata
841 2323 928 2404 sunt)
957 2320 1061 2406 captis
1083 2327 1117 2383 et
1142 2319 1232 2404 signa
1260 2305 1283 2338 ¹⁰

141 2406 291 2470 militaria
317 2427 419 2470 unum
446 2413 478 2470 et
505 2407 736 2492 quinquaginta
764 2413 866 2490 capta.
919 2404 1065 2490 Ligures,
1090 2404 1231 2488 reliquioe

142 2491 249 2568 caedis,
264 2491 297 2554 in
311 2501 436 2555 montes
450 2492 633 2577 refugerunt
646 2491 784 2578 passim:
799 2489 1028 2576 populantique
1039 2497 1231 2574 campestres

143 2595 238 2658 agros
263 2575 384 2639 consuli
406 2575 495 2640 nulla
519 2598 655 2660 usquam
682 2577 897 2662 adparuerunt
926 2596 1022 2638 arma.
1066 2573 1231 2652 Claudius,

143 2659 279 2722 duarum
292 2660 436 2744 gentium
451 2683 516 2724 uno
531 2683 614 2724 anno
629 2661 739 2740 victor,
753 2661 888 2739 duabus,
903 2660 990 2744 quod
1003 2681 1074 2724 raro
1089 2658 1180 2738 alius,
1197 2657 1231 2728 in

142 2743 311 2808 consulatu
325 2744 446 2830 pacatis
460 2745 630 2830 provinciis
644 2747 778 2809 Romam
792 2745 930 2810 revertit.

186 2827 285 2893 XIII.
309 2829 457 2914 Prodigia
470 2851 507 2894 eo
523 2830 787 2946 announunciata.
823 2829 857 2927 in
878 2827 1086 2893 Crustumino
1108 2827 1231 2926 ”avem
1243 2835 1359 2897 Mith-

142 2913 1053 3084 titttt.tttt.tttl...t⁰tmvttltttttf
1066 2913 1231 3092 i‘yiffii.

143 3080 184 3144 ab
211 3082 327 3166 agresti
351 3090 453 3160 tauro,
475 3083 530 3166 qui
557 3105 669 3168 pecore
690 3083 874 3159 aberrasset,
902 3081 1023 3158 initam,
1050 3099 1086 3141 ac
1112 3099 1231 3142 semma

142 3165 335 3262 adspersam.
378 3167 418 3230 In
434 3167 640 3231 Crustumino
655 3168 739 3232 diem
753 3187 855 3230 unum
875 3165 909 3228 in
926 3164 996 3250 ipso
1018 3163 1087 3227 loco
1109 3161 1231 3248 suppli-

142 3259 226 3312 catio
239 3250 320 3314 fuit:
343 3257 376 3315 et
388 3251 421 3314 in
438 3251 613 3336 Campania
628 3252 687 3316 bos
704 3251 817 3315 alenda
833 3249 960 3336 publice
979 3249 1072 3312 datas
1096 3248 1231 3332 Syracu·

144 3355 321 3418 sanumque
348 3335 529 3420 prodigium
552 3335 725 3420 expiatum,
748 3334 840 3400 editis
864 3334 904 3398 ab
926 3332 1124 3418 aruspicibus
1148 3331 1231 3412 Diis,

145 3417 263 3564 quibus
291 3440 328 3482 su
375 3419 531 3483 licaretur.
579 3421 725 3484 Pontifex
753 3441 791 3483 eo
819 3441 903 3482 anno
930 3427 1076 3482 mortuus
1105 3425 1154 3480 est
1181 3417 1230 3481 M.

174 3501 299 3564 laudius
365 3503 507 3581 arcellus,
530 3503 586 3586 qui
614 3504 726 3568 consul
753 3523 927 3586 censorque
954 3503 1067 3568 fuerat.
1099 3502 1133 3566 in
1159 3501 1228 3586 ejus

144 3585 250 3648 locum
280 3587 442 3650 subfectus
469 3595 519 3650 est
566 3587 686 3651 ontifex
709 3587 793 3650 filius
817 3587 886 3671 ejus
909 3587 958 3650 M.
980 3585 1162 3650 Marcellus.
1197 3592 1230 3650 et
1243 3605 1383 3652 tunsaru-

143 3667 303 3734 “Lunam
331 3671 476 3735 coloniap
502 3693 519 3734 e
563 3693 613 3735 em
641 3694 725 3737 anno
754 3671 818 3736 duo
847 3670 946 3734 millia
974 3669 1091 3734 civium
1114 3671 1230 3733 Roma·
1243 3669 1290 3717 ¹¹⁵⁸

336 3811 359 3840 Ν
369 3823 406 3854 rss
414 3813 480 3868 gesta
493 3808 586 3867 Kreysu
600 3807 677 3854 sens.
812 3811 827 3842 ¹¹
838 3813 879 3852 cst
890 3805 935 3852 del.
948 3805 1021 3852 (ιιοιι.
1034 3806 1101 3852 cres.

257 3873 271 3902 ⁰
281 3871 375 3918 unsa
384 3871 451 3918 cres.
464 3871 559 3931 Kreyss.
573 3871 649 3918 seru
804 3875 819 3916 P
830 3871 916 3918 Lam
927 3870 1033 3916 m
1044 3869 1117 3916 Gron.
1130 3869 1199 3916 Cres.

177 3995 207 4042 tl
226 3995 283 4042 rto
292 3993 441 4058 septingenti]
459 3997 498 4044 διο
515 3997 562 4056 legi
577 3997 648 4057 jussit
659 3997 751 4044 (Itono-
785 3994 898 4055 religIone
910 4001 934 4040 et
945 3993 1009 4040 cultu
1021 3993 1059 4040 dei
1073 3992 1186 4046 Termini,
1197 3992 1247 4038 slve
1257 3991 1393 4052 hujusmodl

161 4060 167 4072 '
253 4059 312 4106 Lisii
324 4074 389 4106 mors
409 4075 456 4107 ιιοιι
467 4063 622 4121 septingentis.
785 4059 899 4118 lapidum,
911 4057 958 4104 vis.
971 4057 1032 4104 I'lut.
1044 4057 1069 4104 ln
1083 4057 1168 4102 Numa.

145 4073 198 4106 rsus
209 4073 239 4104 ss
390 4092 396 4114 ,

177 4123 211 4168 52
226 4119 449 4185 Amsmgudsss]
467 4124 580 4170 Scribitur
597 4137 751 4184 quoquessrs·
818 4123 850 4168 dd
867 4121 950 4169 Bm
977 4123 1002 4166 ts
1025 4121 1149 4180 conponis
1175 4112 1283 4176 unm]
1317 4115 1394 4176 Vulgo

144 4187 228 4248 qualis·
262 4185 298 4231 De
316 4187 445 4234 esl’linius
461 4187 605 4234 susurronem
622 4187 678 4233 lacit
693 4187 709 4232 l.
722 4185 752 4232 X.
785 4186 890 4232 Ιωιιιιιιιι.
923 4183 1031 4231 Ssdlss.
1045 4179 1271 4229 Gronoslusmaluit
1288 4179 1392 4234 locutu,

144 4265 165 4296 c
179 4249 202 4302 7.
221 4247 309 4296 vises
322 4250 427 4298 Festum.
461 4251 562 4298 Nomine
580 4259 671 4296 tsotum
688 4249 754 4296 nobis
785 4259 909 4308 proptssss
920 4247 983 4309 quod
1000 4260 1054 4293 mos
1070 4244 1176 4304 sequitur
1186 4242 1394 4301 Bosslssdspst·

146 4319 254 4359 nonest.
786 4313 902 4359 llcsdota.

178 4375 212 4422 63
228 4376 322 4423 &raas
334 4373 443 4437 lapideas]
462 4377 571 4436 Aliquem
582 4391 612 4424 es
623 4375 652 4422 iis
670 4375 754 4437 lapidI·
820 4377 852 4421 tt
869 4370 966 4434 Lucan]
986 4371 1032 4418 lile
1043 4367 1200 4442 Gronchsnss
1219 4366 1334 4414 editiones
1351 4369 1394 4414 lra-

145 4441 199 4494 bus,
207 4453 266 4498 qoos
277 4441 430 4488 terminandis
441 4441 504 4500 agris
513 4441 571 4487 ttsos
582 4442 756 4493 consecrabsnt.
786 4441 844 4485 bens
854 4439 957 4485 Lunam
974 4434 1091 4482 mendose·
1110 4431 1253 4477 Vetustwres
1269 4431 1396 4490 proterunt

143 4504 263 4550 osnsbnt
284 4502 388 4562 floribus,
409 4504 471 4551 olivo
494 4505 621 4564 nngsbsct.
642 4511 686 4550 stc.
720 4503 756 4549 De
787 4503 881 4558 Lucan,
892 4507 916 4548 et
928 4497 1044 4546 consentit
1055 4494 1193 4552 vellelum.
1206 4493 1226 4542 I.
1237 4509 1257 4542 c.
1270 4494 1307 4543 la
