3098 4958
494 327 582 393 LIB.
604 328 735 396 XLIII.
765 329 861 396 cAP.
883 331 961 398 XX.
1329 338 1391 402 405

140 493 269 538 omnem
291 471 482 552 deditorum,
506 493 579 558 quae
597 497 696 560 prope
719 496 852 542 numeru
875 477 1048 542 exercitum
1072 479 1228 563 aequabat,
1242 501 1270 547 υ.
1281 501 1375 550 caat

142 557 313 624 Stuberam
340 557 481 622 abducit.
534 559 585 622 lbi
610 559 794 641 'Romania
819 563 968 645 (quatuor
995 563 1094 626 millia
1121 573 1228 628 autem
1242 567 1300 614 bc
1322 567 1373 616 169-

140 643 308 706 hominum
332 644 433 724 erant)
460 650 577 728 praeter
600 644 770 730 principes,
794 645 828 708 in
854 645 1031 710 custodiam
1053 647 1228 712 civitatium

141 727 260 806 divisis,
276 726 516 790 Uscanensibus
539 727 717 827 Illyriisque
732 729 879 809 venditis,
893 729 927 794 in
943 731 1121 794 Penestiam
1140 754 1228 796 exer-

130 809 240 876 'citum
249 811 371 876 reducit
380 811 421 874 ad
433 811 589 876 Oaeneum
598 814 753 898 oppidum
765 814 798 878 in
809 822 998 913 potestatem
1009 817 1227 900 redigendum.

142 905 175 960 et
197 895 313 979 alioqui
335 904 515 982 opportune
540 895 648 976 situm,
662 907 695 962 et
718 907 872 964 transitus
892 921 929 964 ea
949 899 1046 964 estin
1061 901 1226 980 Labeates,

141 979 199 1044 ubi
215 979 352 1044 Gentius
366 979 528 1066 regnabat.
552 981 760 1047 Praetereunti
774 984 922 1082 frequens
937 985 1111 1064 castellum,
1122 986 1226 1050 Drau-

142 1065 255 1128 dacum
278 1065 417 1144 nomine,
431 1065 605 1163 peritorum
620 1067 750 1152 quidam
772 1089 806 1132 re
840 1068 910 1132 onis
932 1068 1011 1153 ejus,
1026 1071 1104 1134 nibil
1119 1072 1226 1134 anneo

141 1155 228 1232 copto
243 1170 318 1232 opus
330 1171 404 1230 esre,
418 1158 473 1228 art,
487 1151 548 1214 oiri
561 1152 594 1214 in
601 1159 754 1234 potestate
767 1159 797 1217 et
857 1154 1006 1217 caducum
1019 1156 1070 1218 ait.
1097 1153 1226 1236 'oppor-

141 1236 242 1298 tunior
264 1237 381 1298 etiams
394 1235 438 1298 ad
457 1237 558 1298 murae
574 1240 711 1318 mum
731 1257 805 1302 care.
847 1237 987 1302 Admota
1002 1237 1142 1302 exercitu
1156 1260 1225 1302 cm-

140 1340 197 1382 nes
211 1319 371 1404 extemplo
390 1319 580 1384 dediderunt
601 1342 680 1386 sese.
723 1321 798 1388 Qua
819 1343 876 1406 spe
898 1321 1044 1388 celeriore
1066 1323 1224 1388 deditione

139 1411 275 1482 erectus,
340 1413 466 1488 atquam
486 1403 718 1484 animadvertit,
733 1413 872 1490 quantus
895 1406 1030 1490 agminis
1054 1407 1103 1470 sui
1124 1415 1225 1470 terror

140 1495 235 1564 esset,
248 1509 294 1550 un
317 1487 394 1552 eoim
409 1488 470 1552 alia
484 1489 612 1552 castella
625 1489 736 1554 eodem
748 1499 838 1556 metu
852 1491 886 1554 in
899 1499 1088 1576 potestatem
1099 1489 1223 1576 redigit.

140 1571 183 1634 ad
206 1591 364 1656 perpauca
386 1571 417 1637 vi
439 1595 521 1658 opus
543 1573 614 1652 fuit,
628 1583 731 1638 cetera
743 1575 907 1640 voluntate
927 1575 1051 1640 deditae
1073 1584 1106 1638 et
1118 1576 1151 1638 in
1173 1575 1223 1639 his

139 1655 259 1754 recepti
281 1655 367 1720 mille
388 1665 420 1721 et
442 1657 518 1741 quin
560 1659 608 1722 nti
623 1658 767 1744 dispositi
788 1681 847 1744 per
868 1659 1015 1745 praesidia
1028 1659 1144 1724 milites
1160 1660 1224 1724 Ro-

139 1761 234 1806 maur.
279 1740 316 1804 M
381 1742 496 1806 ousui
533 1743 673 1808 rareilius
689 1743 873 1829 Spoletinus
892 1751 959 1808 erat
979 1743 1014 1808 in
1036 1744 1223 1828 conloquiis,

139 1825 283 1904 dicendo,
306 1761 386 1890 nihil
409 1825 443 1890 in
468 1825 556 1912 ipsos
579 1827 735 1892 soevitum.
777 1829 831 1892 Ad
854 1828 1011 1892 anneum
1035 1837 1223 1914 perventum

139 1919 198 1988 est,
212 1909 300 1994 quod
314 1910 382 1974 sine
393 1909 482 1995 justa
495 1911 731 1996 obpugnatione
746 1913 817 1998 capi
827 1934 892 1976 non
904 1921 1048 1997 potarat;
1063 1921 1096 1976 et
1106 1912 1223 1997 majore

139 1993 312 2078 aliquanto,
326 2016 423 2079 quam
443 2003 556 2075 cetera,
566 1996 746 2080 juventute,
761 2007 794 2061 et
807 1996 947 2062 validum
969 1997 1123 2082 oppidum
1145 2019 1223 2062 moe·

139 2078 235 2143 nibus
258 2087 334 2143 erat.
365 2087 398 2144 et
416 2079 491 2144 binc
513 2081 614 2144 amnis
628 2082 761 2144 Artatus
782 2081 919 2160 nomine,
935 2081 1009 2144 hinc
1030 2103 1122 2144 mons
1140 2103 1223 2165 prae-

140 2162 225 2228 altus
246 2171 279 2227 et
302 2163 391 2228 aditu
413 2164 548 2230 difficilia
571 2165 728 2250 cingebat.
752 2166 821 2230 haec
843 2187 932 2250 spem
953 2166 993 2228 ad
1013 2165 1223 2230 resistendum

140 2245 308 2331 oppidanis
323 2247 451 2313 dabant.
495 2249 639 2328 Perseus,
654 2249 888 2314 circumvallata
903 2271 922 2313 o
946 2249 1031 2333 pido,
1046 2269 1223 2333 aggerema

139 2340 230 2416 parte
245 2333 404 2418 superiore
419 2335 533 2398 ducere
547 2334 696 2412 instituit,
710 2333 803 2418 cujus
817 2333 909 2397 altitu
934 2334 983 2398 'ne
1005 2354 1113 2396 muros
1128 2354 1223 2430 supe·

139 2425 233 2480 rarat.
274 2417 362 2501 quod
388 2439 470 2517 opus
492 2418 570 2482 dum
592 2417 765 2503 perficitur,
794 2417 911 2483 crebris
940 2417 1065 2481 interim
1092 2417 1222 2502 proebis,

140 2501 257 2584 quibus
272 2523 330 2586 per
343 2523 543 2568 excursiones
557 2510 590 2566 et
604 2503 720 2568 moenia
735 2524 792 2568 sua
806 2502 957 2588 oppidani
978 2501 1174 2580 tutabantur,
1190 2509 1224 2566 et

140 2606 238 2669 opera
259 2587 399 2650 hostium
427 2587 640 2673 inpediebant,
665 2609 781 2672 magna
804 2609 914 2652 corum
933 2587 1106 2652 multitudo
1128 2586 1222 2651 variis

140 2669 266 2734 casibus
281 2671 428 2736 absumta
440 2679 508 2737 est:
530 2680 572 2752 ct,
592 2671 648 2756 qui
672 2680 867 2758 supererant,
881 2671 987 2736 labore
1008 2671 1122 2736 diurno
1146 2691 1222 2735 nco-

138 2761 298 2840 turnoque
320 2763 352 2820 et
377 2755 559 2822 vulneribus
583 2756 711 2820 inutiles
734 2765 833 2822 erant.
877 2757 943 2822 Ubi
966 2756 1106 2842 primum
1166 2775 1223 2840 ger

138 2837 303 2923 injunctus
317 2862 408 2906 muro
420 2849 479 2919 est,
491 2849 525 2904 et
538 2841 651 2905 cohors
664 2841 759 2926 regia,
774 2861 855 2925 quos
870 2841 1036 2905 Nicatoras
1051 2841 1131 2925 adpe
1197 2847 1221 2918 t,

138 2924 344 3004 transcendit,
357 2933 390 2989 et
407 2925 498 2989 scalis
510 2925 620 2990 multis
634 2925 729 2988 simul
750 2925 894 3023 partibus
913 2924 1041 3022 inpetus
1062 2923 1095 2986 in
1110 2923 1222 2988 urbem

138 3017 189 3072 est
203 3009 316 3073 factus.
345 3009 481 3096 puberes
489 3031 600 3074 omnes
610 3009 766 3074 interiecta
774 3016 868 3072 sunt:
884 3029 1035 3092 conjuges
1044 3007 1222 3090 liberosque

138 3113 249 3158 corum
263 3093 296 3156 in
310 3094 487 3158 custodiam
500 3093 603 3158 dedit:
625 3093 743 3178 prcedre
758 3092 818 3156 alia
832 3091 969 3154 militum
982 3111 1113 3154 cessere.
1146 3090 1222 3154 Stu-
1237 3100 1337 3160 Lanato·
1346 3101 1378 3150 aa

138 3177 248 3240 beram
270 3177 343 3242 inde
358 3177 459 3242 victor
480 3187 640 3243 revertens
664 3177 705 3242 ad
720 3175 874 3242 Gentium
892 3175 1023 3260 legatos,
1039 3174 1222 3238 Pleuratum
1235 3165 1348 3276 {fflff

139 3259 296 3345 Illyrium,
307 3263 504 3326 exsulantem
524 3262 611 3348 apud
631 3283 675 3342 se,
689 3269 722 3325 et
745 3261 952 3346 ‘Aputeum1
972 3259 1183 3324 Macedonem
1204 3279 1314 3340 amm„

138 3347 262 3424 Beroea,
282 3345 389 3412 mittit.
434 3347 478 3410 lis
500 3347 640 3426 mandat,
656 3355 694 3410 ut
714 3353 908 3432 exponerent
920 3343 1040 3410 aestatis
1063 3344 1132 3408 e'us
1156 3343 1223 3408 hie-

137 3429 262 3513 misque
275 3439 344 3494 acta
364 3451 422 3494 sua
435 3431 585 3496 adversus
601 3433 761 3495 Romanos
780 3429 1020 3514 Dardanosque.
1087 3429 1223 3514 jicerent

136 3514 278 3578 recentia
291 3515 324 3578 in
341 3515 468 3601 Illyrico
482 3515 623 3580 hibernae
638 3514 847 3601 expeditionis
868 3535 888 3578 o
929 3536 973 3578 ra.
992 3515 1011 3546 '⁰
1021 3514 1223 3578 hortarentur

139 3597 295 3746 Gerffim
319 3599 354 3664 in
390 3599 560 3664 amicitiam
589 3619 697 3664 secum
728 3607 761 3663 et
789 3620 863 3662 cum
932 3597 1124 3663 acedonibua
1144 3597 1222 3683 jun-

179 3705 200 3746 n
276 3729 285 3747 .

136 3704 259 3830 gellll.
283 3766 339 3846 Hi,
353 3767 541 3852 transgressi
551 3765 668 3852 jugum
682 3767 793 3832 Scordi
804 3766 933 3844 montis,
946 3787 1004 3850 per
1018 3765 1137 3851 lllyrici
1150 3765 1223 3829 soli-

136 3850 276 3932 tudines,
291 3871 371 3938 quas
385 3852 424 3916 de
436 3851 594 3916 industria
613 3851 797 3939 populando
812 3851 1007 3915 Macedones
1019 3851 1169 3929 fecerant,
1183 3871 1224 3914 ne

362 4003 377 4034 ὓ
389 4001 448 4046 eal·
459 4000 532 4047 Gran.
692 4003 708 4033 ¹
719 4001 815 4048 Adana
827 3999 922 4060 Kreyas.
935 3999 1012 4048 beat.

170 4138 747 4202 7Ranasls...praeterprirrclpcr,r'rrraatcdlan
779 4147 894 4187 testatam.
927 4139 1082 4188 Grcncrirnoe
1109 4139 1231 4195 editiones,
1247 4139 1390 4198 apportantur

135 4205 252 4250 amana
263 4199 353 4264 dictata]
372 4203 491 4264 Principes
510 4217 594 4264 nempe
612 4217 690 4250 recum
706 4201 748 4248 ha·
780 4205 845 4250 nisa.

136 4267 196 4322 butt,
213 4275 238 4312 ot
254 4267 370 4326 colligitur
381 4282 409 4314 er
422 4267 451 4313 tir
463 4283 515 4328 qua
527 4267 636 4314 dicuntur
646 4266 707 4313 intra
718 4267 748 4312 de
811 4268 827 4314 9
843 4263 969 4328 Αριισιιιι]
993 4267 1016 4313 la
1038 4267 1123 4314 Actaea
1141 4277 1155 4310 a
1173 4263 1269 4323 Polybio
1288 4271 1390 4322 vocatur,

135 4331 247 4377 Carvilio.
280 4332 375 4378 Ceteros
397 4331 560 4380 custodiendos
580 4345 623 4392 per
644 4330 748 4378 civitates
782 4329 910 4390 begstw

135 4395 222 4440 divisit.
815 4393 845 4441 10
862 4393 1016 4440 Hortarerrtar
1040 4391 1145 4440 sartan
1166 4391 1190 4437 br
1211 4391 1333 4437 amicitiam
1346 4423 1353 4438 .
1365 4424 1391 4442 ..

168 4459 185 4506 a
203 4459 354 4518 opportunius
365 4453 447 4519 ettam]
470 4455 627 4518 ltepoauimoa
649 4463 751 4502 veterem
776 4453 931 4520 jungam]
949 4457 1025 4517 Megia
1036 4456 1136 4516 placeret
1147 4455 1317 4502 adcmtctttcer.

134 4519 752 4584 primoeerlitianiaetSigoniilectionem‚rbllearnio
