3086 4952
442 295 531 360 LIB.
553 295 717 362 xxxvl
748 296 845 362 CAP.
869 297 931 362 xl.
1336 307 1378 372 53

118 439 236 508 sitoein
250 441 359 527 plano,
377 449 506 526 aperlae,
527 464 597 506 cam
640 444 697 508 stri
721 445 863 530 undique
880 445 969 510 aditu
977 457 999 511 ⁶.
1036 447 1361 519 chananaeam.

117 525 200 590 sires
224 527 325 605 urbis,
348 547 552 610 nequaquam
578 528 605 592 P
628 529 689 592 eris
711 530 921 609 conserendae,
942 532 1212 598 memorantibus:
1226 533 1293 582 bc·
1307 533 1360 585 1⁹¹·

117 633 204 674 nunc
227 612 366 674 hiemem
387 621 420 674 et
442 618 571 696 tempus
588 613 664 676 anni
682 613 763 678 nulli
777 613 898 678 bellicoe
912 615 968 694 rei,
982 615 1112 680 minime
1128 617 1213 681 obsi-

116 695 204 760 dioni
218 705 314 779 alque
328 695 560 780 obpugnationi
574 696 713 776 urbium,
727 706 849 783 aptum.
893 699 1020 764 incerto
1043 701 1110 785 regi
1130 701 1214 766 inter

116 801 206 865 spem
228 791 416 863 metumque
440 779 536 864 legati
555 801 575 842 a
597 781 756 860 Pharsalo,
774 783 829 866 qui
851 783 892 846 ad
910 784 1086 848 dedendam
1099 787 1211 850 urbem

115 885 206 928 suam
226 865 310 928 forte
323 873 484 941 venerant,
503 864 627 927 animos
652 875 820 932 auxerunt.
863 868 912 930 M.
929 869 1060 932 Baebius
1084 869 1211 934 interim

114 971 189 1012 eum
213 949 365 1033 Philippo
390 949 424 1010 in
448 948 638 1012 Dassaretiis
663 971 861 1034 congressus,
882 953 946 1036 Ap.
970 952 1139 1016 Claudium
1169 977 1209 1020 ex

114 1033 280 1096 communi
295 1033 427 1096 consilio
442 1033 483 1096 ad
496 1032 680 1117 praesidium
694 1034 830 1098 Larissae
843 1035 940 1114 misit,
955 1037 1011 1120 qui
1030 1059 1087 1122 per
1102 1039 1211 1102 Mace·

113 1117 246 1180 doniam
269 1117 396 1201 magnis
418 1116 585 1184 itineribus
610 1117 644 1180 in
661 1117 778 1202 jugum
806 1120 975 1198 montium,
999 1123 1085 1220 quod
1114 1144 1211 1209 super

113 1201 254 1266 Gonnos
282 1211 343 1279 cat,
371 1201 526 1286 pervenit.
625 1201 738 1286 pidum
767 1202 878 1267 Gonni
902 1203 1015 1290 viginti
1044 1207 1143 1270 millia
1169 1208 1209 1274 ab
1260 1223 1264 1232 '

111 1285 245 1350 larissa
258 1286 360 1363 abest,
381 1285 415 1348 in
435 1284 514 1370 ipsis
528 1285 611 1348 sanct
634 1307 673 1348 us
691 1286 802 1365 saltus,
824 1309 897 1371 quae
911 1287 1030 1374 Tempe
1049 1291 1209 1374 adpellan-

111 1378 178 1448 tur,
200 1369 311 1434 situm.
355 1369 406 1434 Ibi
428 1377 531 1433 castra
552 1377 690 1434 metatus
713 1370 819 1450 latius,
842 1393 938 1454 quam
961 1394 1020 1458 pro
1045 1375 1156 1458 copiis,
1178 1383 1210 1444 et

111 1455 235 1540 plures,
250 1475 348 1538 quam
357 1462 437 1537 quot
446 1454 522 1518 satis
532 1454 566 1516 in
575 1475 671 1518 usum
681 1463 781 1533 erant,
791 1455 881 1540 ignes
893 1477 994 1540 quum
1004 1459 1209 1538 accendisset,

112 1539 265 1624 speciem,
283 1559 380 1622 quam
398 1538 574 1621 quaeaierat,
593 1538 679 1602 hosti
701 1539 786 1619 iecit,
812 1561 940 1606 omnem
963 1541 1008 1606 ibi
1029 1543 1210 1611 &manum

111 1623 291 1686 exmcitum
308 1645 382 1686 cum
401 1643 475 1706 rege
499 1622 647 1708 Philippo
670 1645 748 1688 esse.
793 1625 906 1708 Itaque
930 1625 1067 1690 hiemem
1091 1627 1208 1694 instare

110 1708 202 1793 apud
225 1729 301 1770 suos
329 1716 494 1770 caussatus
517 1729 584 1786 rex,
609 1729 711 1770 unum
735 1715 862 1772 tantum
884 1717 1026 1774 moratus
1052 1711 1146 1790 diem,
1167 1713 1208 1776 ab

111 1792 245 1856 Isarissa
264 1791 404 1870 mcessit,
427 1799 460 1854 et
479 1791 714 1855 Demetriadem
733 1793 846 1856 rediit:
869 1793 1033 1879 AEtolique
1052 1804 1084 1860 et
1107 1797 1208 1860 Atha-

110 1897 225 1940 manes
250 1875 285 1940 in
308 1897 384 1940 suos
408 1885 595 1960 receperunt
614 1895 647 1940 se
671 1875 761 1942 fines.
803 1878 940 1977 Appius,
960 1880 1030 1960 etsi,
1053 1881 1145 1966 cujus
1162 1882 1208 1946 rei

110 1981 228 2024 caussa
242 1959 359 2024 missus
374 1968 452 2037 erat,
470 1960 607 2024 solutam
625 1961 773 2026 cernebat
794 1963 1001 2043 obsidionem,
1019 1973 1126 2028 tamen
1145 1965 1208 2028 La-

108 2045 228 2108 rissam
251 2045 292 2108 ad
316 2045 549 2109 confirmandos
572 2044 607 2108 in
630 2045 787 2130 reliquum
818 2047 976 2111 sociorum
1002 2049 1124 2114 animos
1153 2050 1208 2112 de-

111 2129 261 2194 scendita
283 2129 464 2213 duplexque
486 2129 597 2192 laetitia
619 2137 695 2208 erat,
720 2131 807 2214 quod
828 2141 860 2194 et
880 2133 988 2196 hostes
1009 2141 1208 2201 excesserant

110 2214 250 2292 finibus,
264 2221 298 2276 et
311 2213 393 2276 intra
406 2213 523 2277 mtenia
537 2213 721 2299 praesidium
737 2215 917 2278 Romanum
933 2217 1114 2280 cernebant.

158 2297 226 2362 xl.
250 2297 319 2360 Rex
334 2297 513 2362 Chalcidem
528 2319 548 2361 a
561 2298 763 2362 Demetriade
777 2300 950 2383 proiectus,
972 2321 1077 2362 amore
1095 2307 1207 2383 captus
1222 2309 1351 2388 Antiphus

109 2381 250 2466 virginis
269 2381 484 2447 Chalcidensis
500 2381 710 2468 Cleoptolemi
720 2382 804 2462 filiae,
815 2404 915 2466 quum
927 2391 1059 2468 patrem,
1076 2383 1097 2418 ¹⁰
1105 2384 1207 2469 primo
1220 2383 1317 2484 gfff}

109 2465 303 2563 adleqaudo,
317 2466 428 2530 deinde
443 2489 547 2532 eoram
562 2468 631 2553 ipse
646 2467 798 2552 rogando,
819 2467 992 2553 fatigasset,
1014 2467 1150 2532 invitum
1174 2489 1207 2534 se
1220 2451 1332 2550 „1:325

108 2551 268 2636 pauoris
282 2551 418 2616 iorttmae
432 2553 605 2616 conditioni
620 2551 815 2637 inligatum
835 2553 965 2618 tandem
987 2553 1145 2640 inpetrata
1162 2575 1207 2632 re,

109 2647 278 2719 tamquam
292 2635 325 2699 in
341 2637 446 2700 media
459 2657 537 2722 pace
550 2638 680 2722 nuptias
691 2638 828 2702 celebrat
841 2663 850 2702 ι
873 2649 905 2702 et
915 2639 1071 2724 reliquum
1084 2638 1207 2718 hiemis,

108 2720 235 2786 oblitus
248 2729 383 2804 quantas
397 2721 493 2785 simol
507 2722 586 2786 duas
600 2743 651 2786 res
665 2723 867 2822 suscepisset,
891 2724 1010 2788 bellum
1026 2726 1207 2788 Romanum

108 2815 144 2868 et
159 2803 320 2870 Grteciam
334 2805 539 2884 liberandam,
553 2805 669 2871 omissa
687 2829 830 2871 ommum
849 2830 955 2872 rerum
975 2829 1060 2886 eura,
1078 2808 1111 2870 in
1131 2829 1207 2870 oon·

108 2889 207 2986 viriis
229 2899 262 2952 et
274 2890 387 2954 vinum
409 2891 617 2974 sequentibus
630 2891 860 2977 voluptatibus,
879 2913 916 2955 ac
938 2893 1063 2968 deiude,
1082 2913 1121 2954 ex
1135 2891 1207 2988 fati·

108 2984 244 3124 tlt?
264 2975 1030 3158 ³1¹¹sts¹3usttnssslaqus
1051 2975 1208 3122 stilti

109 3143 593 3292 enneminta
613 3143 965 3292 ninellus
976 3143 1206 3305 ‘mets

111 3321 170 3374 aut
187 3313 366 3392 statimem,
380 3321 436 3376 aut
448 3312 570 3398 vigilias
585 3249 738 3392 siruillit3
753 3321 810 3376 aut
824 3313 1008 3397 quidquam,
1023 3313 1109 3411 quod
1124 3311 1206 3378 mili·
1218 3277 1347 3388 pppmmpt-

111 3396 192 3460 taris
204 3396 320 3481 operis,
335 3405 391 3462 aut
404 3397 544 3462 muneris
557 3405 651 3476 esset,
672 3397 756 3462 feeit.
801 3397 913 3482 ltaque
937 3397 1094 3483 priuc1pio
1115 3397 1207 3476 veris,

112 3481 252 3564 “quum
275 3502 333 3566 per
352 3481 524 3546 Phocidem
545 3481 753 3546 Chaeroneam
763 3482 788 3561 ⁶,
809 3503 873 3566 quo
893 3481 1059 3546 convenire
1080 3503 1208 3545 omnem

112 3596 124 3625 ⁸
134 3593 159 3638 h
164 3593 245 3652 pluo,
252 3607 267 3638 α
271 3599 340 3652 prta
347 3607 366 3638 c.
374 3589 476 3652 assellis
483 3594 548 3640 adita
556 3593 627 3640 Gron.
636 3599 720 3653 aperta
727 3595 846 3654 commatri
853 3593 951 3655 undique
957 3593 1023 3640 adita
1029 3591 1125 3652 steyn.
1135 3591 1210 3638 Bekis.

420 3651 435 3688 ⁶
447 3658 615 3704 mummi.
628 3659 653 3704 t's
665 3659 817 3704 Acamoalass
828 3657 901 3704 Gron.

113 3755 233 3800 muntit
253 3754 366 3800 Andreas.
399 3753 502 3815 Vulgata
523 3756 620 3802 omnino
638 3755 731 3802 tolerari
795 3755 823 3802 41
845 3757 926 3802 Onnes
939 3751 1058 3816 prefectos
1076 3757 1157 3817 regios,
1177 3756 1217 3816 qai
1235 3755 1324 3816 atique,
1342 3755 1374 3801 ad

114 3833 162 3863 oon
174 3826 281 3876 poteram
300 3819 363 3863 artis
372 3819 423 3864 atta
434 3821 459 3865 ta
469 3820 544 3879 pluo,
555 3835 571 3866 α
584 3827 651 3880 porta
669 3835 730 3866 soss-
763 3819 876 3866 Boeottoss
892 3815 999 3878 aalma]
1017 3819 1106 3865 Eadem
1124 3819 1186 3878 cepit
1202 3819 1296 3864 inauris
1312 3831 1374 3878 pra·

112 3883 297 3941 parandique
307 3878 389 3941 facilis
404 3883 477 3928 adita.
511 3883 588 3928 Primo
605 3883 676 3938 enim,
689 3883 729 3942 qui
762 3883 924 3930 sactosomnss
942 3896 1025 3942 regios,
1037 3883 1077 3942 qui
1096 3882 1213 3942 prapcsiti
1233 3882 1319 3941 ubique
1335 3879 1372 3926 hi·

114 3945 227 4004 distingui
240 3953 317 4004 potest
327 3959 382 4005 pars
393 3947 527 4005 campestris
535 3947 560 3992 in
569 3959 598 3992 aa
608 3949 666 3993 urbe
677 3961 730 4006 qua
762 3947 840 3994 bernis
857 3955 932 4004 amnt,
943 3947 1045 3992 maxime
1056 3946 1086 3992 ad
1098 3945 1220 4002 Btsotlam,
1236 3945 1276 3991 ubi
1290 3944 1375 4004 plera·

114 4009 220 4054 absolata
239 4009 332 4054 dicatur
349 4011 395 4054 sita
413 4012 438 4054 is
453 4009 539 4070 plasto!
572 4011 664 4056 Deinde
680 4007 731 4056 Jae.
763 4024 809 4070 que
822 4009 933 4057 Antiochi
945 4011 1017 4071 copia
1028 4011 1190 4058 hibernabant.

115 4073 249 4118 &metm
267 4073 368 4118 affirmat
384 4085 463 4117 socam
473 4069 591 4132 sacilisln
605 4074 731 4120 MShncn
794 4073 827 4120 ta
845 4075 918 4124 Quam
938 4089 980 4134 par
1001 4073 1120 4122 Phocidos·
1145 4075 1287 4119 caaemm

113 4145 214 4182 eratne.
250 4135 316 4182 idem
334 4137 364 4180 tie
381 4149 429 4181 uno
446 4149 460 4181 e
479 4138 526 4182 anis
545 4145 643 4184 testatur
656 4137 731 4182 licar-
762 4135 871 4198 natam]
888 4138 962 4184 lussit
978 4138 1025 4198 legi
1042 4138 1151 4198 Sigonius
1166 4133 1375 4196 paramenta

113 4201 183 4246 nisae
200 4211 226 4245 aa
245 4200 344 4245 damam
355 4213 403 4245 non
414 4199 444 4245 sit
455 4199 518 4246 iiiam
527 4213 608 4246 socam
618 4200 731 4259 adjectam
764 4201 925 4258 amasiam,
942 4201 1012 4262 eique
1028 4204 1144 4248 obsecuta
1154 4206 1208 4244 sunt
1220 4197 1375 4243 Gronoviana

114 4277 165 4310 ena
176 4264 388 4323 abiisqoi,qoum
399 4267 620 4324 spartacosspsstrt
631 4265 655 4310 iu
667 4263 733 4309 libris
764 4265 885 4312 editiones.
920 4267 966 4312 Sed
982 4273 1056 4312 totum
1076 4265 1122 4310 itas·
1140 4260 1260 4315 Antiochi,
1272 4259 1375 4320 Delphos

114 4327 256 4382 insanirent,
267 4328 383 4374 laboranti
395 4328 519 4373 sententia
529 4327 654 4374 subvenire
665 4327 733 4373 sola·
763 4329 874 4388 primam,
897 4329 953 4376 inde
976 4329 1130 4390 Naupactum,
1149 4333 1199 4370 tum
1220 4323 1251 4368 ad
1271 4325 1375 4370 straton

113 4399 191 4447 armtt
199 4392 224 4438 id
236 4401 281 4448 aaa.
294 4392 379 4438 sitiam
392 4391 448 4438 sitio
459 4391 608 4438 addiderunt.
763 4393 865 4450 AEtolla,
882 4393 985 4452 danique
1002 4392 1027 4437 in
1040 4389 1203 4442 herusalem,
1214 4387 1275 4434 clara
1293 4389 1376 4448 probat

146 4455 180 4502 40
196 4456 273 4504 Pri-o
282 4451 417 4517 αὶὶοςαιάα]
436 4455 514 4502 Primo
524 4470 567 4516 par
574 4455 663 4504 amicos
672 4455 729 4503 allo·
763 4469 817 4502 aam
829 4471 876 4502 non
888 4456 967 4502 statim
979 4454 1091 4501 chalcide
1101 4463 1225 4511 amanum
1233 4451 1258 4498 in
1272 4452 1376 4500 duma-

114 4519 215 4578 qaando.
763 4519 827 4568 niam
842 4520 919 4566 ivisse.
953 4516 1155 4576 Atesimioquit
1166 4515 1305 4574 Glareanus,
1317 4528 1376 4578 quo·
