3094 4954
175 271 238 332 184
766 254 859 320 'l'l'l'l
882 253 998 320 L1v11

177 435 205 480 υ.
218 433 244 478 c.
257 431 312 478 aas
340 406 523 492 Scipionem
537 411 605 470 est:
628 403 717 482 adem
731 409 945 488 ut-postremo
959 399 1071 466 scribae
1086 398 1108 432 ’⁰
1117 400 1316 484 viatoresque
1330 401 1429 468 tribu-

177 499 204 544 Α.
217 499 243 544 c·
258 495 310 550 187·
340 514 399 557 nos
423 489 647 573 relinquerent,
666 509 725 554 neo
745 509 819 552 curn
837 487 890 566 iis,
909 493 1026 572 praeter
1041 483 1185 550 servilem
1199 483 1386 550 comitatum
1399 495 1428 552 et

363 596 529 653 rocconem,
557 573 612 657 qui
641 594 731 636 reum
759 594 798 636 ex
828 571 953 636 Roob-is
985 569 1113 648 citabat,
1140 569 1212 652 quis
1234 591 1309 634 uam
1337 581 1427 636 esset.

340 601 447 745 inpio
471 681 536 722 non
559 657 592 721 in
616 657 773 742 Capitolio
793 657 899 735 modo,
920 656 977 720 sed
996 676 1055 753 per
1074 661 1175 718 totam
1192 591 1306 718 nibem
1324 657 1429 720 omnia

341 745 459 830 templa
475 741 580 806 Dedm
594 764 669 806 cum
683 741 803 839 populo
818 742 962 838 Romano
977 739 1143 837 cucumiit.
1187 739 1382 839 celebratior
1400 741 1427 839 is

340 851 440 916 prope
454 828 520 892 dies
535 827 640 892 favore
653 827 819 890 hommum
835 834 868 888 et
880 833 1090 890 aestrmatrone
1100 845 1183 889 verm
1197 825 1425 909 magnetudmrs

341 915 409 1012 ejus
429 913 500 1010 ficit,
523 933 618 994 quam
640 933 705 995 quo
724 911 926 1008 triumphans
940 910 979 974 de
996 908 1141 995 Syphace
1155 929 1229 994 rege
1243 917 1276 972 et
1291 909 1428 974 Kartha·

195 1113 214 1173 a
241 1099 291 1144 oin
341 997 733 1165 gmquqs1lplr¹scuplbeeplropq
741 1002 895 1142 uallillrlldl
907 1078 974 1142 dies
988 1079 1024 1142 P.
1040 1076 1332 1176 Scipionininluxit3
1355 1087 1428 1162 post

178 1176 327 1274 stilum
342 1188 437 1315 qpem
457 1187 558 1249 quum
578 1165 730 1229 iuvidiam
749 1172 782 1228 et
800 1163 972 1228 certamina
985 1183 1058 1226 cum
1072 1162 1209 1226 tnbunn
1224 1171 1426 1248 prosproerct,

366 1251 393 1314 'e
407 1249 548 1335 longiore
562 1249 715 1334 prodicta,
730 1249 764 1312 in
780 1249 980 1314 Literninum
994 1247 1169 1326 concessit3
1188 1255 1274 1310 certo
1288 1247 1426 1326 consilio,

342 1335 444 1399 need
466 1355 611 1398 caussam
634 1333 800 1398 dicendam
824 1334 957 1398 adesset.
1000 1332 1107 1418 Major
1127 1331 1252 1396 animus
1269 1340 1302 1396 et
1317 1341 1428 1396 natura

342 1428 419 1499 erat,
434 1441 471 1483 ac
486 1419 597 1504 majori
611 1419 747 1483 fortunae
763 1419 924 1498 adsuetus,
944 1439 1039 1501 quam
1053 1425 1176 1480 atreus
1190 1438 1259 1482 esse
1275 1417 1378 1496 sciret,
1397 1425 1428 1480 et

343 1505 529 1569 submittere
552 1526 586 1568 se
604 1504 639 1567 in
661 1503 873 1567 humilitatem
891 1523 1035 1566 caussam
1055 1501 1238 1568 dicentium.
1283 1501 1349 1566 Ubi
1363 1501 1428 1566 dies

342 1591 440 1668 venit,
455 1589 605 1671 citamque
620 1588 734 1652 absens
749 1596 798 1651 est
811 1595 946 1672 coeptus,
959 1587 998 1650 L.
1011 1585 1117 1672 Scipio
1131 1587 1278 1650 morbum
1292 1587 1431 1650 caussae*

342 1695 421 1751 esse,
442 1687 500 1736 eur
518 1672 652 1751 abesset,
671 1671 850 1736 excusabat.
888 1692 983 1754 quam
1006 1669 1240 1736 exeusationem
1259 1692 1360 1755 quum
1374 1671 1429 1736 tri-

342 1757 432 1834 buni,
447 1757 502 1840 qni
517 1756 601 1820 diem
615 1756 768 1836 dixerant,
784 1778 849 1820 non
862 1755 1050 1840 acciperent,
1060 1764 1093 1819 et
1105 1756 1145 1820 ab
1160 1755 1270 1820 eadem
1283 1756 1429 1854 superbia

342 1863 407 1904 non
422 1841 528 1904 venire
544 1841 585 1904 ed
606 1862 750 1905 caussam
773 1840 939 1904 dicendam
957 1849 1134 1924 arguerent,
1155 1861 1220 1924 qua
1228 1839 1385 1925 judicium
1397 1849 1429 1904 et

342 1925 488 1989 tribunos
503 1924 605 2010 plebis
620 1933 653 1988 et
666 1925 850 1990 concionem
863 1924 1061 2008 reliquisset3
1083 1932 1125 2004 et,
1145 1924 1262 2008 quibus
1272 1925 1328 2010 jus
1342 1925 1381 1988 de
1396 1946 1429 1988 se

344 2009 484 2074 dicendae
513 2010 677 2074 sententiae
706 2018 738 2074 et
766 2011 943 2074 libertatem
969 2009 1147 2088 ademisset,
1173 2009 1223 2073 hia
1252 2009 1429 2089 comitatis,

343 2095 431 2158 velut
453 2103 564 2178 captos
585 2095 724 2173 trahens,
745 2095 945 2180 triumphum
958 2093 998 2158 de
1011 2093 1132 2244 populo
1146 2095 1290 2158 Romano
1304 2093 1429 2178 egisset,

344 2179 614 2263 secessionemque
628 2201 665 2244 eo
678 2179 729 2243 die
742 2179 776 2242 in
791 2179 984 2265 Capitolium
994 2187 1064 2242 atn
1086 2179 1159 2242 unis
1170 2177 1272 2264 plebis
1286 2178 1428 2242 fecissete

343 2265 497 2328 Habetis⁸
511 2285 582 2348 erpo
597 2261 777 2328 temerilalie
793 2266 876 2328 illim
893 2265 1068 2328 mercedem.
1090 2285 1148 2346 qoa
1170 2265 1245 2327 duce
1265 2269 1431 2327 clamatore

343 2371 398 2412 mos
421 2351 598 2432 reliquiario,
620 2351 659 2412 ab
677 2370 711 2413 eo
732 2350 792 2431 ipsi
809 2351 909 2413 relicti
921 2351 1003 2413 calio.
1038 2355 1069 2412 at
1083 2355 1201 2412 tantam
1214 2350 1383 2412 manasen
1397 2349 1430 2412 im

344 2433 409 2496 dias
428 2435 513 2496 nobb
534 2435 690 2511 decrmcil,
710 2441 754 2510 ol,
778 2435 822 2496 od
841 2455 927 2515 quarn
950 2433 1052 2496 ⁸¹anle
1074 2432 1190 2497 aranosl
1211 2433 1430 2514 septendecim,

343 2519 508 2580 coercitum
523 2523 553 2580 et
567 2519 693 2580 cassem
702 2517 868 2596 Mbentem
883 2519 1121 2600 trilaaoeplclis
1130 2519 1301 2599 aedilemque
1311 2519 1431 2582 mittere

342 2603 376 2664 in
391 2600 545 2663 Siciliam¹
561 2603 630 2664 aaa
643 2621 756 2678 mmm,
771 2603 823 2681 qai
832 2603 1054 2682 pretenderent
1068 2623 1144 2680 mm,
1158 2608 1187 2666 ei
1199 2603 1327 2666 Romam
1341 2603 1431 2666 redu-

343 2690 453 2760 cerent,
468 2683 512 2746 ad
524 2704 590 2746 eam
598 2686 756 2764 privatum
771 2705 810 2748 aa·
823 2687 897 2750 oilla
910 2707 967 2750 naa
987 2687 1215 2766 cotradensium,
1235 2687 1278 2750 nd
1293 2707 1431 2750 carosam

343 2768 510 2846 diam,
521 2773 641 2832 mutere
654 2789 714 2832 noa
725 2769 914 2834 audeamus?
934 2771 1092 2835 Tribuni¹¹
1105 2770 1217 2856 plebis,
1232 2771 1379 2856 adpellati
1390 2771 1430 2836 ab

343 2851 382 2915 L.
397 2849 554 2937 Scipione,
576 2853 621 2916 ita
635 2853 851 2934 decreverunt,
865 2855 901 2918 Si
914 2857 1012 2919 morbi
1025 2877 1132 2921 carnea
1147 2863 1353 2935 commoretur,
1372 2857 1432 2920 sibi

337 2937 471 3018 placere,
492 2939 590 3019 accipi
608 2959 674 3002 eom
696 2960 844 3018 caussam,
865 2940 1001 3022 olimque
1017 2963 1037 3004 a
1052 2943 1173 3024 callepio
1184 2941 1318 3022 prodici.
1360 2941 1431 3004 'lii-

342 3021 450 3120 bunus
474 3023 576 3122 plebis
598 3045 635 3087 eo
658 3031 801 3109 tempore
819 3024 867 3089 Ti.
880 3025 1087 3174 Sempronius
1103 3025 1268 3090 Gracchus
1282 3032 1358 3103 erat,
1379 3025 1432 3088 cui

342 3107 515 3171 ammicitroe
529 3130 602 3171 curn
618 3109 653 3172 Ρ.
668 3108 815 3194 Scipione
829 3109 947 3174 interce
970 3110 1075 3174 ebant.
1112 3110 1150 3190 is,
1164 3131 1265 3194 quum
1279 3109 1432 3175 vetuisset

343 3211 459 3254 nomen
475 3212 569 3255 suum
585 3193 710 3274 decreto
722 3194 913 3279 collegarum
924 3195 1070 3273 adscribi,
1079 3195 1311 3279 tristioremque
1320 3216 1431 3259 omnes

179 3289 278 3342 ornent
344 3275 532 3338 sententiam
546 3285 775 3360 exspectarent,
789 3279 835 3342 ita
848 3279 1003 3344 decrevit:
1030 3281 1126 3352 Quam
1140 3281 1177 3344 L.
1192 3281 1295 3362 Scipio
1310 3285 1432 3344 aanor

178 3355 297 3430 ⁶⁶⁰¹5²¹¹¹¹¹
306 3354 330 3400 ¹¹¹
342 3360 478 3422 morbum
492 3380 556 3423 esse
570 3361 697 3424 cousec¹
708 3362 819 3442 fratri,
834 3367 911 3427 satie
923 3365 959 3427 id
980 3365 1039 3427 eibi
1050 3365 1157 3427 rideri.
1201 3365 1242 3426 Se
1258 3365 1297 3426 P.
1313 3365 1431 3446 Scinio-

177 3426 300 3541 ffiffi,
342 3463 419 3521 am,
427 3445 609 3526 priusquam
622 3445 750 3509 Romam
764 3448 901 3526 redisset,
922 3451 1061 3512 commori
1082 3469 1141 3511 noa
1155 3468 1329 3529 passimam.
1366 3455 1431 3510 tam

342 3548 466 3610 qaoque,
480 3531 508 3592 si
521 3550 554 3592 se
568 3529 708 3610 adpetat,
724 3534 839 3596 marilio
854 3533 1037 3614 mseriarum,
1048 3553 1086 3596 aa
1100 3553 1238 3596 causeam
1251 3533 1344 3596 dmat.
1376 3533 1433 3596 Ad

341 3613 377 3674 id
381 3611 544 3695 sastipe'am
554 3614 643 3677 relus
654 3618 759 3697 pestis,
769 3618 1042 3700 homcibrmpopoli
1051 3619 1192 3695 Romom,
1207 3619 1246 3680 P.
1259 3619 1431 3698 Scipionem

341 3697 476 3760 Dcormm
499 3700 707 3782 laminamque
731 3721 873 3764 consensu
882 3705 1066 3783 peruenisse,
1081 3709 1116 3766 ul
1132 3703 1188 3765 aab
1208 3702 1330 3766 Rostra
1343 3722 1431 3765 ream

340 3785 434 3857 stare,
450 3789 479 3844 et
488 3783 626 3863 probem
640 3805 730 3847 cares
739 3785 971 3851 adolescentiam
985 3789 1137 3867 aarum,
1154 3789 1269 3870 populo
1289 3787 1429 3852 Romano

341 3867 438 3946 amab
453 3865 594 3947 descrere,
609 3889 699 3950 paam
712 3871 782 3950 urci,
794 3871 845 3933 sil.

367 4019 487 4071 ‘comm
498 4025 572 4072 (iron.
587 4027 655 4073 Creo.
751 4024 985 4088 asaelem-holeris
996 4031 1072 4078 aera.
1169 4026 1184 4064 h
1195 4033 1261 4079 osam
1272 4031 1345 4078 Gran.
1358 4031 1428 4078 θην.

335 4081 490 4135 liaSr'cliiam
501 4091 669 4136 mittereCrer.
777 4086 929 4141 kasam.
966 4095 1141 4142 armatam.
1184 4097 1323 4143 Mem:
1340 4097 1430 4142 tritam

335 4151 431 4212 Kreyac.
464 4154 704 4200 audeamus-tritoni
715 4154 792 4203 aekk.
888 4152 1009 4206 lecuras·
1021 4159 1173 4206 Groncrev.

205 4299 238 4346 9⁰
255 4299 269 4330 ⁰
283 4297 398 4362 Παίονες]
417 4301 470 4348 vid.
482 4309 529 4348 not.
542 4301 581 4359 al,
592 4301 622 4348 ad
635 4301 667 4348 ll.
680 4301 719 4350 56.
817 4311 875 4351 terte
886 4305 997 4354 llearnio.
1017 4309 1064 4356 Sed
1077 4309 1161 4356 vietor.
1174 4323 1216 4371 pro
1228 4307 1303 4356 tribus
1314 4307 1351 4356 hia
1362 4307 1429 4354 roci-

205 4361 232 4408 9Ι
254 4365 316 4410 Aure
328 4367 395 4412 onnia
406 4362 574 4426 septemdecim]
593 4366 669 4426 Magia
683 4367 785 4427 placeret
817 4369 868 4426 bue,
879 4378 961 4418 uteo:
979 4379 1050 4420 recte.

173 4429 226 4468 anto
237 4440 323 4474 mor:
341 4430 459 4488 quomodo
471 4429 522 4476 MS.
537 4429 690 4490 Mogentiana
705 4431 784 4488 babet,
