3108 4982
735 301 827 366 'l'll'l
851 297 965 364 LlVll

199 475 244 523 .o.
255 473 309 522 aas.
339 453 379 518 sb
393 451 547 517 incendiis
559 457 730 529 caveretur,
751 447 937 533 ‘’adjutores
951 443 1123 508 triumviris
1134 444 1334 528 quinqueviri
1349 448 1400 511 uti
1408 459 1432 490 ¹²¹

217 541 244 586 ⁰·
257 539 310 586 Μ
339 539 385 602 cis
399 536 538 601 Tiberim
553 557 620 598 sure
631 535 765 632 quisque
779 531 915 617 regionis
930 528 1072 593 adificiis
1087 537 1271 613 praeessent.

382 621 457 684 XV.
478 621 531 684 Ad
553 621 622 684 haec
646 619 748 683 officia
774 615 912 680 dimissis
940 611 1189 698 magistratibus,
1218 613 1365 678 consules
1395 615 1432 678 in

341 707 456 770 Rostro
470 705 698 781 escenderimt3
719 711 761 781 et,
782 701 932 765 concione
951 699 1112 775 advocata,
1126 718 1228 780 quum
1244 697 1266 728 ⁸'
1277 699 1432 762 sollemne

343 811 470 854 carmen
492 788 692 876 precationis,
714 786 801 870 quod
823 783 959 870 praefari,
983 782 1170 866 priusquam
1216 782 1349 880 opulum
1373 785 1432 846 ad-

341 875 521 958 loquantur,
546 873 750 958 magistratus
774 869 888 946 solent,
903 866 1075 953 peregisset
1100 887 1178 929 cons
1213 874 1287 944 ,ita
1311 867 1431 951 coepits

341 961 429 1023 Nulli
451 977 593 1040 umquam
608 958 753 1034 mucium,
778 955 921 1030 Quirites,
942 961 1026 1015 acu¹¹
1044 953 1140 1014 soum
1157 957 1240 1032 opto,
1262 951 1432 1014 sedetiam

342 1045 523 1120 secesmrio,
548 1045 611 1105 icc
632 1041 784 1104 sollemnis
805 1041 939 1102 Deorum
963 1037 1163 1117 comprecatio
1180 1033 1266 1115 suit,·
1288 1055 1352 1116 quae
1375 1057 1433 1098 uos

343 1129 525 1206 admorieret,
555 1127 609 1189 laos
634 1145 698 1190 esse
726 1125 817 1200 Deos,
838 1141 911 1204 quos
940 1122 1045 1198 coiere,
1074 1121 1223 1197 merari,
1245 1122 1432 1201 precarique

343 1213 473 1292 majorca
495 1211 589 1274 uestri
610 1210 830 1273 iruiituissesi:
853 1227 913 1269 uoo
936 1205 1014 1282 illos,
1039 1205 1091 1284 qui
1111 1205 1221 1284 pravis
1244 1211 1274 1266 et
1294 1207 1432 1268 eatena

342 1297 543 1380 reiipioaibus.
555 1301 662 1376 captas
683 1299 805 1370 mutes,
828 1288 908 1354 uelut
924 1288 1092 1370 fictialibus
1113 1289 1254 1366 stimulis,
1276 1289 1319 1351 od
1344 1309 1431 1352 omae

342 1381 439 1444 accim
448 1386 478 1444 et
488 1379 816 1442 odomuemlibidiuem
826 1380 959 1456 opereat.
980 1373 1141 1455 Equidem,
1151 1374 1290 1454 neuquid
1301 1379 1429 1451 iaceam,

343 1485 398 1528 ooo
410 1470 556 1546 quatm
563 1465 742 1544 proloquor,
755 1462 872 1523 inversio
881 1486 891 1523 .·
905 1461 933 1521 si
947 1459 1066 1539 aliquid
1076 1457 1266 1539 iquoroiitis,
1284 1477 1322 1520 ae
1333 1459 1432 1520 iocum

343 1551 535 1631 aeplipeatioe
550 1547 637 1620 dem,·
658 1548 687 1609 si
699 1547 800 1608 omniu
812 1543 974 1620 uudoumu,
991 1563 1029 1604 ue
1042 1543 1166 1604 simiam
1181 1543 1309 1604 terroris
1323 1541 1431 1622 obsun-

344 1635 416 1696 dam
427 1633 648 1709 remunerem.
684 1627 1080 1710 peripateticorum,
1097 1645 1252 1708 qraampro
1267 1629 1432 1690 atrocitate

344 1723 374 1780 et
388 1716 594 1797 mapaitudim
607 1716 663 1791 rei,
684 1714 798 1776 &tum
813 1713 920 1776 scitote
939 1731 1012 1774 ease.
1048 1716 1083 1773 ut
1106 1711 1150 1773 ad
1168 1711 1331 1774 mumdum
1351 1713 1431 1774 sutis

343 1801 395 1877 sit,
409 1800 534 1862 aarum
547 1819 638 1879 opero
653 1819 673 1860 a
687 1797 781 1860 subu.
813 1797 1023 1858 Bacchanalia
1036 1801 1101 1858 toto
1107 1795 1178 1875 jam
1185 1795 1308 1876 pridem
1322 1797 1429 1874 Italia,

344 1890 374 1948 et
386 1903 466 1946 uuae
472 1903 534 1964 per
544 1883 648 1945 ariera
662 1883 754 1944 etiam
766 1882 870 1943 multis
884 1881 957 1942 locis
971 1899 1044 1957 esse,
1058 1899 1119 1942 uon
1130 1879 1222 1959 sama
1238 1881 1325 1942 niodo
1344 1899 1431 1942 oece-

337 1970 423 2050 piaae
436 1987 498 2045 uos,
512 1965 568 2030 sea
578 1967 742 2048 crepitibus
756 1967 848 2028 eiiam
866 1963 1086 2045 ululatibruque
1104 1967 1270 2041 metamus,
1291 1966 1342 2048 qui
1355 1985 1429 2046 per-

343 2059 452 2116 soooat
467 2058 532 2116 toto
544 2052 627 2129 urbe,
638 2057 752 2114 cutum
762 2051 870 2123 trabem
885 2053 1026 2126 ceterum,
1035 2068 1100 2130 qua
1109 2067 1145 2110 eu
1154 2067 1204 2111 res
1213 2049 1265 2126 ait,
1275 2049 1427 2131 ipsiorum.

345 2138 564 2200 aiiosDeorum
574 2138 704 2218 aliquem
719 2137 841 2212 mittun,
854 2135 930 2196 olim
944 2153 1114 2196 concessum
1124 2133 1226 2195 iudum
1235 2135 1429 2196 cilascioiom

344 2241 408 2286 ssae
422 2222 554 2300 credere,
567 2227 606 2300 et,
620 2221 831 2302 qualecumque
845 2220 896 2296 sit,
911 2219 954 2280 od
959 2237 1076 2299 paucos
1083 2219 1248 2298 portiom.
1285 2216 1375 2290 Quod
1388 2217 1432 2279 osi

344 2307 564 2370 multitudinem
574 2326 679 2369 eorum
688 2303 1185 2382 adtinet,sidirero,muttamiiiia
1196 2302 1427 2380 iomiuamesse,

344 2393 426 2454 illico
436 2397 616 2469 recorrecti,
628 2391 841 2454 eaimreomiui
848 2415 859 2462 ;
874 2387 1119 2468 aisiacliuurero,
1130 2387 1349 2468 quiqsmlesque
1356 2388 1429 2448 aiat.

344 2477 484 2538 Primum
496 2477 592 2558 ipitru
605 2477 763 2537 mulierum
775 2491 972 2556 maqoapors
984 2477 1040 2549 est,
1056 2477 1086 2534 et
1099 2470 1208 2551 iesous
1220 2471 1294 2533 nacti
1309 2469 1430 2553 mquam

336 2557 849 2704 uus
861 2558 1430 2704 umet„

344 2639 508 2789 aristositim
527 2661 757 2789 Ii'iautioi’oitiaz
769 2649 1049 2807 iiieieiumqiurirtico,
1068 2659 1429 2789 ceteamqiicreneuom

343 2811 449 2892 irpeas
462 2811 574 2874 uirium
587 2811 686 2890 iubet,
708 2811 789 2892 quod
800 2813 831 2874 ia
846 2811 911 2874 dies
918 2812 1026 2894 plures
1036 2809 1129 2890 fluat.
1171 2809 1310 2890 Majores
1325 2810 1429 2885 uestri,

344 2913 381 2959 ae
394 2915 447 2960 uos
459 2897 658 2980 quiaemaa‘ai
671 2894 793 2978 ”quum
807 2893 1431 2978 out,ocaitloisorceposito,comiiiorsm

402 3047 424 3075 ¹¹¹
435 3044 584 3106 quinqueuiri,
597 3045 632 3090 uti
644 3043 717 3091 Gran·
846 3047 860 3074 ¹¹
872 3048 918 3089 tuas
929 3057 972 3089 uos
983 3041 1056 3088 Gron-
1066 3041 1132 3088 Crer.
1146 3040 1239 3102 Kreysa.
1254 3037 1333 3086 lielrk.

689 3102 913 3170 ⁰sasotici,oigi1es,
924 3107 973 3154 aisa
986 3103 1061 3150 lialrlr.

213 3253 244 3301 su
261 3251 385 3315 Adiutores
403 3255 527 3300 triumuiris
545 3255 687 3316 qaisqafflri
706 3256 741 3300 ati
757 3255 790 3300 cta
822 3253 935 3300 Romanis
955 3253 1098 3309 colebantur,
1118 3259 1176 3313 puta
1194 3252 1285 3307 torem,
1302 3251 1428 3308 iunonem,

184 3313 296 3376 liberta]
314 3315 438 3377 Adiutores
449 3318 573 3363 rumim
589 3317 652 3362 idern
664 3319 733 3377 plane
746 3325 789 3374 sat,
823 3317 962 3373 Minervam,
975 3325 1018 3364 etc.
1031 3323 1095 3377 patet
1106 3329 1136 3363 ex
1148 3317 1176 3363 lis
1185 3329 1237 3376 quar
1248 3323 1379 3376 aequamur
1390 3315 1429 3362 hio

181 3389 252 3440 atque
270 3379 376 3440 adjuturi
399 3381 535 3434 triumuiros,
554 3380 591 3425 vel
610 3387 636 3426 at
653 3379 791 3441 arir'aoorssi
822 3380 963 3427 irroratione
976 3381 1105 3427 consulum.

181 3445 316 3490 trisnuirm.
350 3443 419 3493 Quod
432 3443 527 3502 quidem
544 3457 591 3489 non
606 3445 790 3499 observaremus,
854 3443 885 3491 ol
902 3445 1010 3491 Fosaticl
1042 3441 1134 3506 uigiles]
1175 3442 1295 3503 Legimus,
1316 3439 1427 3502 foratici,

182 3507 226 3554 nisi
238 3506 452 3553 doctlaalmoarlroa
464 3506 608 3553 heclocaro
619 3513 709 3554 morata
719 3515 788 3562 esset,
821 3509 914 3570 argina,
937 3511 1005 3555 etse.
1019 3539 1043 3554 ..
1058 3509 1158 3555 strumii.
1192 3505 1329 3554 'Attonitas
1348 3515 1427 3552 autern

182 3570 223 3630 qul
240 3579 262 3616 et
276 3571 348 3616 inaerl
364 3571 489 3616 voluerunt
505 3584 586 3617 rocem
604 3573 661 3626 doti,
673 3571 723 3617 sins
741 3572 791 3618 ulla
822 3585 913 3632 expone
924 3573 954 3618 de
965 3571 1108 3632 pomsaiona
1119 3572 1204 3618 mantis
1215 3573 1357 3626 deturbatos,
1374 3578 1428 3616 lan·

182 3633 326 3680 serenitate.
360 3635 406 3680 Sed
423 3643 536 3694 preterea
551 3633 580 3681 ri
598 3639 633 3682 uti
644 3636 676 3682 sic
688 3635 790 3695 positum
822 3649 892 3695 quam
905 3636 1012 3696 propiore
1023 3635 1121 3681 fulmins
1132 3637 1237 3682 adflatos.

182 3697 249 3744 nobis
260 3705 394 3757 suspectum
405 3707 450 3744 est.
479 3699 565 3745 Victor.
577 3700 636 3746 liber
647 3700 718 3746 stiam
729 3714 788 3759 pra-
852 3699 886 3745 82
903 3701 991 3750 Quum.
1003 3731 1027 3744 ..
1040 3701 1120 3746 scritto
1137 3702 1162 3745 ia
1178 3715 1230 3747 arcs
1243 3701 1316 3760 posito
1326 3700 1427 3744 canitia·

182 3761 228 3807 sert
238 3767 264 3806 st
275 3763 305 3806 it.
327 3761 464 3820 Lapurdum
475 3770 584 3822 putamus
595 3765 631 3809 als
642 3771 664 3811 st
676 3765 708 3810 cis
722 3764 789 3812 Tris-
821 3777 871 3809 ram
881 3777 950 3809 casso
967 3765 1078 3810 erarcitss
1088 3765 1181 3810 eductas
1197 3763 1266 3821 esset]
1285 3762 1427 3808 Describun-

182 3826 233 3872 rlsa.
268 3824 366 3884 Antiqul
389 3825 499 3872 dicebant
519 3828 556 3873 als
573 3841 616 3886 pro
635 3829 706 3883 ultra,
730 3835 790 3874 teste
822 3835 861 3873 tor
870 3827 964 3874 comitia
975 3827 1112 3873 centuriata.
1146 3827 1174 3872 lu
1186 3827 1215 3873 ils
1226 3827 1347 3872 dicebatur
1362 3841 1427 3872 sser-

184 3889 260 3936 Fssio.
295 3889 327 3934 Et
341 3889 421 3943 Varro,
435 3889 450 3935 l.
464 3887 504 3936 1v.
517 3891 546 3935 ds
562 3891 643 3949 lingua
660 3891 710 3936 Lat.
723 3891 791 3946 dixit,
823 3893 882 3937 citas
900 3891 1016 3950 imperari,
1037 3891 1092 3950 quis
1110 3891 1154 3936 sub
1173 3891 1252 3950 algnia,
1269 3897 1293 3936 et
1310 3890 1339 3936 iis
1357 3889 1428 3934 armis

182 3952 252 4013 plane
264 3952 380 4012 quomodo
391 3951 430 4000 lrlc
440 3953 555 4007 volumus,
564 3960 587 4000 et
598 3955 633 4001 sis
644 3960 666 4001 st
677 3957 710 4000 cia
724 3955 791 4001 Titu-
823 3954 938 4010 insaucii,
950 3955 1097 4014 quaeratque
1110 3955 1176 4000 classi
1189 3962 1256 4000 eraut
1267 3967 1309 4013 par
1321 3954 1427 3998 &svium

182 4018 245 4063 mass
261 4025 288 4062 ιιι
303 4017 354 4062 haec
371 4016 481 4075 loquendl
498 4016 571 4062 torma
582 4017 689 4068 videatur
704 4019 790 4064 usitata
823 4018 926 4064 Tullium
937 4027 1055 4064 auctorem
1067 4018 1225 4066 centuriarum
1237 4019 1361 4076 assignata,
1373 4031 1428 4062 ton·

183 4079 789 4141 talassioformaliuaepsrsamoauaamhioalsi·
822 4083 953 4128 veniebant.
986 4083 1089 4128 Mucias
1112 4081 1198 4128 dieitur
1223 4082 1347 4134 exercitus,
1373 4080 1429 4139 qula

184 4144 223 4190 vio
233 4157 284 4191 ease
296 4153 414 4204 usurpata.
822 4153 888 4192 extra
909 4147 992 4190 urbem
1011 4145 1035 4190 ln
1055 4146 1144 4204 Campo
1168 4145 1254 4192 Martio
1275 4145 1316 4191 ills
1335 4145 1430 4190 comitia

215 4207 248 4254 6⁰
265 4209 357 4256 Solense
374 4223 463 4255 cornera
483 4203 633 4268 precationis]
659 4207 716 4268 Ejus
739 4221 789 4254 car-
822 4209 977 4256 habebantur.
1011 4209 1081 4258 Quod
1100 4209 1255 4256 advexlllurn
1275 4207 1430 4262 aruncum

183 4271 254 4318 minis
265 4273 408 4318 mentionem
419 4271 558 4327 iaciuetsx
569 4285 598 4318 so
612 4271 691 4330 aliqua
703 4271 789 4318 descri-
822 4273 867 4318 hoo
885 4273 955 4318 modo
973 4273 1069 4332 exponit
1088 4273 1141 4326 Dio,
1159 4273 1175 4320 l.
1195 4273 1319 4320 xxxvii.
1356 4271 1430 4322 Qum

184 4334 219 4380 bit
231 4335 322 4382 Tullius
334 4337 359 4382 in
370 4336 485 4398 principio
496 4335 608 4382 orationis
619 4349 661 4396 pro
675 4335 789 4382 Murena.
822 4337 874 4383 oltra
886 4337 974 4382 mitat
983 4351 999 4382 a
1010 4337 1117 4396 ,initiaris
1129 4339 1218 4396 populis
1229 4344 1326 4384 terrores
1336 4335 1431 4382 stum

184 4395 251 4445 loeo
260 4401 389 4461 appellatos
399 4415 450 4448 eras
461 4400 513 4448 illoa
524 4401 587 4457 asoa,
599 4399 640 4462 qul
650 4399 790 4448 malmesb
821 4403 1002 4456 circumtonat,
1027 4401 1095 4448 seritl
1118 4401 1215 4448 limosi
1242 4413 1278 4456 ss,
1305 4401 1359 4446 dass
1386 4401 1432 4460 ipsi
