3094 4954
646 1101 697 1182 T.
734 1099 874 1180 L1V11
919 1097 1205 1180 PATAV1N1

746 1301 886 1365 mnan
911 1301 1112 1368 xxxvns

821 1504 1003 1516 —u———-

221 1668 251 1714 υ,
262 1668 289 1714 c,
301 1669 355 1715 m
385 1640 474 1704 Duu
491 1639 524 1702 in
537 1637 615 1702 Asia
628 1635 747 1700 bellum
764 1635 893 1720 geritur,
911 1657 952 1698 ne
966 1635 999 1698 in
1014 1635 1132 1700 AEtolis
1146 1635 1273 1720 quidem
1292 1636 1408 1720 quietos
1421 1661 1473 1702 res

221 1731 288 1778 Ac.
303 1731 355 1779 ¹89·
385 1723 520 1802 fuerant,
544 1721 700 1868 prinqilpio
720 1743 739 1784 a
760 1728 854 1804 gente
868 1721 1086 1783 Athamanum
1109 1728 1189 1785 orto.
1232 1721 1474 1786 Athamaniaea

220 1795 374 1906 {qm}
386 1815 584 1955 tempestate,
606 1828 629 1891 p
665 1827 700 1868 so
723 1804 941 1902 Ampsandro,
963 1805 1024 1867 sub
1046 1805 1204 1890 praefectis
1226 1805 1367 1904 Philippi
1385 1809 1473 1905 regio

220 1923 272 1970 nia
385 1900 458 1956 tene
481 1899 553 1954 atur
576 1889 745 1976 praesidio:
775 1911 830 1972 qur
860 1887 998 1974 superbo
1027 1899 1123 1972 atque
1152 1889 1310 1954 inmodico
1339 1913 1473 1976 smpeno

385 1975 576 2041 desiderium
590 1973 788 2058 Amnandri
802 1973 951 2036 fecerant.
994 1973 1163 2037 Exsulauti
1176 1981 1246 2038 tum
1265 1976 1473 2060 Amynandro

384 2061 419 2126 in
445 2059 566 2126 AEtolia
594 2058 692 2122 literis
720 2079 860 2136 suorum,
889 2057 1098 2122 indicantium
1121 2067 1239 2122 statum
1261 2061 1472 2138 Athamaniae,

385 2167 458 2231 spes
472 2143 678 2230 recuperandi
692 2142 783 2228 regni
797 2142 879 2206 sacta
897 2151 955 2206 est.
989 2143 1174 2228 remissique
1198 2145 1306 2208 nuncii
1324 2145 1416 2208 abeo
1432 2148 1474 2209 ad

384 2230 568 2316 principes·
592 2228 788 2326 Argitheam,
819 2227 864 2308 (id
889 2227 973 2290 enim
995 2235 1092 2343 caput
1112 2229 1311 2292 Athamaniae
1338 2233 1414 2312 erat)
1445 2232 1473 2294 si

384 2313 587 2401 popularium
602 2335 724 2378 animos
740 2313 816 2376 satis
839 2321 1021 2398 perspectos
1060 2311 1224 2392 habereth,
1248 2313 1407 2398 inpetrato
1431 2315 1472 2379 ab

384 2400 502 2464 AEtolis
522 2397 649 2476 auxilio,
672 2398 705 2460 in
726 2397 951 2462 Athamaniam
975 2418 1008 2460 se
1031 2405 1202 2462 venturum
1226 2397 1323 2462 'cum
1343 2399 1473 2463 delectis

383 2485 576 2561 AEtolorum‚
603 2482 689 2566 quod
715 2482 903 2544 consilium⁶
922 2489 1005 2544 esset
1021 2481 1136 2566 gentis,
1157 2491 1190 2546 et
1210 2481 1371 2548 Nicandro
1390 2507 1474 2582 prae·

383 2577 461 2632 tore.
498 2587 589 2650 quos,
604 2565 660 2628 ubi
675 2566 716 2628 ad
730 2566 836 2628 omnia
850 2573 975 2651 paratos
989 2587 1057 2630 esse
1071 2566 1161 2646 vidit,
1176 2567 1322 2632 certiores
1336 2568 1473 2632 subinde

383 2651 467 2729 facit,
492 2672 555 2734 quo
579 2649 629 2712 die
656 2671 729 2712 cum
753 2649 892 2712 exercitu
915 2650 1139 2714 Athamaniam
1155 2652 1355 2736 ingressurus
1378 2663 1471 2717 esset.

384 2735 531 2800 Quatuor
553 2732 656 2820 primo
680 2733 767 2798 fuere
790 2733 945 2818 conjurati
962 2735 1113 2798 adversus
1133 2737 1347 2801 Macedonum
1361 2740 1472 2823 praesi-

383 2817 482 2882 dium.
504 2819 539 2882 hi
553 2839 647 2882 senos
663 2817 723 2882 sibi
737 2817 896 2904 adjutores
911 2820 1033 2883 adrem
1048 2821 1218 2905 gerendam
1230 2822 1470 2886 adsumserunt:

383 2903 507 2984 deinde,
522 2902 681 2990 paucitate
695 2924 808 2989 parum
822 2901 904 2982 freti,
920 2925 992 2988 quae
1004 2905 1142 2970 celandae
1153 2906 1208 2984 rei,
1222 2927 1318 2990 quam
1388 2907 1472 2986 ndae,

382 2989 486 3074 aptior
509 2997 585 3068 erat,
607 3009 715 3074 parem
734 2987 832 3074 priori
855 3010 1022 3072 numerum
1046 2989 1238 3054 ad'ecerunt.
1282 2991 1333 3054 lta
1374 3014 1416 3056 uo
1439 3004 1472 3055 et

405 3075 614 3160 uinquaginta
644 3073 729 3153 sacti,
761 3073 984 3157 quadrifariam
1013 3095 1046 3136 se
1077 3013 1270 3138 diviserunt:
1326 3097 1377 3140 ars
1407 3099 1473 3140 una

419 3161 580 3236 eracleam,
609 3157 707 3221 altera
733 3157 970 3242 Tetraphyliam
996 3157 1087 3242 petit,
1117 3159 1173 3222 ubi
1203 3167 1293 3223 custo
1318 3161 1347 3223 'a
1375 3162 1471 3246 regiae

422 3244 525 3307 cuniae
539 3263 608 3306 ease
622 3241 714 3306 solita
724 3251 800 3318 erat,
815 3241 1140 3321 tertia-Theudoriam,
1150 3252 1262 3328 quarta
1271 3245 1470 3330 Argitheam.

380 3265 530 3390 ltiainter
543 3345 653 3390 omnes
667 3325 824 3403 convenit,
846 3333 884 3390 ut
900 3325 1003 3410 primo
1021 3327 1130 3412 quieti,
1144 3327 1232 3392 velut
1253 3329 1293 3392 ad
1336 3329 1472 3394 rivatam

380 3433 448 3475 rem
474 3410 628 3496 agendam
656 3409 826 3488 venissent,
855 3411 889 3474 in
916 3411 984 3474 soro
1014 3413 1274 3478 obversarentur:
1328 3415 1354 3477 'e
1384 3423 1473 3478 certa

380 3495 617 3560 multitudinem
639 3515 766 3558 omnem
788 3505 997 3560 convocarent
1019 3497 1060 3560 ad
1082 3497 1230 3582 praesidia
1253 3499 1472 3563 Macedonum

380 3581 505 3645 arcibus
521 3602 558 3644 ex
582 3579 714 3642 ellenda.
758 3578 825 3643 Ubi
839 3599 875 3642 ea
890 3579 956 3644 dies
971 3579 1108 3660 advenit,
1126 3591 1159 3645 et
1172 3583 1379 3668 Amynander
1394 3605 1472 3648 cum

379 3665 465 3730 mille
487 3602 605 3730 AEtolis
629 3664 663 3727 in
688 3663 806 3727 finibus
832 3671 917 3741 erat;
940 3686 979 3728 ex
1002 3665 1178 3750 composito
1207 3677 1343 3752 quatuor
1372 3669 1471 3732 simul

378 3750 456 3814 locis
475 3749 623 3835 praesidia
640 3749 854 3812 Macedonum
875 3749 1016 3833 expulsa,
1038 3749 1200 3834 literaeque
1221 3753 1254 3814 in
1273 3752 1348 3815 alias
1372 3753 1470 3817 urbes

378 3833 1470 4004 runusiannectenssannen

211 3966 360 4078 Meidios..
380 4005 531 4088 Undique
547 4003 740 4066 Macedones
762 4001 973 4087 expelluntur.
1017 4003 1154 4068 Theium
1178 4003 1345 4089 oppidum,
1382 4005 1470 4071 'teris

401 4155 554 4215 'renitetque
566 4153 596 4200 ab
606 4167 632 4200 eo
639 4154 747 4200 metm
755 4155 898 4263 w
910 4155 984 4263 ἓξὲξ.
993 4153 1063 4200 (trev.
1191 4149 1324 4204 ”detonat
1335 4156 1402 4205 aaa

239 4349 248 4396 l
269 4344 400 4408 Kouma]
426 4343 523 4392 Plurimi
541 4343 607 4390 codd.
625 4351 684 4390 terte
705 4341 815 4399 llearnlo,
847 4357 887 4390 eoa
899 4343 939 4402 qui
950 4345 1091 4404 scripserant
1105 4345 1135 4390 ad
1150 4344 1349 4404 Amynandrum
1364 4346 1386 4392 si
1398 4349 1469 4394 hoto·

204 4415 304 4460 tama
338 4409 460 4459 Οοιιιοηῑίῑ
480 4415 558 4455 noster
576 4407 634 4454 vica
669 4407 774 4452 Andreas
792 4413 816 4453 et
847 4413 890 4462 ret,
903 4409 1081 4466 Amynandrum
1092 4407 1176 4468 ipsum.

204 4477 359 4522 Gronovius·
367 4475 482 4520 editiones
490 4473 704 4518 concumberent.
718 4471 815 4516 uoum-
879 4471 895 4516 8
913 4471 970 4516 Can
988 4473 1082 4519 dehetis
1100 4468 1240 4532 AEtotmun]
1259 4473 1320 4518 Cum
1338 4472 1468 4532 Apoetetis,

203 4537 417 4598 tibetlegu,puvi
429 4536 507 4582 roten.
536 4533 815 4593 attaminatum
847 4533 877 4580 ds
888 4533 974 4594 qulbus
985 4549 1063 4594 supra,
1072 4535 1088 4580 Ι.
1101 4534 1201 4582 XXXV.
1214 4549 1234 4580 c.
1244 4536 1285 4582 84.
