3086 4952
479 339 568 404 LlB.
591 339 736 404 XXXV.
762 340 861 406 CAP.
883 341 942 406 LI.
1342 349 1382 411 41

115 509 277 554 mm
292 487 372 570 fidei
394 487 528 551 credere.
579 489 664 550 Nom
688 489 770 570 quod
792 492 938 570 optimum
957 511 1022 555 eree
1051 492 1072 526 ⁸¹
1081 493 1186 558 deant
1194 505 1217 560 Ι.
1232 509 1260 555 υ.
1272 509 1366 558 casu

115 597 178 640 nos
190 575 344 656 interponi
357 593 411 636 vor
424 573 520 635 bello:
543 573 622 636 nibil
644 574 734 636 immo
759 580 823 636 lcrn
847 576 978 639 olearon
999 577 1089 640 rebus
1107 581 1218 644 vestris
1231 573 1259 620 Α·
1271 573 1297 620 ⁰·
1313 573 1364 620 ¹⁹²

116 667 173 724 ert.
219 660 338 741 Quippe
346 661 413 721 eine
421 659 539 740 matio,
553 659 619 720 ciue
638 657 797 739 diqmlale,
806 661 968 740 praemium
980 663 1106 725 dormis
1118 665 1216 728 citra.

158 745 198 808 L.
220 745 293 807 Nec
307 743 444 807 absurde
460 742 611 805 adversus
625 749 778 826 utrosque
792 744 993 828 respondisse
1007 745 1095 810 visus
1109 755 1168 826 est,
1183 755 1217 812 et

114 829 205 892 facile
220 836 289 892 erat
303 828 478 891 orationem
493 826 581 911 apud
594 825 735 890 faventes
746 827 847 910 eequis
856 829 986 893 auribus
998 829 1107 916 accipi.
1127 832 1217 896 nulla

114 914 201 978 enim
216 933 277 976 nec
298 911 497 997 disceptatio,
512 931 572 974 nec
593 909 750 974 dubitatio
765 911 836 991 ibit,
850 913 929 997 quin
950 935 1071 994 omnes,
1086 916 1215 980 eosdem

114 999 204 1083 genti
225 998 421 1060 Achaeorum
444 997 553 1059 hostes
576 1003 610 1058 et
631 994 759 1073 amicos,
783 1017 864 1080 quos
887 999 1027 1084 populus
1050 1001 1214 1065 Romanus

114 1082 304 1160 censuisset,
313 1081 504 1166 judicarent,
518 1079 702 1163 bellumque
714 1088 746 1142 et
760 1079 931 1162 Antiocho,
946 1091 978 1147 et
992 1085 1111 1148 AEtolis
1129 1107 1214 1150 nun·

114 1167 192 1231 cieri
210 1166 372 1252 juberent.
415 1165 545 1228 Auxilia
568 1164 674 1244 etiam,
689 1185 753 1249 quo
776 1165 900 1230 censuit
922 1167 1105 1249 Quinctius,
1120 1171 1213 1255 quin-

112 1261 288 1336 gentorum
317 1249 455 1314 militum
481 1249 676 1327 Chalcidem,
702 1248 950 1334 quingentorum
975 1253 1130 1318 Piraeeum
1159 1277 1214 1319 ex-

113 1335 238 1421 templo
252 1335 419 1399 miserunt.
463 1333 543 1398 Erat
556 1333 642 1398 enim
662 1334 750 1397 haud
795 1335 884 1398 rocul
909 1337 1062 1402 seditione
1076 1340 1213 1405 Athenis

113 1443 178 1500 res,
202 1419 405 1484 trahentibus
432 1419 474 1482 sd
498 1418 695 1484 Antiochum
719 1355 911 1502 quihusdam
932 1442 989 1507 spe
1079 1423 1214 1488 'tionum

113 1504 262 1570 venalem
286 1505 389 1590 pretio
416 1503 677 1582 multitudinem
712 1503 813 1567 donec
841 1504 881 1568 ab
905 1505 955 1585 iis,
981 1507 1037 1592 qui
1111 1529 1213 1573 manae

115 1591 217 1676 partis
231 1598 332 1668 mant,
348 1588 520 1656 Quinctius
539 1596 588 1652 est
611 1588 746 1667 adcitus,
760 1597 793 1652 et
815 1599 984 1655 accusante
998 1593 1121 1657 Leonte
1135 1615 1212 1678 quo·

114 1675 202 1754 dam
217 1674 432 1760 Apollodorus
447 1681 558 1737 auctor
572 1673 756 1738 deiectionis
771 1674 950 1755 demamus,
966 1683 1061 1761 atque
1075 1677 1109 1741 in
1130 1679 1213 1742 exsi-

113 1760 197 1823 lium
211 1759 406 1908 estmeljectus.
445 1759 491 1822 Et
506 1759 546 1822 ab
560 1758 687 1822 Achaeis
711 1757 841 1842 quidem
859 1781 933 1823 cum
957 1761 1040 1825 tristi
1059 1783 1212 1848 responso

114 1843 234 1930 legatio
326 1865 433 1928 regem
463 1843 565 1906 rediit.
611 1843 716 1906 Boeoti
745 1843 825 1906 nihil
854 1845 931 1908 certi
959 1848 1211 1932 responderunte

114 1951 209 2012 pum
221 1931 392 1992 Aatioew
405 1931 440 1992 iu
452 1929 605 1992 Boeotiom
618 1930 757 2006 oeubeet,
771 1935 845 2009 tum,
861 1931 937 2012 quid
956 1933 1014 1995 eibi
1029 1932 1214 2014 faciendum

113 2021 204 2092 mer,
232 2035 267 2077 re
289 2014 509 2078 deliberaturos
533 2033 606 2077 erre.
648 2013 838 2093 Antiochus,
853 2035 955 2098 quum
982 2017 1024 2080 sd
1053 2017 1213 2082 Chalcidis

114 2099 313 2184 praesidium,
327 2107 360 2162 et
373 2099 510 2162 Achaeos
534 2107 567 2162 et
588 2098 766 2162 Eumenem
787 2120 894 2185 regem
916 2099 1039 2165 misisse
1062 2103 1213 2182 audisset,

114 2184 345 2248 maturandum
366 2191 466 2262 rabis,
489 2189 527 2246 ut
552 2191 584 2246 et
604 2181 816 2268 prevenirent
845 2183 906 2263 sui,
932 2193 965 2248 et
988 2187 1161 2265 venientes,
1186 2186 1214 2250 si

113 2275 266 2354 possent,
292 2268 479 2352 exciperent,
502 2267 696 2354 Menippum
721 2289 795 2331 cum
824 2268 928 2332 tribus
953 2271 1050 2332 ferme
1073 2271 1214 2334 millibus

114 2353 272 2430 militum,
284 2361 317 2414 et
330 2373 403 2415 cum
416 2353 500 2416 omni
511 2352 610 2416 classe
627 2351 855 2436 Polyxenidam
871 2351 979 2416 mittit.
1009 2353 1078 2438 ipse
1096 2375 1214 2439 paucos

113 2447 194 2524 post
208 2437 278 2500 dies
292 2457 347 2500 sex
362 2437 459 2500 millia
473 2458 603 2502 suorum
618 2435 767 2514 militum,
780 2443 813 2500 et
834 2457 873 2500 ex
891 2458 929 2500 ea
949 2458 987 2501 co
1010 2437 1049 2516 ia,
1065 2461 1136 2524 quae
1151 2439 1214 2502 La-

113 2523 192 2586 miae
217 2530 348 2607 repente
374 2521 479 2607 colligi
546 2523 619 2601 tuit,
644 2543 710 2586 non
739 2521 785 2584 ita
812 2521 932 2586 multos
1003 2523 1085 2588 tolos
1114 2523 1212 2589 ducit.

114 2607 231 2671 Achaei
246 2629 267 2691 q
292 2607 300 2620 '
364 2606 423 2686 nti,
438 2616 471 2670 et
483 2544 684 2670 ahollumene
698 2627 770 2692 rege
786 2607 947 2671 modicum
971 2608 1123 2673 auxilium
1138 2609 1213 2674 mis·
1226 2611 1362 2660 efficium

114 2713 202 2770 sum,
215 2693 297 2756 duoe
346 2690 488 2756 enoclide
504 2691 716 2770 Chalcidensi,
730 2691 874 2756 noudum
888 2693 1025 2758 obsessis
1035 2693 1212 2759 itineribus.
1225 2677 1361 2786 ⁰2¹¹⁰¹⁶2¹¹¹

113 2787 190 2840 tuto
205 2777 395 2875 transgressi
417 2776 587 2862 Euripum,
602 2775 787 2840 Chalcidem
811 2786 1033 2862 pervenerunt.
1077 2756 1330 2844 Rommimnum.

114 2862 246 2940 milites,
282 2861 429 2948 umgenti
443 2862 540 2925 ferme
562 2870 594 2924 et
618 2859 690 2946 ipsi,
705 2882 806 2944 quum
822 2862 891 2946 jam
914 2862 1028 2947 Meuip
1053 2885 1091 2926 us
1113 2871 1215 2927 castra

115 2955 193 3010 ante
221 2947 245 3011 S
339 2967 377 3010 ea
405 2946 447 3010 ad
477 2945 760 3030 Hermumque
788 2945 942 3009 transitus
966 2967 1006 3009 ex
1058 2948 1153 3011 oeotia
1180 2948 1215 3012 in

115 3031 279 3095 Euboeam
291 3030 429 3094 insulam
444 3039 503 3111 est,
517 3030 657 3109 haberet,
671 3037 837 3094 venerunt.
873 3029 987 3093 Miotio
1000 3039 1068 3092 erat
1082 3052 1156 3094 cum
1166 3031 1215 3111 iis,

115 3116 244 3201 legatus
268 3137 288 3178 a
309 3115 460 3214 Chalcide
488 3115 532 3214 ad
553 3114 751 3192 Quinctium,
777 3113 874 3177 adid
901 3113 1007 3264 ipsum
1024 3114 1216 3263 'praesidium

115 3198 1216 3364 &citimiuitmtiitintitttt,liliati

117 3369 280 3433 Euboeam
293 3369 549 3432 transmissurus.

161 3454 221 3518 Ll.
241 3453 415 3552 'templum
430 3462 479 3517 est
492 3451 652 3540 Apollinis
664 3451 804 3531 Delium,
823 3451 981 3516 inminens
1002 3452 1099 3517 marie
1144 3451 1215 3516 uin·
1228 3476 1265 3522 Aa
1277 3475 1371 3522 uetiam

118 3559 181 3622 que
195 3537 297 3601 millia
311 3559 465 3623 passuum
478 3537 519 3601 a¹¹
532 3539 678 3622 Tanagra
686 3537 786 3600 abest.
809 3536 916 3601 minus
924 3545 1066 3686 &petunt
1115 3537 1121 3551 '
1149 3537 1214 3600 'um
1226 3539 1279 3586 αἱ
1288 3540 1374 3616 mium

118 3621 193 3686 inde
208 3623 242 3686 in
258 3623 404 3708 proxima
416 3621 550 3686 Euboeae
565 3630 614 3686 est
627 3621 706 3685 mari
719 3619 880 3706 trajectus.
979 3621 991 3684 i
1013 3623 1077 3685 ⁸²et
1091 3621 1125 3684 in
1140 3621 1213 3685 iano
1228 3603 1335 3650 ΜΝ·

118 3705 268 3792 lucoque,
281 3729 319 3770 ea
331 3707 481 3792 religione
496 3714 528 3770 et
542 3727 579 3771 eo
589 3705 663 3791 jure
677 3715 797 3784 sancto,
812 3726 877 3788 quo
892 3713 969 3769 sunt
982 3705 1111 3791 templa,
1126 3705 1214 3789 quoe¹

119 3792 207 3877 asyla
222 3791 332 3857 Graeci
351 3791 522 3877 adpellant,
536 3799 568 3854 et
592 3790 737 3854 nondum
760 3797 817 3852 aut
841 3789 961 3854 indicto
982 3789 1076 3869 bello,
1091 3799 1147 3854 sut
1170 3789 1216 3854 ita

120 3877 303 3955 commisso,
318 3884 355 3940 ut
368 3876 495 3940 strictos
510 3875 642 3961 gladios,
657 3873 742 3938 ”aut
753 3873 940 3959 sanguinem
949 3895 1084 3959 usquam
1095 3875 1215 3938 iactum

150 3999 254 4046 Ιᾰιιι
267 3999 336 4044 Crer.
498 3993 553 4044 liat
565 3995 663 4057 trem
676 3993 752 4042 seit
920 3990 928 4027 ¹
939 4011 989 4058 με
1000 3996 1045 4044 del
1058 3997 1130 4044 Cion.
1140 3998 1208 4044 cres.

151 4095 180 4144 u
199 4097 296 4150 Dicant
314 4111 357 4143 urs
375 4097 488 4156 interposi
507 4111 544 4143 ror
562 4091 631 4156 bello]
657 4095 736 4141 Primo
769 4095 841 4141 Nobis
853 4095 938 4142 durum
950 4095 1050 4142 ridetur.

122 4162 271 4220 reposuimus
286 4161 373 4216 diruet,
384 4174 427 4220 pro
438 4161 524 4215 dicant,
535 4168 630 4206 rudore
642 4159 734 4205 Grono-
799 4159 832 4206 ue
848 4160 879 4206 Bt
901 4161 924 4205 iu
940 4155 999 4220 fauo
1019 4161 1200 4220 iscoqu...rt
1221 4157 1315 4204 eosdm
1338 4161 1379 4202 oet

122 4224 167 4278 vic,
177 4225 217 4284 qai
230 4227 267 4270 ita
277 4224 364 4270 habere
376 4225 473 4284 scriptos
491 4231 516 4270 et
526 4231 581 4270 vett
594 4223 669 4270 editor
688 4231 734 4269 tes·
767 4223 853 4270 indicto
871 4219 939 4284 telo]
958 4223 1017 4271 Duae
1032 4231 1100 4270 erant
1115 4237 1198 4276 muse,
1210 4223 1241 4267 ob
1257 4233 1314 4279 qun
1330 4220 1377 4266 Ro-

123 4295 197 4340 hme
213 4297 237 4334 et
250 4289 384 4348 purulente
398 4287 488 4334 hadas
503 4295 625 4334 structura
637 4287 734 4333 ratione.
768 4287 831 4332 mani
847 4287 922 4334 securi
942 4287 1091 4347 putarentur:
1109 4285 1165 4345 quia
1182 4297 1266 4344 nempe
1277 4291 1301 4328 et
1312 4291 1379 4330 eraut

124 4349 211 4399 ussa
223 4351 306 4412 scripti
318 4351 388 4397 etiem
400 4351 543 4397 Gronorisni
553 4365 606 4397 euin
616 4349 737 4396 Victorino
768 4349 792 4395 in
805 4349 859 4396 iano
870 4349 969 4410 lucoque
979 4350 1131 4404 uastissima
1142 4355 1165 4394 et
1176 4347 1263 4394 bium
1274 4347 1379 4394 nondum

123 4416 257 4476 petierunt,
269 4431 313 4462 sca
325 4416 498 4475 intepuerat.-
515 4415 554 4460 ubi
572 4428 666 4462 necem
678 4413 738 4460 iuret
768 4413 882 4460 indicium
890 4421 948 4460 eret.

123 4479 406 4539 imeiiigimriliemut
417 4478 506 4538 aliquid
517 4479 570 4526 tale.
604 4475 738 4524 Gronovius
801 4477 834 4523 63
851 4479 921 4523 'Ast
930 4471 1223 4538 malumnsceten]
1241 4475 1279 4523 Sic
1290 4475 1305 4522 Ι.
1319 4475 1380 4522 lle.

124 4545 262 4600 quibasdam
280 4543 358 4589 elisus
377 4543 492 4603 exemplis
510 4543 534 4588 id
553 4541 613 4589 tueri
632 4547 737 4588 conatur.
769 4539 808 4587 30.
833 4541 887 4588 Plus
897 4534 1169 4600 manue...saerm
