3118 5002
146 264 209 326 312
717 253 810 318 Tl'l'l
841 252 956 318 LIVII

148 429 180 477 ii.
189 428 216 476 c.
227 425 280 482 sta
310 406 514 494 proconsules
528 425 655 470 manere
668 425 742 468 cum
752 401 999 550 memffim
1005 402 1078 487 jure
1087 401 1120 466 iri
1133 401 1292 487 Hispania
1296 402 1397 486 jusi:

148 493 176 540 Α·
188 493 215 540 ⁰·
229 491 281 547 ita
310 501 394 556 etut
408 492 441 555 iii
456 513 494 554 su
516 491 713 576 plementum
727 488 849 552 histria
893 487 900 500 '
967 487 1083 550 civium
1095 487 1313 550 Romanorum
1324 509 1400 550 cum

310 575 470 660 equitibus
492 513 647 653 ducentis,
668 573 809 658 quinque
830 571 929 636 millia
949 570 1069 635 sociiim
1088 571 1196 636 Latini
1214 572 1353 636 nominis
1367 581 1401 636 et

310 661 443 724 trecenti
458 660 580 744 equites
594 659 806 722 mitterentur.

353 745 446 809 XVI.
470 743 592 806 Latinis
616 743 700 806 feriae
719 743 806 805 fuere
827 751 900 808 ante
915 743 998 807 diem
1012 739 1143 803 tertium
1158 740 1270 804 Nonas
1286 740 1368 804 Maii
1377 742 1402 819 ¹³,

310 829 344 892 in
358 829 485 913 quibus,
498 829 573 912 quia
586 827 619 890 iii
635 848 699 890 una
711 826 815 890 hostia
827 827 1031 912 magistratus
1045 825 1232 888 Lanuvinus
1252 834 1402 910 precatus

311 935 377 976 non
392 921 468 991 erat,
476 914 589 994 popam
603 913 739 975 &mano
753 913 927 991 Quiritium,
936 909 1080 995 religioni
1090 910 1161 973 fuit.
1191 909 1230 972 ld
1244 931 1345 993 quum
1360 911 1403 973 ad

312 1005 457 1061 senatum
479 997 614 1060 relatum
632 1005 725 1075 esset,
749 1005 939 1080 senatusque
959 996 999 1059 ad
1020 993 1209 1079 pontificum
1232 993 1403 1078 collegium

312 1082 488 1166 rejecisset3
553 1080 725 1158 ntifieibus,
747 1081 822 1178 quia
845 1103 910 1144 non
933 1087 1016 1144 recte
1035 1079 1128 1142 factos
1146 1078 1270 1142 Latinae
1284 1087 1403 1158 essent,

312 1166 494 1230 instauratis
509 1103 643 1243 lirinis,
658 1165 778 1250 placuit
792 1164 986 1243 Lanuvinos,
1008 1184 1146 1246 quorum
1167 1183 1262 1260 opera
1281 1162 1404 1226 instau-

312 1259 389 1315 ratae
404 1259 521 1329 essent,
535 1250 655 1313 hostias
691 1249 818 1313 raebere.
861 1251 1045 1314 Accesserat
1058 1248 1099 1310 ad
1112 1246 1304 1331 religionem,
1315 1248 1406 1331 quod

314 1336 375 1400 Cn.
390 1335 557 1400 Cornelius
572 1271 692 1414 consul,
707 1355 747 1396 ex
761 1341 869 1398 monte
889 1333 1015 1396 Albano
1031 1331 1166 1410 rediens,
1181 1331 1337 1394 concidit:
1359 1340 1405 1410 et,

313 1429 404 1506 parte
417 1421 633 1484 membrorum
651 1426 774 1502 captus,
795 1418 836 1480 ad
857 1419 967 1516 Aquas
988 1417 1148 1480 Cumanas
1172 1416 1334 1502 profectus
1354 1415 1406 1480 in-

313 1513 517 1591 gravescente
530 1504 652 1582 morbo,
667 1503 778 1566 Cumis
789 1503 932 1566 decessit.
956 1502 1020 1566 Sed
1030 1500 1103 1564 inde
1112 1508 1257 1564 mortuus
1268 1501 1408 1564 Romam
1531 1511 1537 1522 '

314 1591 449 1668 adlatus,
464 1597 497 1651 et
511 1589 621 1651 funere
636 1587 804 1670 magnifico
819 1586 921 1650 elatus
936 1586 1145 1670 sepultusque
1160 1593 1220 1649 est.
1256 1585 1408 1650 Pontifex

315 1673 399 1737 idem
412 1673 524 1736 fuerat.
561 1671 683 1735 Consul
699 1671 740 1736 Q.
756 1671 909 1748 Petillius‚
924 1693 1025 1754 quum
1040 1669 1179 1756 primum
1193 1691 1251 1755 pe,
1264 1669 1409 1754 auspicia
1532 1663 1537 1677 .

315 1765 433 1842 posset,
446 1756 574 1840 collegae
596 1754 797 1838 subrogando
812 1754 940 1818 comitia
954 1755 1069 1818 habere
1083 1753 1205 1839 jussus,
1226 1762 1259 1818 et
1273 1755 1409 1820 Latinas

315 1841 445 1905 edicere.
482 1839 610 1902 comitia
623 1838 644 1872 '⁷
654 1839 688 1902 in
703 1847 776 1902 ante
791 1839 875 1902 diem
888 1840 1018 1902 tertium
1034 1839 1145 1902 Nonas
1158 1839 1302 1917 Sextiles,
1317 1839 1409 1903 Lati-
1529 1846 1532 1869 ¹

214 1943 243 1956 ··
315 1947 372 1988 iias
393 1925 427 1988 in
441 1932 514 1988 ante
537 1923 621 1986 diem
644 1923 774 1986 tertium
798 1923 876 1986 Idus
900 1923 1035 1988 Sextiles
1055 1923 1162 1986 edixit.
1207 1923 1313 1986 Plenis
1335 1924 1410 1987 reli·
1530 1934 1533 1957 ¹

314 2009 447 2108 gionuip
462 2008 586 2086 animis,
607 2009 752 2156 prodigia
771 2009 902 2106 insuper
920 2009 1090 2106 nunciata:
1112 2007 1244 2106 'l'usculi
1258 2008 1358 2071 facem
1372 2009 1409 2072 in

315 2095 395 2158 eoelo
409 2115 519 2171 visam,
535 2091 647 2157 Gabiis
722 2114 773 2156 ein
787 2093 945 2178 Apollinis
970 2101 1003 2156 et
1024 2099 1148 2178 privata
1169 2093 1303 2156 aedilicia
1320 2115 1409 2158 com-

315 2179 417 2265 plura,
432 2178 593 2243 Graviscis
606 2199 734 2241 murum
748 2186 936 2262 portamque
950 2179 990 2241 de
1005 2177 1084 2240 coelo
1099 2185 1193 2240 tacta.
1237 2177 1287 2242 Ea
1300 2186 1409 2263 patres

315 2265 488 2349 procurari,
501 2263 550 2326 uti
564 2263 732 2349 pontifices
746 2262 954 2341 censuissent,
962 2262 1138 2347 jusserunt.
1161 2261 1250 2326 Dum
1260 2263 1409 2326 consules
1528 2279 1536 2284 ’

315 2349 456 2498 pqimum
470 2349 647 2447 religiones,
662 2347 775 2410 deinde
786 2347 919 2410 alterum
933 2346 1061 2409 alterius
1076 2367 1172 2425 mors,
1186 2355 1219 2409 et
1228 2347 1365 2424 comitia,
1375 2357 1410 2412 et

365 2435 503 2497 tinarum
532 2432 797 2496 instaurationes⁰
826 2431 1004 2516 inpediunt,
1033 2430 1160 2494 interim
1189 2429 1227 2495 C.
1253 2431 1410 2496 Claudius

317 2519 489 2580 exercituin
504 2517 544 2579 ad
559 2516 731 2593 Mutinam,
753 2537 849 2599 quam
870 2516 1004 2600 Ligures
1023 2515 1128 2600 priore
1146 2535 1230 2578 anno
1248 2526 1409 2600 ceperant,

317 2601 466 2664 admovit.
509 2599 625 2662 “Ante
639 2600 792 2676 triduum,
808 2621 903 2682 quam
922 2600 963 2664 ob
987 2621 1107 2684 iignare
1130 2608 1277 2684 coepeiat,
1300 2623 1409 2686 recep-

317 2694 383 2748 tam
406 2706 445 2748 ex
467 2683 614 2747 hostibus
632 2683 753 2746 colonis
770 2683 919 2747 restituit.
996 2693 1048 2748 cto
1068 2683 1168 2747 millis
1185 2683 1231 2748 ibi
1251 2685 1409 2769 Ligurum

317 2769 401 2832 intra
414 2789 522 2831 muros
532 2789 632 2847 caesa3
648 2767 809 2852 literaeque
824 2768 959 2832 Romam
968 2769 1127 2854 extemplo
1139 2769 1276 2854 scriptae,
1290 2770 1408 2852 quibus

318 2875 383 2918 non
398 2853 493 2917 modo
507 2875 574 2916 rem
589 2861 770 2937 exponeret,
786 2852 950 2916 sedetiam
965 2853 1162 2938 gloriaretur,
1177 2875 1235 2916 sua
1244 2863 1360 2918 virtute
1372 2877 1409 2919 ac
1534 2880 1538 2886 ·

318 2939 465 3003 felicitate
488 2938 647 3001 neminem
671 2938 739 3024 jam
768 2938 813 3001 cis
842 2937 942 3023 Alpes
967 2939 1090 3036 hostem
1115 2938 1228 3086 populi
1251 2939 1408 3004 Romanii

321 3025 343 3062 ⁸·
354 3026 483 3110 agrique
498 3023 694 3108 aliquantum
716 3032 855 3110 captum,
876 3023 931 3108 qui
952 3023 1061 3087 multis
1083 3023 1162 3086 milli
1185 3043 1224 3086 us
1241 3023 1409 3088 hominum

320 3109 416 3174 dividi
431 3109 548 3173 viritim
563 3116 681 3194 posset.

363 3195 474 3258 XVII.
497 3194 542 3256 Et
555 3193 603 3256 ri.
616 3191 822 3276 Sempronius
837 3193 947 3256 eodem
962 3201 1103 3278 tempore
1117 3193 1151 3256 in
1168 3193 1312 3257 Sardinia
1324 3196 1409 3258 mul-

320 3278 362 3340 tis
378 3277 525 3342 secundis
538 3275 656 3360 proeliis
673 3277 789 3340 Sardos
804 3277 994 3361 perdomuit.
1030 3277 1211 3376 quindecim
1222 3278 1320 3342 millia
1334 3280 1408 3344 lios-
1523 3355 1524 3360 γ

321 3361 403 3425 tium
416 3369 492 3423 sunt
504 3381 595 3423 caesa.
639 3360 761 3422 Omnes
777 3361 949 3425 Sardorum
964 3363 1085 3447 populi,
1100 3363 1156 3446 qui
1168 3363 1356 3442 defecerant,
1374 3365 1408 3428 in

321 3445 474 3508 ditionem
487 3443 615 3508 redacti.
653 3444 864 3530 stipendiariis
878 3447 1037 3510 veteribus
1060 3447 1178 3532 duplex
1193 3447 1327 3534 vectigal
1349 3449 1408 3512 im·
1533 3453 1540 3462 “

321 3537 477 3615 peratum,
490 3537 716 3612 exactumque:
732 3530 827 3592 ceteri
840 3531 1035 3594 fiumentum
1050 3532 1263 3596 contulerunt.
1294 3533 1409 3598 Pacata

321 3614 491 3702 provincia,
505 3613 731 3698 obsidibusque
747 3636 786 3678 ex
801 3623 869 3678 tota
882 3615 986 3679 insula
1000 3616 1145 3679 ducentis
1158 3615 1289 3701 triginta
1299 3639 1409 3704 accep-

543 3779 558 3820 l’
569 3786 647 3832 Maior
658 3785 752 3846 Kreyss.
767 3785 843 3832 aeis.
980 3789 1139 3836 siminorum
1150 3785 1217 3834 ned.

193 3939 225 3995 oi
242 3940 270 3986 lii
281 3939 403 3986 antediem
417 3941 507 3986 tertiam
519 3939 597 3985 Nonae
609 3969 616 3984 .
629 3971 636 3985 .
649 3970 656 3985 .
673 3942 697 3985 i'ii
715 3946 767 3986 oste
800 3939 920 3998 loquendi,
928 3949 959 3994 et,
967 3941 986 3987 ii
997 3941 1065 3988 solito
1076 3955 1140 3987 more
1150 3947 1314 4001 exponeretur,
1326 3953 1407 3984 seruus

161 4007 220 4052 dim
238 3999 408 4062 tertismldai]
427 4002 529 4049 Perierat
547 4004 671 4062 utrobique
686 4004 767 4050 vocula
800 4011 860 4050 suet
883 4005 996 4050 coloniam
1019 4005 1097 4050 triduo
1119 4013 1173 4052 ante
1193 4014 1317 4064 receptam.
1337 4017 1407 4061 quam

161 4075 221 4115 ants.
255 4069 314 4114 liam
329 4067 430 4112 restituit
442 4067 551 4124 Sigonius
562 4081 591 4111 ex
603 4067 693 4113 solenni
707 4067 767 4113 Livii
799 4069 929 4126 oppugnari
950 4077 1025 4128 empta
1043 4077 1110 4115 esset.
1145 4069 1215 4118 Quod
1235 4082 1308 4127 quum
1324 4069 1406 4112 absur-
1531 4071 1539 4080 ”

162 4141 186 4178 et
197 4139 326 4178 ceterorum
337 4130 448 4189 loquendi
460 4143 532 4176 mora.
799 4131 855 4176 dum
873 4131 911 4184 iit,
923 4145 970 4177 non
989 4133 1106 4178 immerito
1126 4133 1262 4178 Perizonius
1281 4132 1406 4177 emendat:

193 4195 226 4242 68
244 4197 303 4241 Ante
321 4195 427 4249 triduum,
438 4209 505 4254 quon
521 4207 650 4253 oppugnare
660 4200 767 4252 coeperot,
798 4196 861 4240 intro
873 4196 979 4242 triduani.

161 4257 286 4320 receptorii]
299 4259 322 4304 si
332 4259 382 4305 bae
393 4271 448 4304 sana
460 4265 611 4312 contremui
619 4264 667 4302 est:
687 4258 766 4306 Quum
830 4257 863 4305 69
879 4260 981 4319 agrique
1003 4257 1157 4321 aliquantam]
1192 4259 1237 4305 llio
1258 4257 1406 4318 perspicuum

162 4324 288 4382 recepisset
309 4337 369 4378 earn,
388 4329 514 4381 antequam
536 4320 640 4366 triduum
661 4321 765 4380 elapsum
799 4329 834 4367 eat
845 4323 985 4382 duamani
999 4323 1061 4369 idem
1080 4323 1204 4383 essequod
1220 4325 1406 4380 antummum

162 4394 230 4440 esset,
248 4401 278 4432 ex
296 4401 343 4445 quo
360 4400 495 4448 oppugnare
510 4392 618 4444 coeperst.
653 4383 698 4430 Sed
717 4387 767 4443 ple·
799 4399 854 4443 ager
866 4385 905 4430 ille
917 4387 978 4431 bello
989 4387 1158 4446 captusmultis
1170 4387 1273 4434 millibus
1283 4386 1406 4432 bominum

163 4463 262 4508 rumque
280 4451 350 4509 longe
369 4451 437 4496 sliam
450 4450 497 4496 vim
516 4450 587 4496 babet
603 4449 652 4494 lieo
668 4447 768 4495 formula
799 4449 872 4495 dividi
884 4449 971 4496 viritim
983 4465 1050 4511 posse
1061 4451 1159 4498 dicatur.
