<?xml version="1.0" encoding="UTF-8"?>
<!DOCTYPE html PUBLIC "-//W3C//DTD XHTML 1.0 Transitional//EN"
    "http://www.w3.org/TR/xhtml1/DTD/xhtml1-transitional.dtd">
<html xmlns="http://www.w3.org/1999/xhtml" xml:lang="en" lang="en">
 <head>
  <title>
</title>
<meta http-equiv="Content-Type" content="text/html;charset=utf-8" />
  <meta name='ocr-system' content='tesseract 3.04.00' />
  <meta name='ocr-capabilities' content='ocr_page ocr_carea ocr_par ocr_line ocrx_word'/>
</head>
<body>
  <div class='ocr_page' id='page_1' title='image "./tliviipatavinih01crevgoog/tliviipatavinih01crevgoog_0256.png"; bbox 0 0 3108 4982; ppageno 0'>
   <div class='ocr_carea' id='block_1_1' title="bbox 182 1835 316 1946">
    <p class='ocr_par' dir='ltr' id='par_1_1' title="bbox 182 1835 316 1946">
     <span class='ocr_line' id='line_1_1' title="bbox 183 1835 316 1888; baseline -0.023 -6"><span class='ocrx_word' id='word_1_1' title='bbox 183 1835 211 1882; x_wconf 90' lang='lat' dir='ltr'><strong>U.</strong></span> <span class='ocrx_word' id='word_1_2' title='bbox 225 1837 250 1880; x_wconf 83' lang='lat' dir='ltr'><strong>C.</strong></span> <span class='ocrx_word' id='word_1_3' title='bbox 263 1835 316 1888; x_wconf 69' lang='lat'><strong>570.</strong></span> 
     </span>
     <span class='ocr_line' id='line_1_2' title="bbox 182 1899 316 1946; baseline 0.007 -1"><span class='ocrx_word' id='word_1_4' title='bbox 182 1899 211 1946; x_wconf 78' lang='grc' dir='ltr'><strong>Α.</strong></span> <span class='ocrx_word' id='word_1_5' title='bbox 225 1901 249 1944; x_wconf 85' lang='lat' dir='ltr'><strong>C.</strong></span> <span class='ocrx_word' id='word_1_6' title='bbox 265 1899 316 1946; x_wconf 73' lang='lat'><strong>182</strong></span> 
     </span>
    </p>
   </div>
   <div class='ocr_carea' id='block_1_2' title="bbox 590 1202 1165 1291">
    <p class='ocr_par' dir='ltr' id='par_1_2' title="bbox 590 1202 1165 1291">
     <span class='ocr_line' id='line_1_3' title="bbox 590 1202 1165 1291; baseline -0.017 0"><span class='ocrx_word' id='word_1_7' title='bbox 590 1211 642 1291; x_wconf 88' lang='grc' dir='ltr'><strong>Τ.</strong></span> <span class='ocrx_word' id='word_1_8' title='bbox 693 1205 835 1288; x_wconf 93' lang='lat' dir='ltr'><strong>LlVll</strong></span> <span class='ocrx_word' id='word_1_9' title='bbox 879 1202 1165 1286; x_wconf 89' lang='lat' dir='ltr'><strong>PATAVlNl</strong></span> 
     </span>
    </p>
   </div>
   <div class='ocr_carea' id='block_1_3' title="bbox 769 1431 1009 1496">
    <p class='ocr_par' dir='ltr' id='par_1_3' title="bbox 769 1431 1009 1496">
     <span class='ocr_line' id='line_1_4' title="bbox 769 1431 1009 1496; baseline 0 0"><span class='ocrx_word' id='word_1_10' title='bbox 769 1431 911 1496; x_wconf 83' lang='lat' dir='ltr'>LIBER</span> <span class='ocrx_word' id='word_1_11' title='bbox 936 1431 1009 1496; x_wconf 88' lang='lat' dir='ltr'><strong>XL.</strong></span> 
     </span>
    </p>
   </div>
   <div class='ocr_carea' id='block_1_4' title="bbox 790 1647 972 1658">
    <p class='ocr_par' dir='ltr' id='par_1_4' title="bbox 790 1647 972 1658">
     <span class='ocr_line' id='line_1_5' title="bbox 790 1647 972 1658; baseline 0 0"><span class='ocrx_word' id='word_1_12' title='bbox 790 1647 972 1658; x_wconf 56' lang='lat'><strong>*-</strong></span> 
     </span>
    </p>
   </div>
   <div class='ocr_carea' id='block_1_5' title="bbox 345 1799 1441 1974">
    <p class='ocr_par' dir='ltr' id='par_1_5' title="bbox 345 1799 1441 1974">
     <span class='ocr_line' id='line_1_6' title="bbox 347 1799 1441 1948; baseline -0.002 -81"><span class='ocrx_word' id='word_1_13' title='bbox 347 1805 540 1867; x_wconf 78' lang='lat' dir='ltr'><strong>Pnrucrrro</strong></span> <span class='ocrx_word' id='word_1_14' title='bbox 580 1799 776 1883; x_wconf 90' lang='lat' dir='ltr'><strong>insequentis</strong></span> <span class='ocrx_word' id='word_1_15' title='bbox 805 1799 882 1863; x_wconf 89' lang='lat' dir='ltr'><strong>anni</strong></span> <span class='ocrx_word' id='word_1_16' title='bbox 911 1799 1058 1864; x_wconf 90' lang='lat' dir='ltr'><strong>consules</strong></span> <span class='ocrx_word' id='word_1_17' title='bbox 1088 1805 1303 1948; x_wconf 76' lang='lat' dir='ltr'><strong>praetoresque</strong></span> <span class='ocrx_word' id='word_1_18' title='bbox 1334 1801 1441 1865; x_wconf 85' lang='lat' dir='ltr'><strong>sortiti</strong></span> 
     </span>
     <span class='ocr_line' id='line_1_7' title="bbox 345 1884 1441 1974; baseline -0.002 -24"><span class='ocrx_word' id='word_1_19' title='bbox 345 1886 522 1974; x_wconf 90' lang='lat' dir='ltr'><strong>provincias</strong></span> <span class='ocrx_word' id='word_1_20' title='bbox 535 1895 620 1948; x_wconf 90' lang='lat' dir='ltr'><strong>sunt.</strong></span> <span class='ocrx_word' id='word_1_21' title='bbox 646 1885 842 1964; x_wconf 87' lang='lat' dir='ltr'><strong>consulibus,</strong></span> <span class='ocrx_word' id='word_1_22' title='bbox 852 1885 949 1962; x_wconf 86' lang='lat' dir='ltr'><strong>nulla,</strong></span> <span class='ocrx_word' id='word_1_23' title='bbox 960 1892 1077 1970; x_wconf 85' lang='lat' dir='ltr'><strong>praeter</strong></span> <span class='ocrx_word' id='word_1_24' title='bbox 1119 1884 1125 1897; x_wconf 91' lang='lat'>&#39;</span> <span class='ocrx_word' id='word_1_25' title='bbox 1152 1906 1234 1962; x_wconf 89' lang='lat' dir='ltr'><strong>ures,</strong></span> <span class='ocrx_word' id='word_1_26' title='bbox 1247 1907 1319 1968; x_wconf 85' lang='lat' dir='ltr'><strong>quae</strong></span> <span class='ocrx_word' id='word_1_27' title='bbox 1331 1885 1441 1949; x_wconf 88' lang='lat' dir='ltr'><strong>decer-</strong></span> 
     </span>
    </p>
   </div>
   <div class='ocr_carea' id='block_1_6' title="bbox 183 1969 1441 2063">
    <p class='ocr_par' dir='ltr' id='par_1_6' title="bbox 183 1969 1441 2063">
     <span class='ocr_line' id='line_1_8' title="bbox 183 1969 1441 2063; baseline -0.004 -25"><span class='ocrx_word' id='word_1_28' title='bbox 183 2011 225 2056; x_wconf 80' lang='lat' dir='ltr'><strong>en.</strong></span> <span class='ocrx_word' id='word_1_29' title='bbox 241 2008 329 2063; x_wconf 65' lang='lat' dir='ltr'><strong>nasto,</strong></span> <span class='ocrx_word' id='word_1_30' title='bbox 346 1981 484 2049; x_wconf 88' lang='lat' dir='ltr'><strong>neretur,</strong></span> <span class='ocrx_word' id='word_1_31' title='bbox 508 1979 584 2034; x_wconf 86' lang='lat' dir='ltr'><strong>erat.</strong></span> <span class='ocrx_word' id='word_1_32' title='bbox 627 1970 814 2034; x_wconf 73' lang='lat' dir='ltr'><strong>iurisdictio</strong></span> <span class='ocrx_word' id='word_1_33' title='bbox 838 1970 960 2033; x_wconf 90' lang='lat' dir='ltr'><strong>urbana</strong></span> <span class='ocrx_word' id='word_1_34' title='bbox 986 1970 1034 2033; x_wconf 89' lang='lat' dir='ltr'><strong>M.</strong></span> <span class='ocrx_word' id='word_1_35' title='bbox 1061 1969 1091 2033; x_wconf 96' lang='grc' dir='ltr'>Ο</span> <span class='ocrx_word' id='word_1_36' title='bbox 1151 1969 1203 2032; x_wconf 93' lang='lat' dir='ltr'><strong>nio</strong></span> <span class='ocrx_word' id='word_1_37' title='bbox 1228 1969 1333 2048; x_wconf 89' lang='lat' dir='ltr'><strong>Gallo,</strong></span> <span class='ocrx_word' id='word_1_38' title='bbox 1355 1970 1441 2033; x_wconf 81' lang='lat' dir='ltr'><strong>inter</strong></span> 
     </span>
    </p>
   </div>
   <div class='ocr_carea' id='block_1_7' title="bbox 184 2137 248 2182">
    <p class='ocr_par' dir='ltr' id='par_1_7' title="bbox 184 2137 248 2182">
     <span class='ocr_line' id='line_1_9' title="bbox 184 2137 248 2182; baseline -0.031 0"><span class='ocrx_word' id='word_1_39' title='bbox 184 2137 248 2182; x_wconf 86' lang='lat' dir='ltr'><strong>Coss.</strong></span> 
     </span>
    </p>
   </div>
   <div class='ocr_carea' id='block_1_8' title="bbox 184 2199 317 2245">
    <p class='ocr_par' dir='ltr' id='par_1_8' title="bbox 184 2199 317 2245">
     <span class='ocr_line' id='line_1_10' title="bbox 184 2199 317 2245; baseline 0 0"><span class='ocrx_word' id='word_1_40' title='bbox 184 2199 317 2245; x_wconf 78' lang='lat' dir='ltr'><strong>Provinciae.</strong></span> 
     </span>
    </p>
   </div>
   <div class='ocr_carea' id='block_1_9' title="bbox 187 3827 291 3874">
    <p class='ocr_par' dir='ltr' id='par_1_9' title="bbox 187 3827 291 3874">
     <span class='ocr_line' id='line_1_11' title="bbox 187 3827 291 3874; baseline -0.029 0"><span class='ocrx_word' id='word_1_41' title='bbox 187 3827 291 3874; x_wconf 85' lang='lat' dir='ltr'><strong>Procella</strong></span> 
     </span>
    </p>
   </div>
   <div class='ocr_carea' id='block_1_10' title="bbox 186 3891 325 3952">
    <p class='ocr_par' dir='ltr' id='par_1_10' title="bbox 186 3891 325 3952">
     <span class='ocr_line' id='line_1_12' title="bbox 186 3891 325 3952; baseline -0.014 -15"><span class='ocrx_word' id='word_1_42' title='bbox 186 3891 325 3952; x_wconf 77' lang='lat' dir='ltr'><strong>prodigiosa.</strong></span> 
     </span>
    </p>
   </div>
   <div class='ocr_carea' id='block_1_11' title="bbox 184 2053 1440 2154">
    <p class='ocr_par' dir='ltr' id='par_1_11' title="bbox 184 2053 1440 2154">
     <span class='ocr_line' id='line_1_13' title="bbox 184 2053 1440 2154; baseline 0 -36"><span class='ocrx_word' id='word_1_43' title='bbox 184 2073 209 2118; x_wconf 75' lang='grc' dir='ltr'><strong>ι,</strong></span> <span class='ocrx_word' id='word_1_44' title='bbox 224 2073 318 2119; x_wconf 79' lang='lat' dir='ltr'><strong>AEmilio</strong></span> <span class='ocrx_word' id='word_1_45' title='bbox 346 2057 529 2154; x_wconf 85' lang='lat' dir='ltr'><strong>peregrinos</strong></span> <span class='ocrx_word' id='word_1_46' title='bbox 546 2056 593 2118; x_wconf 91' lang='lat' dir='ltr'><strong>M.</strong></span> <span class='ocrx_word' id='word_1_47' title='bbox 605 2055 730 2118; x_wconf 86' lang='lat' dir='ltr'><strong>Valerio</strong></span> <span class='ocrx_word' id='word_1_48' title='bbox 743 2055 867 2134; x_wconf 88' lang='lat' dir='ltr'><strong>evenit;</strong></span> <span class='ocrx_word' id='word_1_49' title='bbox 893 2053 1122 2139; x_wconf 81' lang='lat' dir='ltr'>Hispaniarum</span> <span class='ocrx_word' id='word_1_50' title='bbox 1138 2053 1179 2118; x_wconf 79' lang='lat' dir='ltr'><strong>Q.</strong></span> <span class='ocrx_word' id='word_1_51' title='bbox 1196 2053 1308 2118; x_wconf 84' lang='lat' dir='ltr'><strong>Fulvio</strong></span> <span class='ocrx_word' id='word_1_52' title='bbox 1325 2055 1440 2118; x_wconf 83' lang='lat' dir='ltr'><strong>Flacco</strong></span> 
     </span>
    </p>
   </div>
   <div class='ocr_carea' id='block_1_12' title="bbox 347 2137 1443 4080">
    <p class='ocr_par' dir='ltr' id='par_1_12' title="bbox 347 2137 1442 3806">
     <span class='ocr_line' id='line_1_14' title="bbox 347 2137 1441 2220; baseline -0.002 -16"><span class='ocrx_word' id='word_1_53' title='bbox 347 2141 481 2220; x_wconf 77' lang='lat' dir='ltr'><strong>citerior,</strong></span> <span class='ocrx_word' id='word_1_54' title='bbox 497 2141 532 2204; x_wconf 92' lang='lat' dir='ltr'><strong>P.</strong></span> <span class='ocrx_word' id='word_1_55' title='bbox 548 2140 670 2203; x_wconf 90' lang='lat' dir='ltr'><strong>Manlio</strong></span> <span class='ocrx_word' id='word_1_56' title='bbox 692 2139 831 2218; x_wconf 86' lang='lat' dir='ltr'><strong>ulterior,</strong></span> <span class='ocrx_word' id='word_1_57' title='bbox 846 2139 884 2202; x_wconf 90' lang='lat' dir='ltr'><strong>L.</strong></span> <span class='ocrx_word' id='word_1_58' title='bbox 900 2139 1028 2202; x_wconf 79' lang='lat' dir='ltr'><strong>Caecilio</strong></span> <span class='ocrx_word' id='word_1_59' title='bbox 1052 2139 1169 2202; x_wconf 86' lang='lat' dir='ltr'>Dentri</span> <span class='ocrx_word' id='word_1_60' title='bbox 1183 2137 1298 2217; x_wconf 87' lang='lat' dir='ltr'><strong>Sicilia,</strong></span> <span class='ocrx_word' id='word_1_61' title='bbox 1321 2139 1359 2204; x_wconf 85' lang='lat' dir='ltr'><strong>C.</strong></span> <span class='ocrx_word' id='word_1_62' title='bbox 1378 2139 1441 2202; x_wconf 87' lang='lat' dir='ltr'><strong>Te-</strong></span> 
     </span>
     <span class='ocr_line' id='line_1_15' title="bbox 347 2222 1440 2307; baseline -0.002 -17"><span class='ocrx_word' id='word_1_63' title='bbox 347 2226 450 2290; x_wconf 90' lang='lat' dir='ltr'><strong>rentio</strong></span> <span class='ocrx_word' id='word_1_64' title='bbox 487 2226 578 2289; x_wconf 82' lang='lat' dir='ltr'><strong>Istrae</strong></span> <span class='ocrx_word' id='word_1_65' title='bbox 615 2225 769 2289; x_wconf 82' lang='lat' dir='ltr'><strong>Sardinia.</strong></span> <span class='ocrx_word' id='word_1_66' title='bbox 828 2223 983 2288; x_wconf 74' lang='lat' dir='ltr'><strong>Consules</strong></span> <span class='ocrx_word' id='word_1_67' title='bbox 1023 2224 1164 2287; x_wconf 87' lang='lat' dir='ltr'><strong>delectus</strong></span> <span class='ocrx_word' id='word_1_68' title='bbox 1199 2223 1314 2286; x_wconf 87' lang='lat' dir='ltr'><strong>habere</strong></span> <span class='ocrx_word' id='word_1_69' title='bbox 1344 2222 1440 2307; x_wconf 90' lang='lat' dir='ltr'><strong>jussi.</strong></span> 
     </span>
     <span class='ocr_line' id='line_1_16' title="bbox 349 2308 1441 2394; baseline -0.006 -17"><span class='ocrx_word' id='word_1_70' title='bbox 349 2311 391 2377; x_wconf 78' lang='lat' dir='ltr'><strong>Q.</strong></span> <span class='ocrx_word' id='word_1_71' title='bbox 408 2311 526 2375; x_wconf 81' lang='lat' dir='ltr'><strong>Fabius</strong></span> <span class='ocrx_word' id='word_1_72' title='bbox 549 2331 588 2372; x_wconf 84' lang='lat' dir='ltr'><strong>ex</strong></span> <span class='ocrx_word' id='word_1_73' title='bbox 612 2310 785 2394; x_wconf 84' lang='lat' dir='ltr'><strong>Liguribus</strong></span> <span class='ocrx_word' id='word_1_74' title='bbox 810 2308 987 2393; x_wconf 80' lang='lat' dir='ltr'><strong>scripserat,</strong></span> <span class='ocrx_word' id='word_1_75' title='bbox 1002 2308 1156 2392; x_wconf 81' lang='lat' dir='ltr'><strong>Apuanos</strong></span> <span class='ocrx_word' id='word_1_76' title='bbox 1173 2308 1214 2370; x_wconf 91' lang='lat' dir='ltr'><strong>ad</strong></span> <span class='ocrx_word' id='word_1_77' title='bbox 1236 2308 1441 2371; x_wconf 87' lang='lat' dir='ltr'><strong>rebellionem</strong></span> 
     </span>
     <span class='ocr_line' id='line_1_17' title="bbox 349 2393 1441 2481; baseline -0.003 -22"><span class='ocrx_word' id='word_1_78' title='bbox 349 2405 490 2481; x_wconf 89' lang='lat' dir='ltr'><strong>spectare</strong></span> <span class='ocrx_word' id='word_1_79' title='bbox 499 2421 508 2474; x_wconf 83' lang='lat'>3</span> <span class='ocrx_word' id='word_1_80' title='bbox 529 2395 768 2479; x_wconf 84' lang='lat' dir='ltr'><strong>periculumque</strong></span> <span class='ocrx_word' id='word_1_81' title='bbox 794 2415 872 2472; x_wconf 90' lang='lat' dir='ltr'><strong>esse,</strong></span> <span class='ocrx_word' id='word_1_82' title='bbox 891 2415 931 2456; x_wconf 87' lang='lat' dir='ltr'><strong>ne</strong></span> <span class='ocrx_word' id='word_1_83' title='bbox 949 2393 1095 2477; x_wconf 86' lang='lat' dir='ltr'><strong>inpetum</strong></span> <span class='ocrx_word' id='word_1_84' title='bbox 1110 2393 1143 2456; x_wconf 92' lang='lat' dir='ltr'><strong>in</strong></span> <span class='ocrx_word' id='word_1_85' title='bbox 1159 2413 1271 2477; x_wconf 83' lang='lat' dir='ltr'><strong>agrum</strong></span> <span class='ocrx_word' id='word_1_86' title='bbox 1287 2393 1441 2456; x_wconf 88' lang='lat' dir='ltr'><strong>Pisanum</strong></span> 
     </span>
     <span class='ocr_line' id='line_1_18' title="bbox 348 2476 1440 2557; baseline -0.002 -14"><span class='ocrx_word' id='word_1_87' title='bbox 348 2482 497 2544; x_wconf 84' lang='lat' dir='ltr'><strong>facerent.</strong></span> <span class='ocrx_word' id='word_1_88' title='bbox 542 2479 586 2540; x_wconf 86' lang='lat' dir='ltr'><strong>Et</strong></span> <span class='ocrx_word' id='word_1_89' title='bbox 601 2500 640 2540; x_wconf 92' lang='lat' dir='ltr'><strong>ex</strong></span> <span class='ocrx_word' id='word_1_90' title='bbox 656 2479 718 2541; x_wconf 91' lang='lat' dir='ltr'><strong>His</strong></span> <span class='ocrx_word' id='word_1_91' title='bbox 743 2477 833 2557; x_wconf 87' lang='lat' dir='ltr'><strong>auiis,</strong></span> <span class='ocrx_word' id='word_1_92' title='bbox 848 2477 1023 2540; x_wconf 84' lang='lat' dir='ltr'><strong>citeriorem</strong></span> <span class='ocrx_word' id='word_1_93' title='bbox 1044 2476 1078 2540; x_wconf 91' lang='lat' dir='ltr'><strong>in</strong></span> <span class='ocrx_word' id='word_1_94' title='bbox 1100 2477 1195 2540; x_wconf 89' lang='lat' dir='ltr'><strong>armis</strong></span> <span class='ocrx_word' id='word_1_95' title='bbox 1217 2497 1295 2556; x_wconf 89' lang='lat' dir='ltr'><strong>esse,</strong></span> <span class='ocrx_word' id='word_1_96' title='bbox 1311 2485 1343 2540; x_wconf 90' lang='lat' dir='ltr'><strong>et</strong></span> <span class='ocrx_word' id='word_1_97' title='bbox 1365 2499 1440 2541; x_wconf 90' lang='lat' dir='ltr'><strong>cum</strong></span> 
     </span>
     <span class='ocr_line' id='line_1_19' title="bbox 349 2499 1440 2648; baseline -0.003 -20"><span class='ocrx_word' id='word_1_98' title='bbox 349 2563 518 2628; x_wconf 89' lang='lat' dir='ltr'><strong>Celtiberis</strong></span> <span class='ocrx_word' id='word_1_99' title='bbox 530 2561 640 2624; x_wconf 92' lang='lat' dir='ltr'><strong>bellari</strong></span> <span class='ocrx_word' id='word_1_100' title='bbox 655 2499 815 2625; x_wconf 66' lang='lat' dir='ltr'><strong>sciebant:</strong></span> <span class='ocrx_word' id='word_1_101' title='bbox 838 2561 872 2624; x_wconf 93' lang='lat' dir='ltr'><strong>in</strong></span> <span class='ocrx_word' id='word_1_102' title='bbox 887 2561 1043 2640; x_wconf 88' lang='lat' dir='ltr'><strong>ulteriore,</strong></span> <span class='ocrx_word' id='word_1_103' title='bbox 1055 2561 1130 2646; x_wconf 93' lang='lat' dir='ltr'><strong>quia</strong></span> <span class='ocrx_word' id='word_1_104' title='bbox 1145 2561 1201 2624; x_wconf 91' lang='lat' dir='ltr'><strong>diu</strong></span> <span class='ocrx_word' id='word_1_105' title='bbox 1223 2583 1307 2646; x_wconf 86' lang='lat' dir='ltr'><strong>aeger</strong></span> <span class='ocrx_word' id='word_1_106' title='bbox 1321 2571 1440 2648; x_wconf 78' lang='lat' dir='ltr'><strong>praetor</strong></span> 
     </span>
     <span class='ocr_line' id='line_1_20' title="bbox 348 2645 1439 2730; baseline 0 -20"><span class='ocrx_word' id='word_1_107' title='bbox 348 2655 442 2724; x_wconf 88' lang='lat' dir='ltr'><strong>esset,</strong></span> <span class='ocrx_word' id='word_1_108' title='bbox 456 2645 582 2708; x_wconf 89' lang='lat' dir='ltr'><strong>luxuria</strong></span> <span class='ocrx_word' id='word_1_109' title='bbox 596 2653 628 2708; x_wconf 88' lang='lat' dir='ltr'><strong>et</strong></span> <span class='ocrx_word' id='word_1_110' title='bbox 640 2645 705 2708; x_wconf 88' lang='lat' dir='ltr'><strong>otio</strong></span> <span class='ocrx_word' id='word_1_111' title='bbox 722 2645 857 2709; x_wconf 88' lang='lat' dir='ltr'><strong>solutam</strong></span> <span class='ocrx_word' id='word_1_112' title='bbox 873 2645 1073 2730; x_wconf 86' lang='lat' dir='ltr'><strong>disciplinam</strong></span> <span class='ocrx_word' id='word_1_113' title='bbox 1087 2646 1254 2709; x_wconf 89' lang='lat' dir='ltr'><strong>militarem</strong></span> <span class='ocrx_word' id='word_1_114' title='bbox 1269 2667 1347 2710; x_wconf 89' lang='lat' dir='ltr'><strong>esse.</strong></span> <span class='ocrx_word' id='word_1_115' title='bbox 1385 2645 1439 2710; x_wconf 93' lang='lat' dir='ltr'><strong>Ob</strong></span> 
     </span>
     <span class='ocr_line' id='line_1_21' title="bbox 349 2729 1440 2816; baseline 0 -22"><span class='ocrx_word' id='word_1_116' title='bbox 349 2751 386 2794; x_wconf 88' lang='lat' dir='ltr'><strong>ea</strong></span> <span class='ocrx_word' id='word_1_117' title='bbox 413 2751 512 2794; x_wconf 88' lang='lat' dir='ltr'><strong>novos</strong></span> <span class='ocrx_word' id='word_1_118' title='bbox 542 2729 697 2792; x_wconf 84' lang='lat' dir='ltr'><strong>exercitus</strong></span> <span class='ocrx_word' id='word_1_119' title='bbox 727 2729 883 2793; x_wconf 84' lang='lat' dir='ltr'><strong>conscribi</strong></span> <span class='ocrx_word' id='word_1_120' title='bbox 911 2729 1048 2815; x_wconf 84' lang='lat' dir='ltr'><strong>placuit:</strong></span> <span class='ocrx_word' id='word_1_121' title='bbox 1078 2739 1214 2815; x_wconf 90' lang='lat' dir='ltr'><strong>quatuor</strong></span> <span class='ocrx_word' id='word_1_122' title='bbox 1243 2729 1382 2816; x_wconf 83' lang='lat' dir='ltr'><strong>legiones</strong></span> <span class='ocrx_word' id='word_1_123' title='bbox 1406 2731 1440 2794; x_wconf 92' lang='lat' dir='ltr'><strong>iu</strong></span> 
     </span>
     <span class='ocr_line' id='line_1_22' title="bbox 350 2813 1440 2913; baseline -0.002 -33"><span class='ocrx_word' id='word_1_124' title='bbox 350 2816 390 2880; x_wconf 92' lang='lat' dir='ltr'><strong>Li</strong></span> <span class='ocrx_word' id='word_1_125' title='bbox 435 2836 496 2892; x_wconf 88' lang='lat' dir='ltr'><strong>res,</strong></span> <span class='ocrx_word' id='word_1_126' title='bbox 512 2813 560 2877; x_wconf 92' lang='lat' dir='ltr'><strong>uti</strong></span> <span class='ocrx_word' id='word_1_127' title='bbox 575 2814 709 2899; x_wconf 81' lang='lat' dir='ltr'><strong>singulae</strong></span> <span class='ocrx_word' id='word_1_128' title='bbox 725 2813 823 2913; x_wconf 87' lang='lat' dir='ltr'><strong>quina</strong></span> <span class='ocrx_word' id='word_1_129' title='bbox 835 2814 933 2877; x_wconf 86' lang='lat' dir='ltr'><strong>millia</strong></span> <span class='ocrx_word' id='word_1_130' title='bbox 946 2822 978 2877; x_wconf 87' lang='lat' dir='ltr'><strong>et</strong></span> <span class='ocrx_word' id='word_1_131' title='bbox 993 2815 1132 2878; x_wconf 89' lang='lat' dir='ltr'><strong>ducenos</strong></span> <span class='ocrx_word' id='word_1_132' title='bbox 1146 2815 1280 2900; x_wconf 87' lang='lat' dir='ltr'><strong>pedites,</strong></span> <span class='ocrx_word' id='word_1_133' title='bbox 1295 2823 1440 2879; x_wconf 87' lang='lat' dir='ltr'><strong>trecenos</strong></span> 
     </span>
     <span class='ocr_line' id='line_1_23' title="bbox 349 2837 1440 2984; baseline -0.003 -19"><span class='ocrx_word' id='word_1_134' title='bbox 349 2837 503 2965; x_wconf 61' lang='lat' dir='ltr'><strong>habirent</strong></span> <span class='ocrx_word' id='word_1_135' title='bbox 515 2899 655 2984; x_wconf 83' lang='lat' dir='ltr'><strong>equites:</strong></span> <span class='ocrx_word' id='word_1_136' title='bbox 679 2920 835 2963; x_wconf 85' lang='lat' dir='ltr'><strong>socrorum</strong></span> <span class='ocrx_word' id='word_1_137' title='bbox 850 2899 962 2962; x_wconf 90' lang='lat' dir='ltr'><strong>iisdem</strong></span> <span class='ocrx_word' id='word_1_138' title='bbox 977 2899 1084 2962; x_wconf 91' lang='lat' dir='ltr'><strong>Latini</strong></span> <span class='ocrx_word' id='word_1_139' title='bbox 1098 2899 1236 2962; x_wconf 88' lang='lat' dir='ltr'><strong>nominis</strong></span> <span class='ocrx_word' id='word_1_140' title='bbox 1258 2899 1440 2982; x_wconf 88' lang='lat' dir='ltr'><strong>quindecim</strong></span> 
     </span>
     <span class='ocr_line' id='line_1_24' title="bbox 349 2983 1440 3071; baseline -0.002 -21"><span class='ocrx_word' id='word_1_141' title='bbox 349 2986 448 3050; x_wconf 89' lang='lat' dir='ltr'><strong>millia</strong></span> <span class='ocrx_word' id='word_1_142' title='bbox 462 2985 607 3071; x_wconf 88' lang='lat' dir='ltr'><strong>peditum</strong></span> <span class='ocrx_word' id='word_1_143' title='bbox 622 2985 738 3062; x_wconf 88' lang='lat' dir='ltr'><strong>addita,</strong></span> <span class='ocrx_word' id='word_1_144' title='bbox 750 2991 782 3047; x_wconf 90' lang='lat' dir='ltr'><strong>et</strong></span> <span class='ocrx_word' id='word_1_145' title='bbox 797 2983 970 3069; x_wconf 85' lang='lat' dir='ltr'><strong>octingenti</strong></span> <span class='ocrx_word' id='word_1_146' title='bbox 985 2983 1116 3067; x_wconf 85' lang='lat' dir='ltr'><strong>equites.</strong></span> <span class='ocrx_word' id='word_1_147' title='bbox 1139 2984 1173 3046; x_wconf 95' lang='lat' dir='ltr'><strong>hi</strong></span> <span class='ocrx_word' id='word_1_148' title='bbox 1183 2985 1247 3048; x_wconf 92' lang='lat' dir='ltr'><strong>duo</strong></span> <span class='ocrx_word' id='word_1_149' title='bbox 1258 2983 1440 3048; x_wconf 88' lang='lat' dir='ltr'><strong>consulares</strong></span> 
     </span>
     <span class='ocr_line' id='line_1_25' title="bbox 350 3067 1440 3154; baseline -0.005 -18"><span class='ocrx_word' id='word_1_150' title='bbox 350 3071 506 3136; x_wconf 86' lang='lat' dir='ltr'><strong>exercitus</strong></span> <span class='ocrx_word' id='word_1_151' title='bbox 521 3077 637 3134; x_wconf 88' lang='lat' dir='ltr'><strong>essent.</strong></span> <span class='ocrx_word' id='word_1_152' title='bbox 682 3069 824 3133; x_wconf 87' lang='lat' dir='ltr'><strong>Scribere</strong></span> <span class='ocrx_word' id='word_1_153' title='bbox 839 3079 992 3154; x_wconf 81' lang='lat' dir='ltr'><strong>praeterea</strong></span> <span class='ocrx_word' id='word_1_154' title='bbox 1001 3067 1084 3152; x_wconf 89' lang='lat' dir='ltr'><strong>jussi</strong></span> <span class='ocrx_word' id='word_1_155' title='bbox 1100 3077 1222 3153; x_wconf 85' lang='lat' dir='ltr'><strong>septem</strong></span> <span class='ocrx_word' id='word_1_156' title='bbox 1239 3069 1337 3132; x_wconf 89' lang='lat' dir='ltr'><strong>millia</strong></span> <span class='ocrx_word' id='word_1_157' title='bbox 1350 3069 1440 3154; x_wconf 90' lang='lat' dir='ltr'><strong>pedi-</strong></span> 
     </span>
     <span class='ocr_line' id='line_1_26' title="bbox 350 3153 1440 3238; baseline -0.004 -18"><span class='ocrx_word' id='word_1_158' title='bbox 350 3165 421 3220; x_wconf 90' lang='lat' dir='ltr'><strong>tum</strong></span> <span class='ocrx_word' id='word_1_159' title='bbox 435 3155 591 3218; x_wconf 89' lang='lat' dir='ltr'><strong>sociorum</strong></span> <span class='ocrx_word' id='word_1_160' title='bbox 607 3175 643 3216; x_wconf 91' lang='lat' dir='ltr'><strong>ac</strong></span> <span class='ocrx_word' id='word_1_161' title='bbox 658 3153 764 3216; x_wconf 92' lang='lat' dir='ltr'><strong>Latini</strong></span> <span class='ocrx_word' id='word_1_162' title='bbox 783 3153 932 3231; x_wconf 88' lang='lat' dir='ltr'><strong>nominis,</strong></span> <span class='ocrx_word' id='word_1_163' title='bbox 949 3161 981 3216; x_wconf 86' lang='lat' dir='ltr'><strong>et</strong></span> <span class='ocrx_word' id='word_1_164' title='bbox 1002 3153 1250 3238; x_wconf 86' lang='lat' dir='ltr'><strong>quadringentos</strong></span> <span class='ocrx_word' id='word_1_165' title='bbox 1272 3154 1440 3236; x_wconf 73' lang='lat' dir='ltr'><strong>‘equites3</strong></span> 
     </span>
     <span class='ocr_line' id='line_1_27' title="bbox 351 3236 1440 3323; baseline -0.004 -19"><span class='ocrx_word' id='word_1_166' title='bbox 351 3249 384 3304; x_wconf 90' lang='lat' dir='ltr'><strong>et</strong></span> <span class='ocrx_word' id='word_1_167' title='bbox 398 3240 522 3302; x_wconf 87' lang='lat' dir='ltr'><strong>mittere</strong></span> <span class='ocrx_word' id='word_1_168' title='bbox 537 3239 577 3300; x_wconf 90' lang='lat' dir='ltr'><strong>ad</strong></span> <span class='ocrx_word' id='word_1_169' title='bbox 593 3237 641 3300; x_wconf 91' lang='lat' dir='ltr'><strong>M.</strong></span> <span class='ocrx_word' id='word_1_170' title='bbox 655 3237 843 3300; x_wconf 87' lang='lat' dir='ltr'><strong>Marcellum</strong></span> <span class='ocrx_word' id='word_1_171' title='bbox 857 3237 890 3300; x_wconf 94' lang='lat' dir='ltr'><strong>in</strong></span> <span class='ocrx_word' id='word_1_172' title='bbox 906 3236 1053 3315; x_wconf 86' lang='lat' dir='ltr'><strong>Galliam,</strong></span> <span class='ocrx_word' id='word_1_173' title='bbox 1068 3237 1119 3300; x_wconf 93' lang='lat' dir='ltr'><strong>cui</strong></span> <span class='ocrx_word' id='word_1_174' title='bbox 1134 3259 1173 3300; x_wconf 86' lang='lat' dir='ltr'><strong>ex</strong></span> <span class='ocrx_word' id='word_1_175' title='bbox 1187 3237 1355 3301; x_wconf 83' lang='lat' dir='ltr'><strong>consulatu</strong></span> <span class='ocrx_word' id='word_1_176' title='bbox 1365 3258 1440 3323; x_wconf 91' lang='lat' dir='ltr'><strong>pro-</strong></span> 
     </span>
     <span class='ocr_line' id='line_1_28' title="bbox 350 3321 1439 3407; baseline -0.001 -21"><span class='ocrx_word' id='word_1_177' title='bbox 350 3331 497 3407; x_wconf 86' lang='lat' dir='ltr'><strong>rogatum</strong></span> <span class='ocrx_word' id='word_1_178' title='bbox 512 3321 681 3406; x_wconf 90' lang='lat' dir='ltr'><strong>imperium</strong></span> <span class='ocrx_word' id='word_1_179' title='bbox 696 3329 772 3384; x_wconf 88' lang='lat' dir='ltr'><strong>erat.</strong></span> <span class='ocrx_word' id='word_1_180' title='bbox 818 3323 856 3384; x_wconf 92' lang='lat' dir='ltr'><strong>ln</strong></span> <span class='ocrx_word' id='word_1_181' title='bbox 874 3322 1063 3407; x_wconf 86' lang='lat' dir='ltr'><strong>Hispaniam</strong></span> <span class='ocrx_word' id='word_1_182' title='bbox 1079 3322 1173 3385; x_wconf 87' lang='lat' dir='ltr'><strong>etiam</strong></span> <span class='ocrx_word' id='word_1_183' title='bbox 1189 3329 1356 3406; x_wconf 87' lang='lat' dir='ltr'><strong>utramque</strong></span> <span class='ocrx_word' id='word_1_184' title='bbox 1366 3343 1439 3406; x_wconf 81' lang='lat' dir='ltr'><strong>qua:</strong></span> 
     </span>
     <span class='ocr_line' id='line_1_29' title="bbox 351 3405 1440 3491; baseline 0.001 -21"><span class='ocrx_word' id='word_1_185' title='bbox 351 3409 551 3482; x_wconf 89' lang='lat' dir='ltr'><strong>ducerentur,</strong></span> <span class='ocrx_word' id='word_1_186' title='bbox 575 3413 712 3488; x_wconf 87' lang='lat' dir='ltr'><strong>quatuor</strong></span> <span class='ocrx_word' id='word_1_187' title='bbox 734 3405 833 3469; x_wconf 87' lang='lat' dir='ltr'><strong>millia</strong></span> <span class='ocrx_word' id='word_1_188' title='bbox 860 3407 1004 3491; x_wconf 89' lang='lat' dir='ltr'><strong>peditum</strong></span> <span class='ocrx_word' id='word_1_189' title='bbox 1028 3405 1145 3469; x_wconf 89' lang='lat' dir='ltr'><strong>civium</strong></span> <span class='ocrx_word' id='word_1_190' title='bbox 1169 3408 1386 3470; x_wconf 86' lang='lat' dir='ltr'><strong>Romanorum</strong></span> <span class='ocrx_word' id='word_1_191' title='bbox 1408 3415 1440 3471; x_wconf 85' lang='lat' dir='ltr'><strong>et</strong></span> 
     </span>
     <span class='ocr_line' id='line_1_30' title="bbox 350 3489 1440 3575; baseline 0.001 -21"><span class='ocrx_word' id='word_1_192' title='bbox 350 3489 480 3554; x_wconf 86' lang='lat' dir='ltr'><strong>ducenti</strong></span> <span class='ocrx_word' id='word_1_193' title='bbox 495 3489 627 3572; x_wconf 89' lang='lat' dir='ltr'><strong>equites,</strong></span> <span class='ocrx_word' id='word_1_194' title='bbox 641 3497 677 3570; x_wconf 57' lang='lat' dir='ltr'><strong>et,</strong></span> <span class='ocrx_word' id='word_1_195' title='bbox 688 3490 846 3554; x_wconf 87' lang='lat' dir='ltr'><strong>sociorum</strong></span> <span class='ocrx_word' id='word_1_196' title='bbox 860 3499 982 3575; x_wconf 89' lang='lat' dir='ltr'><strong>septem</strong></span> <span class='ocrx_word' id='word_1_197' title='bbox 1003 3491 1102 3554; x_wconf 89' lang='lat' dir='ltr'><strong>millia</strong></span> <span class='ocrx_word' id='word_1_198' title='bbox 1122 3489 1267 3575; x_wconf 87' lang='lat' dir='ltr'><strong>peditum</strong></span> <span class='ocrx_word' id='word_1_199' title='bbox 1281 3512 1355 3554; x_wconf 90' lang='lat' dir='ltr'><strong>cum</strong></span> <span class='ocrx_word' id='word_1_200' title='bbox 1376 3501 1440 3555; x_wconf 87' lang='lat' dir='ltr'><strong>tre-</strong></span> 
     </span>
     <span class='ocr_line' id='line_1_31' title="bbox 350 3573 1440 3658; baseline 0 -20"><span class='ocrx_word' id='word_1_201' title='bbox 350 3575 452 3638; x_wconf 89' lang='lat' dir='ltr'><strong>centis</strong></span> <span class='ocrx_word' id='word_1_202' title='bbox 467 3573 627 3658; x_wconf 88' lang='lat' dir='ltr'><strong>equitibus</strong></span> <span class='ocrx_word' id='word_1_203' title='bbox 643 3574 738 3637; x_wconf 74' lang='lat' dir='ltr'><strong>scribi</strong></span> <span class='ocrx_word' id='word_1_204' title='bbox 754 3574 848 3638; x_wconf 80' lang='lat' dir='ltr'><strong>&#39;ussa</strong></span> <span class='ocrx_word' id='word_1_205' title='bbox 876 3584 909 3637; x_wconf 85' lang='lat' dir='ltr'><strong>ct</strong></span> <span class='ocrx_word' id='word_1_206' title='bbox 924 3575 965 3640; x_wconf 77' lang='lat' dir='ltr'><strong>Q.</strong></span> <span class='ocrx_word' id='word_1_207' title='bbox 988 3575 1087 3638; x_wconf 86' lang='lat' dir='ltr'><strong>Fabio</strong></span> <span class='ocrx_word' id='word_1_208' title='bbox 1106 3575 1248 3638; x_wconf 88' lang='lat' dir='ltr'><strong>Labeoni</strong></span> <span class='ocrx_word' id='word_1_209' title='bbox 1263 3596 1337 3638; x_wconf 92' lang='lat' dir='ltr'><strong>cum</strong></span> <span class='ocrx_word' id='word_1_210' title='bbox 1352 3597 1440 3639; x_wconf 87' lang='lat' dir='ltr'><strong>exer-</strong></span> 
     </span>
     <span class='ocr_line' id='line_1_32' title="bbox 350 3647 1442 3746; baseline 0.002 -24"><span class='ocrx_word' id='word_1_211' title='bbox 350 3659 427 3738; x_wconf 91' lang='lat' dir='ltr'><strong>citu,</strong></span> <span class='ocrx_word' id='word_1_212' title='bbox 442 3681 538 3744; x_wconf 91' lang='lat' dir='ltr'><strong>quem</strong></span> <span class='ocrx_word' id='word_1_213' title='bbox 551 3658 688 3722; x_wconf 88' lang='lat' dir='ltr'><strong>habebat</strong></span> <span class='ocrx_word' id='word_1_214' title='bbox 702 3647 736 3722; x_wconf 91' lang='lat' dir='ltr'><strong>in</strong></span> <span class='ocrx_word' id='word_1_215' title='bbox 779 3659 931 3743; x_wconf 75' lang='lat' dir='ltr'><strong>guribus,</strong></span> <span class='ocrx_word' id='word_1_216' title='bbox 940 3667 1145 3744; x_wconf 87' lang='lat' dir='ltr'><strong>prorogatum</strong></span> <span class='ocrx_word' id='word_1_217' title='bbox 1160 3659 1193 3722; x_wconf 92' lang='lat' dir='ltr'><strong>in</strong></span> <span class='ocrx_word' id='word_1_218' title='bbox 1206 3681 1327 3724; x_wconf 89' lang='lat' dir='ltr'><strong>annum</strong></span> <span class='ocrx_word' id='word_1_219' title='bbox 1340 3660 1442 3746; x_wconf 87' lang='lat' dir='ltr'><strong>impe-</strong></span> 
     </span>
     <span class='ocr_line' id='line_1_33' title="bbox 350 3743 506 3806; baseline -0.006 0"><span class='ocrx_word' id='word_1_220' title='bbox 350 3743 432 3806; x_wconf 84' lang='lat' dir='ltr'><strong>rium</strong></span> <span class='ocrx_word' id='word_1_221' title='bbox 448 3751 506 3806; x_wconf 90' lang='lat' dir='ltr'><strong>est.</strong></span> 
     </span>
    </p>

    <p class='ocr_par' dir='ltr' id='par_1_13' title="bbox 350 3825 1443 4080">
     <span class='ocr_line' id='line_1_34' title="bbox 394 3825 1441 3910; baseline 0.002 -21"><span class='ocrx_word' id='word_1_222' title='bbox 394 3827 440 3890; x_wconf 94' lang='lat' dir='ltr'><strong>Il.</strong></span> <span class='ocrx_word' id='word_1_223' title='bbox 463 3827 528 3889; x_wconf 88' lang='lat' dir='ltr'><strong>Ver</strong></span> <span class='ocrx_word' id='word_1_224' title='bbox 550 3825 761 3910; x_wconf 85' lang='lat' dir='ltr'><strong>procellosum</strong></span> <span class='ocrx_word' id='word_1_225' title='bbox 783 3845 821 3889; x_wconf 93' lang='lat' dir='ltr'><strong>eo</strong></span> <span class='ocrx_word' id='word_1_226' title='bbox 846 3845 930 3888; x_wconf 91' lang='lat' dir='ltr'><strong>anno</strong></span> <span class='ocrx_word' id='word_1_227' title='bbox 948 3825 1018 3888; x_wconf 84' lang='lat' dir='ltr'><strong>luit.</strong></span> <span class='ocrx_word' id='word_1_228' title='bbox 1046 3825 1149 3910; x_wconf 86' lang='lat' dir='ltr'><strong>pridie</strong></span> <span class='ocrx_word' id='word_1_229' title='bbox 1169 3825 1313 3905; x_wconf 80' lang='lat' dir='ltr'><strong>¹Pan‘lia‚</strong></span> <span class='ocrx_word' id='word_1_230' title='bbox 1335 3827 1441 3891; x_wconf 89' lang='lat' dir='ltr'><strong>medio</strong></span> 
     </span>
     <span class='ocr_line' id='line_1_35' title="bbox 350 3910 1441 3992; baseline 0.002 -20"><span class='ocrx_word' id='word_1_231' title='bbox 350 3910 448 3973; x_wconf 87' lang='lat' dir='ltr'><strong>ferme</strong></span> <span class='ocrx_word' id='word_1_232' title='bbox 468 3911 529 3988; x_wconf 92' lang='lat' dir='ltr'><strong>die,</strong></span> <span class='ocrx_word' id='word_1_233' title='bbox 554 3919 645 3973; x_wconf 70' lang='lat' dir='ltr'><strong>anon</strong></span> <span class='ocrx_word' id='word_1_234' title='bbox 667 3931 741 3973; x_wconf 90' lang='lat' dir='ltr'><strong>cum</strong></span> <span class='ocrx_word' id='word_1_235' title='bbox 766 3917 861 3973; x_wconf 84' lang='lat' dir='ltr'><strong>vento</strong></span> <span class='ocrx_word' id='word_1_236' title='bbox 885 3917 1057 3992; x_wconf 86' lang='lat' dir='ltr'><strong>tempestas</strong></span> <span class='ocrx_word' id='word_1_237' title='bbox 1081 3918 1189 3974; x_wconf 86' lang='lat' dir='ltr'><strong>coorta</strong></span> <span class='ocrx_word' id='word_1_238' title='bbox 1210 3911 1319 3974; x_wconf 88' lang='lat' dir='ltr'><strong>multis</strong></span> <span class='ocrx_word' id='word_1_239' title='bbox 1343 3912 1441 3975; x_wconf 88' lang='lat' dir='ltr'><strong>sacris</strong></span> 
     </span>
     <span class='ocr_line' id='line_1_36' title="bbox 350 3992 1443 4080; baseline 0.003 -23"><span class='ocrx_word' id='word_1_240' title='bbox 350 3994 553 4080; x_wconf 88' lang='lat' dir='ltr'><strong>profanisque</strong></span> <span class='ocrx_word' id='word_1_241' title='bbox 575 3993 652 4057; x_wconf 92' lang='lat' dir='ltr'><strong>locis</strong></span> <span class='ocrx_word' id='word_1_242' title='bbox 673 4002 810 4078; x_wconf 87' lang='lat' dir='ltr'><strong>stragem</strong></span> <span class='ocrx_word' id='word_1_243' title='bbox 829 3992 921 4056; x_wconf 84' lang='lat' dir='ltr'><strong>fecit:</strong></span> <span class='ocrx_word' id='word_1_244' title='bbox 945 3993 1035 4078; x_wconf 89' lang='lat' dir='ltr'><strong>signa</strong></span> <span class='ocrx_word' id='word_1_245' title='bbox 1054 4015 1143 4058; x_wconf 84' lang='lat' dir='ltr'><strong>aenea</strong></span> <span class='ocrx_word' id='word_1_246' title='bbox 1157 3994 1191 4058; x_wconf 92' lang='lat' dir='ltr'><strong>in</strong></span> <span class='ocrx_word' id='word_1_247' title='bbox 1204 3994 1367 4080; x_wconf 87' lang='lat' dir='ltr'><strong>Capitolio</strong></span> <span class='ocrx_word' id='word_1_248' title='bbox 1387 3997 1443 4060; x_wconf 91' lang='lat' dir='ltr'><strong>de·</strong></span> 
     </span>
    </p>
   </div>
   <div class='ocr_carea' id='block_1_13' title="bbox 755 4153 1060 4200">
    <p class='ocr_par' dir='ltr' id='par_1_14' title="bbox 755 4153 1060 4200">
     <span class='ocr_line' id='line_1_37' title="bbox 755 4153 1060 4200; baseline 0.007 -2"><span class='ocrx_word' id='word_1_249' title='bbox 755 4155 768 4184; x_wconf 83' lang='lat'>⁸</span> <span class='ocrx_word' id='word_1_250' title='bbox 780 4159 894 4200; x_wconf 70' lang='lat' dir='ltr'><strong>ccccmo:</strong></span> <span class='ocrx_word' id='word_1_251' title='bbox 906 4153 980 4200; x_wconf 82' lang='lat' dir='ltr'><strong>Gron.</strong></span> <span class='ocrx_word' id='word_1_252' title='bbox 993 4153 1060 4200; x_wconf 69' lang='grc' dir='ltr'><strong>(ἔην.</strong></span> 
     </span>
    </p>
   </div>
   <div class='ocr_carea' id='block_1_14' title="bbox 185 4299 1445 4544">
    <p class='ocr_par' dir='ltr' id='par_1_15' title="bbox 185 4299 1445 4544">
     <span class='ocr_line' id='line_1_38' title="bbox 219 4299 1443 4363; baseline -0.002 -14"><span class='ocrx_word' id='word_1_253' title='bbox 219 4299 352 4363; x_wconf 78' lang='lat' dir='ltr'><strong>lPorilla]</strong></span> <span class='ocrx_word' id='word_1_254' title='bbox 380 4299 643 4360; x_wconf 78' lang='lat' dir='ltr'><strong>Festuseratdies,qui</strong></span> <span class='ocrx_word' id='word_1_255' title='bbox 657 4299 794 4346; x_wconf 77' lang='lat' dir='ltr'><strong>Pariltavel</strong></span> <span class='ocrx_word' id='word_1_256' title='bbox 830 4299 903 4346; x_wconf 73' lang='lat' dir='ltr'><strong>Pales.</strong></span> <span class='ocrx_word' id='word_1_257' title='bbox 936 4299 1121 4346; x_wconf 80' lang='lat' dir='ltr'><strong>Celebrabantur</strong></span> <span class='ocrx_word' id='word_1_258' title='bbox 1134 4301 1184 4346; x_wconf 72' lang='lat' dir='ltr'><strong>bac</strong></span> <span class='ocrx_word' id='word_1_259' title='bbox 1199 4299 1289 4346; x_wconf 78' lang='lat' dir='ltr'><strong>festu.</strong></span> <span class='ocrx_word' id='word_1_260' title='bbox 1302 4301 1324 4346; x_wconf 89' lang='lat' dir='ltr'><strong>d.</strong></span> <span class='ocrx_word' id='word_1_261' title='bbox 1338 4299 1375 4348; x_wconf 88' lang='lat' dir='ltr'><strong>ll.</strong></span> <span class='ocrx_word' id='word_1_262' title='bbox 1390 4301 1443 4349; x_wconf 78' lang='lat' dir='ltr'><strong>Kal.</strong></span> 
     </span>
     <span class='ocr_line' id='line_1_39' title="bbox 187 4361 1444 4422; baseline 0 -10"><span class='ocrx_word' id='word_1_263' title='bbox 187 4367 273 4412; x_wconf 76' lang='lat' dir='ltr'><strong>Palilia</strong></span> <span class='ocrx_word' id='word_1_264' title='bbox 291 4367 424 4411; x_wconf 79' lang='lat' dir='ltr'><strong>dicebatur:</strong></span> <span class='ocrx_word' id='word_1_265' title='bbox 454 4365 547 4418; x_wconf 76' lang='lat' dir='ltr'><strong>Palilia,</strong></span> <span class='ocrx_word' id='word_1_266' title='bbox 572 4379 587 4408; x_wconf 92' lang='lat' dir='ltr'><strong>a</strong></span> <span class='ocrx_word' id='word_1_267' title='bbox 610 4371 728 4422; x_wconf 80' lang='lat' dir='ltr'><strong>partorum</strong></span> <span class='ocrx_word' id='word_1_268' title='bbox 752 4363 797 4409; x_wconf 86' lang='lat' dir='ltr'><strong>dea</strong></span> <span class='ocrx_word' id='word_1_269' title='bbox 830 4363 913 4408; x_wconf 78' lang='lat' dir='ltr'><strong>Maias.</strong></span> <span class='ocrx_word' id='word_1_270' title='bbox 948 4361 1018 4409; x_wconf 79' lang='lat' dir='ltr'><strong>Ritus</strong></span> <span class='ocrx_word' id='word_1_271' title='bbox 1033 4378 1060 4410; x_wconf 84' lang='lat' dir='ltr'><strong>ac</strong></span> <span class='ocrx_word' id='word_1_272' title='bbox 1074 4363 1223 4410; x_wconf 69' lang='lat' dir='ltr'><strong>ceremonia</strong></span> <span class='ocrx_word' id='word_1_273' title='bbox 1241 4364 1375 4410; x_wconf 81' lang='lat' dir='ltr'><strong>Palillorum</strong></span> <span class='ocrx_word' id='word_1_274' title='bbox 1392 4367 1444 4412; x_wconf 77' lang='lat' dir='ltr'><strong>fuse</strong></span> 
     </span>
     <span class='ocr_line' id='line_1_40' title="bbox 187 4425 1445 4488; baseline 0.001 -13"><span class='ocrx_word' id='word_1_275' title='bbox 187 4429 257 4479; x_wconf 77' lang='lat' dir='ltr'><strong>Pale:</strong></span> <span class='ocrx_word' id='word_1_276' title='bbox 286 4430 384 4484; x_wconf 80' lang='lat' dir='ltr'><strong>Parilia,</strong></span> <span class='ocrx_word' id='word_1_277' title='bbox 414 4429 524 4488; x_wconf 83' lang='lat' dir='ltr'><strong>quoniam</strong></span> <span class='ocrx_word' id='word_1_278' title='bbox 546 4442 589 4487; x_wconf 88' lang='lat' dir='ltr'><strong>pro</strong></span> <span class='ocrx_word' id='word_1_279' title='bbox 610 4435 678 4486; x_wconf 82' lang='lat' dir='ltr'><strong>partu</strong></span> <span class='ocrx_word' id='word_1_280' title='bbox 707 4427 797 4484; x_wconf 81' lang='lat' dir='ltr'><strong>pecoris</strong></span> <span class='ocrx_word' id='word_1_281' title='bbox 830 4425 939 4472; x_wconf 79' lang='lat' dir='ltr'><strong>describit</strong></span> <span class='ocrx_word' id='word_1_282' title='bbox 957 4427 1064 4481; x_wconf 82' lang='lat' dir='ltr'><strong>Ovidius,</strong></span> <span class='ocrx_word' id='word_1_283' title='bbox 1080 4427 1298 4474; x_wconf 69' lang='lat' dir='ltr'><strong>limatorum.</strong></span> <span class='ocrx_word' id='word_1_284' title='bbox 1334 4429 1445 4476; x_wconf 82' lang='lat' dir='ltr'><strong>llicerst</strong></span> 
     </span>
     <span class='ocr_line' id='line_1_41' title="bbox 185 4489 1151 4544; baseline -0.002 -6"><span class='ocrx_word' id='word_1_285' title='bbox 185 4493 261 4538; x_wconf 82' lang='lat' dir='ltr'><strong>eldea:</strong></span> <span class='ocrx_word' id='word_1_286' title='bbox 273 4493 323 4537; x_wconf 71' lang='lat' dir='ltr'><strong>dea</strong></span> <span class='ocrx_word' id='word_1_287' title='bbox 339 4507 404 4538; x_wconf 77' lang='lat' dir='ltr'><strong>sacra</strong></span> <span class='ocrx_word' id='word_1_288' title='bbox 423 4491 516 4544; x_wconf 80' lang='lat' dir='ltr'><strong>fiebam.</strong></span> <span class='ocrx_word' id='word_1_289' title='bbox 534 4499 592 4537; x_wconf 78' lang='lat' dir='ltr'><strong>teste</strong></span> <span class='ocrx_word' id='word_1_290' title='bbox 611 4491 681 4537; x_wconf 79' lang='lat' dir='ltr'><strong>Festo</strong></span> <span class='ocrx_word' id='word_1_291' title='bbox 699 4489 722 4536; x_wconf 92' lang='lat' dir='ltr'><strong>in</strong></span> <span class='ocrx_word' id='word_1_292' title='bbox 742 4505 797 4534; x_wconf 79' lang='lat' dir='ltr'><strong>voco</strong></span> <span class='ocrx_word' id='word_1_293' title='bbox 830 4489 880 4534; x_wconf 81' lang='lat' dir='ltr'><strong>dies</strong></span> <span class='ocrx_word' id='word_1_294' title='bbox 891 4489 975 4536; x_wconf 75' lang='lat' dir='ltr'><strong>natalis</strong></span> <span class='ocrx_word' id='word_1_295' title='bbox 986 4491 1050 4536; x_wconf 82' lang='lat' dir='ltr'><strong>urbis</strong></span> <span class='ocrx_word' id='word_1_296' title='bbox 1062 4489 1151 4536; x_wconf 62' lang='lat' dir='ltr'><strong>soma</strong></span> 
     </span>
    </p>
   </div>
   <div class='ocr_carea' id='block_1_15' title="bbox 451 4553 521 4614">
    <p class='ocr_par' dir='ltr' id='par_1_16' title="bbox 451 4553 521 4614">
     <span class='ocr_line' id='line_1_42' title="bbox 451 4553 521 4614; baseline -0.029 0"><span class='ocrx_word' id='word_1_297' title='bbox 451 4553 521 4614; x_wconf 75' lang='lat'>(246)</span> 
     </span>
    </p>
   </div>
   <div class='ocr_carea' id='block_1_16' title="bbox 0 0 1561 4982">
    <p class='ocr_par' dir='ltr' id='par_1_17' title="bbox 0 0 1561 4982">
     <span class='ocr_line' id='line_1_43' title="bbox 0 0 1561 4982; baseline 0 0"><span class='ocrx_word' id='word_1_298' title='bbox 0 0 1561 4982; x_wconf 95' lang='lat' dir='ltr'><strong> </strong></span> 
     </span>
    </p>
   </div>
  </div>
 </body>
</html>
