3118 5002
435 339 522 402 LIB.
553 341 662 404 XLII.
694 341 789 407 CAP.
813 341 905 408 LIX.
1311 353 1374 419 87⁷

119 491 249 555 tenebat
264 489 306 556 Q.
323 489 464 552 Mucius.
501 489 630 554 ducenti
646 492 767 574 equites
784 493 868 556 Galli
889 499 961 558 ante
983 494 1074 578 signa
1095 495 1354 560 horumU.c.ot1.

119 574 280 652 instructi,
304 582 336 636 et
358 573 398 636 de
421 573 546 636 auxiliis
571 575 724 639 Eumenis
745 576 928 660 Cyrtiorum
948 577 1053 694 qentis
1067 581 1209 645 trecenti.
1223 575 1250 620 Α
1263 575 1287 621 ‘i
1302 574 1353 629 ¹⁷¹·

119 659 264 724 Thessali
277 658 501 742 quadringenti
515 658 637 741 equites
651 681 748 744 parvo
770 661 933 724 intervallo
975 683 1071 760 super
1093 663 1210 728 laevrtm

121 765 222 808 cornu
246 743 350 806 locati.
393 742 554 805 Eumenes
574 763 628 806 rex
647 744 759 808 Attalu
798 766 837 809 ue
852 767 925 808 cum
939 767 1026 810 omns
1040 769 1138 811 manu
1152 770 1211 813 sua

122 830 162 892 ab
178 837 267 912 tergo
280 827 363 890 inter
376 835 570 910 postremam
585 827 683 890 aciem
698 849 734 891 ac
749 851 769 891 v
799 829 866 892 lum
882 837 1047 894 steterunt.

167 913 258 976 LIX.
282 912 321 975 ln
342 913 429 974 hunc
450 911 581 974 modum
600 912 735 975 maxime
749 913 913 977 instructae
927 914 1019 996 acies,
1040 937 1098 1000 par
1111 917 1208 980 ferme

123 1001 283 1080 utrimque
297 1015 450 1058 numerus
464 995 607 1078 equitum
622 1017 659 1059 ac
672 995 749 1060 levis
770 1006 946 1077 armaturae,
965 1009 1168 1080 concurrunt,
1190 1023 1210 1065 a

124 1080 337 1144 funditoribus
347 1079 648 1164 jaculatoribusque,
664 1081 718 1165 qui
733 1089 972 1166 praecesserunt,
996 1084 1108 1167 proelio
1129 1093 1208 1149 orto.

126 1164 223 1230 Primi
247 1163 390 1227 omnium
413 1164 562 1241 Thraces,
583 1165 670 1228 haud
695 1186 785 1228 secus
806 1187 902 1250 quam
921 1167 977 1229 diu
998 1168 1142 1232 claustris
1160 1191 1207 1232 re-
1222 1186 1339 1234 rreum

124 1258 220 1312 tentae
235 1249 319 1326 ferse,
336 1246 507 1310 concitatib
520 1269 593 1310 cum
609 1248 729 1333 ingenti
743 1249 877 1313 clamore
891 1251 925 1313 iu
941 1251 1086 1316 dextrum
1100 1275 1209 1332 comu,

126 1333 253 1397 Italicos
267 1332 401 1416 equites,
413 1330 633 1411 incurrerunt3
656 1341 693 1396 ut
707 1355 768 1397 usu
780 1334 854 1398 belli
873 1345 906 1397 et
920 1335 1047 1420 ingenio
1062 1336 1211 1421 inpavida

165 1439 203 1480 ns
217 1416 407 1480 turbaretur.
443 1415 696 1500 gladiis⁰hsstas
733 1425 816 1482 etere
830 1418 962 1534 pedites,
976 1421 1087 1483 nuncd
1108 1422 1210 1484 succi-

147 1521 199 1564 ere
214 1521 305 1563 crura
318 1499 417 1583 equis,
432 1521 518 1563 nunc
541 1499 593 1564 ilia
616 1440 791 1566 subfodere.
853 1504 996 1581 Perseus,
1020 1504 1052 1566 in
1074 1505 1210 1569 mediam

125 1585 270 1648 invectus
292 1585 399 1662 odem,
424 1585 554 1648 Graecos
596 1585 675 1649 rimo
695 1586 728 1649 in
752 1595 806 1649 etu
826 1588 956 1651 avertit:
978 1589 1095 1671 quibus
1110 1611 1210 1673 quum

124 1668 136 1700 ⁴
204 1670 251 1733 vis
266 1669 305 1732 ab
320 1677 409 1752 tergo
424 1669 555 1732 instaret
573 1607 694 1749 bostis,
746 1671 939 1734 hessalorum
964 1673 1133 1755 equitatus,
1155 1675 1210 1757 qui

124 1773 144 1816 a
198 1775 237 1816 vo
252 1775 351 1815 comu
365 1752 452 1816 brevi
467 1753 569 1839 spatio
584 1753 762 1838 disjunctus
780 1755 814 1818 in
836 1755 985 1820 subsidiis
1004 1757 1106 1820 suerat
1122 1768 1211 1822 extra

124 1859 325 1914 concursum,
344 1838 449 1936 primo
473 1846 630 1922 spectator
649 1839 838 1918 certaminis,
862 1841 985 1919 deinde,
1003 1841 1154 1905 inclinata
1165 1865 1210 1924 re,

124 1923 261 1986 maximo
279 1944 353 1985 usui
373 1922 444 1984 fuit.
489 1921 645 1986 Cedentes
660 1923 744 1986 enim
759 1925 876 1987 sensim
889 1925 1020 2010 integris
1035 1927 1210 2007 ordinibus,

124 2016 294 2104 postquam
309 2027 342 2070 se
357 2005 510 2068 Eumenis
525 2007 649 2070 auxiliis
669 2007 892 2092 adjunxerunt,
910 2017 942 2072 et
963 2031 1036 2073 cum
1051 2032 1088 2074 eo
1103 2019 1210 2075 tutum

125 2098 207 2154 anter
220 2091 345 2155 ordines
360 2111 435 2154 suos
450 2099 612 2176 receptum
632 2092 725 2154 sociis
744 2093 821 2177 fuge
840 2093 1000 2178 dissipatis
1018 2094 1146 2174 dabant,
1168 2105 1210 2175 et,

124 2195 226 2260 quum
250 2175 356 2238 minus
378 2175 509 2237 conferti
532 2175 639 2238 hostes
661 2176 826 2255 instarent,
870 2178 994 2260 rogredi
1018 2179 1112 2241 etiam
1131 2179 1210 2258 ausi,

123 2258 244 2322 multos
258 2259 446 2342 fugientium
461 2259 571 2322 obvios
584 2268 784 2344 exceperunt.
860 2282 895 2324 ec
910 2261 1017 2346 'regii
1032 2263 1132 2346 sparsi
1142 2264 1211 2346 jam

123 2343 185 2428 ipsi
208 2343 327 2428 passim
351 2343 521 2427 sequendo,
546 2365 620 2407 cum
639 2343 790 2407 ordinatis
812 2352 844 2407 et
862 2352 947 2408 certo
969 2345 1211 2410 'incedentibus

122 2428 224 2511 gradu
245 2447 360 2490 manus
384 2449 546 2491 conserere
570 2428 739 2492 audebant.
784 2427 924 2508 ²Gluum,
949 2428 1050 2492 victor
1074 2431 1211 2514 equestri
1225 2437 1372 2512 assequen-

123 2511 235 2596 proelio
257 2533 312 2574 rex
334 2532 433 2628 parvo
454 2520 615 2576 momento
638 2511 665 2575 si
694 2512 876 2597 adjuvisset,
897 2513 1089 2578 debellatum
1118 2523 1211 2594 esset,
1224 2501 1349 2610 ξζζῑξζωιω

123 2603 320 2680 opportuue⁸
353 2595 533 2660 adhortanti
547 2597 729 2681 supervenit
742 2597 891 2682 phalanx,
907 2619 1002 2682 quam
1016 2619 1074 2662 sua
1087 2609 1211 2684 sponte,
1297 2596 1304 2610 '

122 2701 165 2744 ne
193 2679 303 2744 audaci
332 2688 437 2766 ooepto
463 2679 640 2759 ’deessent
669 2681 807 2767 Hippias
832 2690 864 2745 et
888 2683 1072 2748 leonatus¹
1094 2684 1211 2769 raptim

154 2845 215 2899 iliro
225 2855 332 2900 sancitati
346 2852 441 2912 Kreyss.
474 2855 509 2900 ito
519 2855 626 2900 meimet
638 2853 715 2900 sest.
801 2855 978 2902 ‘turbarentun
991 2855 1006 2886 ⁸
1015 2856 1103 2916 gladiis
1115 2855 1210 2916 Karyas.

123 2914 200 2962 sets.
345 2911 358 2948 ὖ
367 2917 464 2976 pedites,
478 2915 491 2942 '
503 2931 562 2963 nune
574 2917 640 2963 End.
774 2920 786 2949 θ
798 2933 865 2978 quesn
876 2921 947 2964 sistor
959 2921 1059 2978 equestri
1071 2920 1155 2978 mondo
1166 2935 1214 2975 res,

118 2993 191 3038 porro
202 2985 309 3026 mento
319 2982 340 3028 si
350 2978 498 3041 adsument,
509 2981 645 3027 dedsiiotess
656 2995 711 3036 esse,
720 2987 842 3040 opportune
854 2980 919 3026 aet.
989 2975 1000 3014 i
1009 2981 1137 3028 Leonnatus
1150 2981 1215 3028 aea.

120 3115 197 3174 posits
208 3115 334 3175 abaliquo,
345 3115 385 3176 qul
396 3129 514 3175 exponere
525 3115 623 3162 soluerit
640 3128 734 3162 sensum
766 3115 878 3161 mendum
890 3113 1014 3174 irrepserat
1021 3129 1092 3174 supra
1103 3115 1119 3160 l.
1127 3114 1228 3163 xxvtt.
1241 3131 1260 3164 c.
1272 3117 1296 3174 i,
1307 3125 1378 3179 atque

121 3179 387 3228 sosisestroords'soriis.
421 3179 472 3226 Nisi
484 3179 680 3239 tortelegendum
692 3187 735 3235 est,
766 3178 951 3225 indesubletum
963 3185 1006 3233 est,
1019 3179 1260 3240 auctoribusscriptis.

120 3258 170 3289 cusa
182 3243 275 3289 deiectis
286 3245 398 3304 equitibus
408 3249 431 3290 et
441 3245 635 3290 esnaordinoriis.
662 3243 735 3290 Docet
799 3243 814 3288 d
831 3243 907 3302 Regii,
920 3245 994 3302 sparsi
1004 3240 1056 3303 josa
1068 3237 1125 3303 ipsi]
1144 3243 1291 3300 Macedones,
1302 3245 1341 3305 qui
1354 3253 1378 3291 et

120 3306 186 3352 enim
198 3305 315 3366 Polybius,
325 3308 340 3353 l.
351 3307 390 3352 vl.
402 3321 490 3353 morem
500 3307 578 3362 fuisse,
591 3315 616 3353 ut
627 3321 657 3352 ex
669 3307 735 3367 equi·
768 3305 820 3366 ipsi,
831 3307 887 3353 dum
907 3315 1037 3365 sequuntur
1056 3306 1179 3365 fugientes,
1190 3308 1284 3354 ordines
1302 3310 1376 3355 solve·

121 3369 185 3414 tibus
202 3370 392 3416 entraordinariis
407 3385 500 3416 rursum
517 3371 589 3429 aliqui
603 3371 734 3431 deiigeren·
767 3378 827 3416 rant.
862 3369 926 3416 Nihil
937 3369 962 3415 in
974 3369 1037 3416 hunc
1045 3369 1130 3426 iocum,
1138 3379 1218 3432 utpote
1229 3373 1284 3418 cieri
1296 3374 1377 3418 admo·

121 3441 169 3488 tur,
180 3447 238 3492 quos
249 3441 316 3480 voest
330 3435 379 3492 ipse
389 3431 525 3480 tetuinus
535 3429 697 3490 drohisrovc.
708 3449 736 3481 es
768 3435 825 3480 dum
833 3448 922 3490 sensus,
933 3444 1117 3488 annotassemun
1128 3435 1172 3482 nisi
1185 3436 1293 3496 Dujstiua
1304 3439 1378 3498 regios

119 3498 311 3544 extraordinariis
322 3499 426 3554 deleam
443 3498 482 3556 qui
498 3511 590 3558 semper
609 3498 633 3544 in
645 3498 733 3554 castris,
765 3497 918 3544 intellexisset
930 3497 1043 3544 Eumenis
1054 3498 1147 3545 milites.

120 3559 146 3605 ln
158 3561 259 3618 agmine,
267 3562 402 3608 consulibus
414 3570 497 3620 presto
508 3569 594 3608 essent.
629 3561 733 3620 Hosigi·
798 3557 1000 3620 discedentibus]
1025 3561 1129 3606 Primum
1150 3562 1270 3622 exemplar
1292 3562 1377 3609 habuit

120 3631 161 3668 tur
169 3624 296 3682 poterimus
308 3624 346 3670 hic
357 3625 495 3684 intelligere,
504 3625 523 3670 si
532 3625 668 3684 adjiciemus
680 3639 733 3684 par·
766 3625 924 3671 insidentibus.
958 3624 1100 3670 Emendavit
1110 3625 1225 3684 Sigonius

121 3687 217 3732 titulato
235 3694 275 3734 ets
292 3689 371 3748 sicque
381 3697 404 3734 et
416 3689 502 3744 mitior,
514 3695 537 3734 et
553 3687 650 3734 fortem
659 3689 734 3734 serior
798 3687 813 3741 7
832 3688 912 3742 Quos,
930 3689 1000 3733 sistor
1016 3691 1114 3748 equestri
1128 3690 1209 3748 prosiio
1227 3703 1268 3736 res
1278 3721 1284 3735 .
1296 3718 1303 3732 ·
1315 3721 1322 3736 .
1334 3721 1342 3736 .
1356 3691 1378 3736 si

120 3751 167 3796 etit
178 3751 318 3798 emendatio.
766 3749 897 3812 adjuvisset,
906 3751 1039 3797 deteiiotun
1050 3747 1119 3812 esset]
1138 3751 1215 3798 Potest
1227 3753 1321 3812 quidem
1333 3767 1376 3798 ex·

154 3813 171 3859 2
187 3815 202 3846 ⁸
211 3815 284 3874 Super
294 3817 371 3861 musa
382 3811 462 3875 cornu]
481 3815 549 3861 Ultra
557 3813 641 3861 laevum
654 3827 733 3871 cornu,
766 3815 836 3874 poni:
855 3815 934 3864 Quum
943 3813 1083 3860 debellatum
1093 3823 1160 3868 esset,
1169 3815 1188 3861 si
1198 3830 1246 3872 ses,
1255 3816 1295 3876 qui
1305 3817 1377 3862 victor

120 3877 146 3922 ln
158 3877 282 3924 subsidiis:
300 3879 362 3937 quod
374 3879 467 3925 disertis
475 3879 551 3926 serbis
559 3879 697 3938 ssprhuitur
709 3879 733 3924 in
762 3879 812 3938 jam
823 3877 924 3937 equestri
940 3877 1020 3936 pratia
1031 3887 1087 3933 esst,
1099 3893 1170 3938 psrso
1180 3888 1298 3926 momento
1308 3879 1375 3938 ediu-

121 3941 195 4000 ipsius
203 3955 289 4002 pugne
301 3943 441 3988 narratione.
765 3942 842 3987 visset.
879 3939 1000 3986 blaiiemua
1018 3949 1097 3988 tamen
1108 3955 1161 3988 eum
1174 3943 1268 4002 sigonio
1279 3951 1303 3988 et
1315 3943 1375 3988 Gro-

154 4005 171 4050 ³
187 4003 201 4031 ⁸
209 4007 306 4052 Perseus
314 4008 338 4052 in
346 4007 442 4054 nedoni
450 4007 548 4052 insectus
556 4007 633 4062 scien,
644 4005 734 4052 Groeeos
766 4005 835 4052 novio
846 4005 938 4063 legere:
956 4005 1109 4052 debellaturus
1120 4012 1184 4053 esset.

203 4065 298 4128 ossrtlt]
327 4069 403 4116 Greci
425 4083 473 4116 non
494 4071 606 4116 tenebant
632 4068 734 4114 mediam
797 4065 980 4128 llAdiortonti]
999 4069 1023 4114 Si
1035 4069 1201 4116 adhonsbatur
1212 4081 1265 4113 suos
1279 4067 1376 4113 Perseus

120 4133 223 4178 consulis
240 4133 321 4186 eciem,
337 4133 379 4178 sed
395 4134 479 4178 lusum
497 4147 576 4179 cornu.
611 4133 701 4192 ltaque,
713 4131 733 4178 si
765 4133 795 4178 ad
811 4132 967 4191 peragendam
979 4131 1105 4188 uictoriam,
1117 4146 1159 4178 cur
1174 4131 1376 4190 igiturtsmbons

120 4195 181 4240 nihil
199 4197 237 4242 hie
254 4196 516 4255 peecuvitlibsariomm
534 4196 735 4250 incutianecesse
767 4195 887 4241 occasione
909 4195 1011 4254 segniter
1032 4209 1088 4241 usus
1114 4194 1167 4240 esti
1202 4195 1238 4238 Aa
1263 4193 1375 4251 legemus,

119 4266 156 4304 est
174 4267 200 4304 ut
211 4259 309 4306 Perseus
323 4259 476 4318 intelligatur,
487 4267 539 4318 post
556 4267 668 4306 aentaum
685 4272 735 4304 me·
767 4260 841 4306 adhuc
850 4261 930 4315 stanti,
942 4260 1041 4304 necdum
1052 4257 1155 4318 receptui
1168 4269 1250 4302 unere
1262 4257 1374 4316 lubentil

118 4321 184 4367 diem
201 4321 304 4369 hostium
321 4323 403 4378 eciem,
420 4323 525 4369 insectus
542 4337 592 4370 esee
607 4323 632 4368 in
651 4323 735 4368 levum
768 4323 830 4381 quod
842 4323 970 4381 paulopost
978 4321 1039 4368 iecit.

117 4399 199 4432 corna.
799 4381 951 4444 9Deessent]
969 4383 1100 4430 Sicmsiuit
1113 4381 1227 4442 Sigonius.
1252 4382 1376 4430 Vetusex·

152 4446 281 4510 itineris]
299 4451 337 4496 sic
353 4449 449 4498 edidere
465 4449 587 4496 Gronovii.
620 4449 734 4500 Qundens
767 4449 856 4508 emptas
867 4449 959 4496 deeust.
993 4448 1038 4494 teo
1049 4447 1246 4506 paramintsrsst

118 4513 171 4560 alie
182 4513 297 4560 editiones
306 4517 414 4575 posin.-
432 4513 509 4560 minus
520 4513 639 4559 concinne.
669 4512 735 4558 idem
