<?xml version="1.0" encoding="UTF-8"?>
<!DOCTYPE html PUBLIC "-//W3C//DTD XHTML 1.0 Transitional//EN"
    "http://www.w3.org/TR/xhtml1/DTD/xhtml1-transitional.dtd">
<html xmlns="http://www.w3.org/1999/xhtml" xml:lang="en" lang="en">
 <head>
  <title>
</title>
<meta http-equiv="Content-Type" content="text/html;charset=utf-8" />
  <meta name='ocr-system' content='tesseract 3.04.00' />
  <meta name='ocr-capabilities' content='ocr_page ocr_carea ocr_par ocr_line ocrx_word'/>
</head>
<body>
  <div class='ocr_page' id='page_1' title='image "./tliviipatavinih01crevgoog/tliviipatavinih01crevgoog_0162.png"; bbox 0 0 3094 4954; ppageno 0'>
   <div class='ocr_carea' id='block_1_1' title="bbox 219 287 1046 362">
    <p class='ocr_par' dir='ltr' id='par_1_1' title="bbox 219 287 1046 362">
     <span class='ocr_line' id='line_1_1' title="bbox 219 287 1046 362; baseline -0.012 0"><span class='ocrx_word' id='word_1_1' title='bbox 219 299 282 362; x_wconf 82' lang='lat'><strong><em>152</em></strong></span> <span class='ocrx_word' id='word_1_2' title='bbox 813 290 906 354; x_wconf 81' lang='lat' dir='ltr'><strong><em>&#39;rl&#39;rl</em></strong></span> <span class='ocrx_word' id='word_1_3' title='bbox 930 287 1046 354; x_wconf 89' lang='lat' dir='ltr'>LIVII</span> 
     </span>
    </p>
   </div>
   <div class='ocr_carea' id='block_1_2' title="bbox 220 439 1486 3738">
    <p class='ocr_par' dir='ltr' id='par_1_2' title="bbox 220 439 1485 3312">
     <span class='ocr_line' id='line_1_2' title="bbox 220 439 1474 517; baseline -0.005 -7"><span class='ocrx_word' id='word_1_4' title='bbox 220 463 251 510; x_wconf 83' lang='lat' dir='ltr'><strong><em>u.</em></strong></span> <span class='ocrx_word' id='word_1_5' title='bbox 261 462 287 509; x_wconf 87' lang='lat' dir='ltr'><strong><em>c.</em></strong></span> <span class='ocrx_word' id='word_1_6' title='bbox 299 461 353 508; x_wconf 82' lang='lat' dir='ltr'><strong><em>sss</em></strong></span> <span class='ocrx_word' id='word_1_7' title='bbox 382 443 499 506; x_wconf 78' lang='lat' dir='ltr'><strong><em>rabiem</em></strong></span> <span class='ocrx_word' id='word_1_8' title='bbox 519 443 653 504; x_wconf 73' lang='lat' dir='ltr'><strong><em>miseeret</em></strong></span> <span class='ocrx_word' id='word_1_9' title='bbox 675 441 815 504; x_wconf 86' lang='lat' dir='ltr'><strong><em>Romana</em></strong></span> <span class='ocrx_word' id='word_1_10' title='bbox 837 440 1145 517; x_wconf 57' lang='lat' dir='ltr'><strong><em>cenomannorum.</em></strong></span> <span class='ocrx_word' id='word_1_11' title='bbox 1187 439 1261 501; x_wconf 80' lang='lat' dir='ltr'><strong><em>lom</em></strong></span> <span class='ocrx_word' id='word_1_12' title='bbox 1279 439 1330 504; x_wconf 80' lang='lat' dir='ltr'><strong><em>M.</em></strong></span> <span class='ocrx_word' id='word_1_13' title='bbox 1340 441 1474 504; x_wconf 84' lang='lat' dir='ltr'><strong><em>Manlius</em></strong></span> 
     </span>
     <span class='ocr_line' id='line_1_3' title="bbox 220 486 1474 622; baseline -0.002 -32"><span class='ocrx_word' id='word_1_14' title='bbox 220 527 287 572; x_wconf 69' lang='lat' dir='ltr'><strong><em>Mi·</em></strong></span> <span class='ocrx_word' id='word_1_15' title='bbox 303 525 354 574; x_wconf 69' lang='lat'><strong><em>¹⁸⁹·</em></strong></span> <span class='ocrx_word' id='word_1_16' title='bbox 383 547 460 590; x_wconf 80' lang='lat' dir='ltr'><strong><em>ama</em></strong></span> <span class='ocrx_word' id='word_1_17' title='bbox 475 528 594 608; x_wconf 61' lang='lat' dir='ltr'><strong><em>omnine</em></strong></span> <span class='ocrx_word' id='word_1_18' title='bbox 607 486 1315 622; x_wconf 64' lang='lat' dir='ltr'><strong><em>scandentesinGapitbliumGallosdetmsitb.</em></strong></span> <span class='ocrx_word' id='word_1_19' title='bbox 1358 525 1401 587; x_wconf 85' lang='lat' dir='ltr'><strong><em>Et</em></strong></span> <span class='ocrx_word' id='word_1_20' title='bbox 1415 528 1474 588; x_wconf 90' lang='lat' dir='ltr'><strong><em>illis</em></strong></span> 
     </span>
     <span class='ocr_line' id='line_1_4' title="bbox 383 609 1473 692; baseline -0.002 -18"><span class='ocrx_word' id='word_1_21' title='bbox 383 611 549 692; x_wconf 76' lang='lat' dir='ltr'><strong><em>majoribus</em></strong></span> <span class='ocrx_word' id='word_1_22' title='bbox 563 613 676 673; x_wconf 83' lang='lat' dir='ltr'><strong><em>nostris</em></strong></span> <span class='ocrx_word' id='word_1_23' title='bbox 689 629 757 672; x_wconf 88' lang='lat' dir='ltr'><strong><em>cum</em></strong></span> <span class='ocrx_word' id='word_1_24' title='bbox 771 610 856 672; x_wconf 81' lang='lat' dir='ltr'><strong><em>boul</em></strong></span> <span class='ocrx_word' id='word_1_25' title='bbox 868 609 968 672; x_wconf 83' lang='lat' dir='ltr'><strong><em>dubiis</em></strong></span> <span class='ocrx_word' id='word_1_26' title='bbox 981 609 1107 670; x_wconf 87' lang='lat' dir='ltr'><strong><em>Gallis</em></strong></span> <span class='ocrx_word' id='word_1_27' title='bbox 1095 627 1128 670; x_wconf 81' lang='lat' dir='ltr'><strong><em>sn</em></strong></span> <span class='ocrx_word' id='word_1_28' title='bbox 1141 613 1227 670; x_wconf 81' lang='lat' dir='ltr'><strong><em>terra</em></strong></span> <span class='ocrx_word' id='word_1_29' title='bbox 1239 627 1297 670; x_wconf 85' lang='lat' dir='ltr'><strong><em>sua</em></strong></span> <span class='ocrx_word' id='word_1_30' title='bbox 1304 612 1415 690; x_wconf 71' lang='lat' dir='ltr'><strong><em>percitis</em></strong></span> <span class='ocrx_word' id='word_1_31' title='bbox 1427 631 1473 672; x_wconf 83' lang='lat' dir='ltr'><strong><em>res</em></strong></span> 
     </span>
     <span class='ocr_line' id='line_1_5' title="bbox 384 693 1475 776; baseline -0.002 -17"><span class='ocrx_word' id='word_1_32' title='bbox 384 703 461 759; x_wconf 88' lang='lat' dir='ltr'><strong><em>erat.</em></strong></span> <span class='ocrx_word' id='word_1_33' title='bbox 505 695 627 774; x_wconf 87' lang='lat' dir='ltr'><strong><em>Hijom</em></strong></span> <span class='ocrx_word' id='word_1_34' title='bbox 642 695 802 776; x_wconf 78' lang='lat' dir='ltr'><strong><em>deponeres</em></strong></span> <span class='ocrx_word' id='word_1_35' title='bbox 815 700 904 766; x_wconf 81' lang='lat' dir='ltr'><strong><em>sant,·</em></strong></span> <span class='ocrx_word' id='word_1_36' title='bbox 926 693 1027 768; x_wconf 78' lang='lat' dir='ltr'><strong><em>misti,</em></strong></span> <span class='ocrx_word' id='word_1_37' title='bbox 1046 698 1076 755; x_wconf 91' lang='lat' dir='ltr'><strong><em>et</em></strong></span> <span class='ocrx_word' id='word_1_38' title='bbox 1098 693 1281 773; x_wconf 85' lang='lat' dir='ltr'><strong><em>Golloqraoi</em></strong></span> <span class='ocrx_word' id='word_1_39' title='bbox 1299 713 1378 771; x_wconf 88' lang='lat' dir='ltr'><strong><em>vere,</em></strong></span> <span class='ocrx_word' id='word_1_40' title='bbox 1399 695 1475 775; x_wconf 84' lang='lat' dir='ltr'><strong><em>quod</em></strong></span> 
     </span>
     <span class='ocr_line' id='line_1_6' title="bbox 384 737 1473 860; baseline -0.003 -17"><span class='ocrx_word' id='word_1_41' title='bbox 384 781 597 860; x_wconf 79' lang='lat' dir='ltr'><strong><em>adpellentur:</em></strong></span> <span class='ocrx_word' id='word_1_42' title='bbox 620 781 698 842; x_wconf 86' lang='lat' dir='ltr'><strong><em>siaat</em></strong></span> <span class='ocrx_word' id='word_1_43' title='bbox 713 778 899 859; x_wconf 77' lang='lat' dir='ltr'><strong><em>insnuqibus</em></strong></span> <span class='ocrx_word' id='word_1_44' title='bbox 907 737 1141 858; x_wconf 76' lang='lat' dir='ltr'><strong><em>peasdibsasque,</em></strong></span> <span class='ocrx_word' id='word_1_45' title='bbox 1158 796 1218 838; x_wconf 88' lang='lat' dir='ltr'><strong><em>non</em></strong></span> <span class='ocrx_word' id='word_1_46' title='bbox 1233 782 1351 840; x_wconf 83' lang='lat' dir='ltr'><strong><em>tantum</em></strong></span> <span class='ocrx_word' id='word_1_47' title='bbox 1364 740 1473 840; x_wconf 77' lang='lat' dir='ltr'><strong><em>berniosa</em></strong></span> 
     </span>
     <span class='ocr_line' id='line_1_7' title="bbox 385 863 1473 942; baseline -0.003 -15"><span class='ocrx_word' id='word_1_48' title='bbox 385 866 428 928; x_wconf 81' lang='lat' dir='ltr'><strong><em>od</em></strong></span> <span class='ocrx_word' id='word_1_49' title='bbox 438 865 619 927; x_wconf 73' lang='lat' dir='ltr'><strong><em>sonandam</em></strong></span> <span class='ocrx_word' id='word_1_50' title='bbox 640 863 770 926; x_wconf 76' lang='lat' dir='ltr'><em>indolem</em></span> <span class='ocrx_word' id='word_1_51' title='bbox 790 864 902 939; x_wconf 85' lang='lat' dir='ltr'><strong><em>valeat,</em></strong></span> <span class='ocrx_word' id='word_1_52' title='bbox 925 867 1070 942; x_wconf 68' lang='lat' dir='ltr'><strong><em>quioniam</em></strong></span> <span class='ocrx_word' id='word_1_53' title='bbox 1092 866 1182 922; x_wconf 78' lang='lat' dir='ltr'><strong><em>tes-ra</em></strong></span> <span class='ocrx_word' id='word_1_54' title='bbox 1198 863 1374 942; x_wconf 78' lang='lat' dir='ltr'><strong><em>proprietas</em></strong></span> <span class='ocrx_word' id='word_1_55' title='bbox 1397 865 1473 926; x_wconf 86' lang='lat' dir='ltr'><strong><em>coeti-</em></strong></span> 
     </span>
     <span class='ocr_line' id='line_1_8' title="bbox 385 945 1474 1031; baseline -0.002 -21"><span class='ocrx_word' id='word_1_56' title='bbox 385 969 450 1031; x_wconf 89' lang='lat' dir='ltr'><strong><em>que,</em></strong></span> <span class='ocrx_word' id='word_1_57' title='bbox 465 949 520 1010; x_wconf 88' lang='lat' dir='ltr'><strong><em>sub</em></strong></span> <span class='ocrx_word' id='word_1_58' title='bbox 535 969 592 1030; x_wconf 76' lang='lat' dir='ltr'><strong><em>qim</em></strong></span> <span class='ocrx_word' id='word_1_59' title='bbox 614 950 748 1026; x_wconf 83' lang='lat' dir='ltr'><strong><em>aluntur,</em></strong></span> <span class='ocrx_word' id='word_1_60' title='bbox 763 952 871 1010; x_wconf 86' lang='lat' dir='ltr'><strong><em>mutat.</em></strong></span> <span class='ocrx_word' id='word_1_61' title='bbox 914 945 1108 1022; x_wconf 84' lang='lat' dir='ltr'><strong><em>Macedones,</em></strong></span> <span class='ocrx_word' id='word_1_62' title='bbox 1129 947 1429 1025; x_wconf 80' lang='lat' dir='ltr'><strong><em>quiAleaandsiam¹</em></strong></span> <span class='ocrx_word' id='word_1_63' title='bbox 1443 949 1474 1009; x_wconf 90' lang='lat' dir='ltr'><strong><em>in</em></strong></span> 
     </span>
     <span class='ocr_line' id='line_1_9' title="bbox 384 1031 1475 1114; baseline -0.002 -18"><span class='ocrx_word' id='word_1_64' title='bbox 384 1035 533 1114; x_wconf 80' lang='lat' dir='ltr'><strong><em>AEqypto,</em></strong></span> <span class='ocrx_word' id='word_1_65' title='bbox 544 1035 596 1113; x_wconf 88' lang='lat' dir='ltr'><strong><em>qui</em></strong></span> <span class='ocrx_word' id='word_1_66' title='bbox 606 1033 802 1095; x_wconf 63' lang='lat' dir='ltr'><strong><em>&amp;momorum</em></strong></span> <span class='ocrx_word' id='word_1_67' title='bbox 814 1051 851 1093; x_wconf 88' lang='lat' dir='ltr'><strong><em>aa</em></strong></span> <span class='ocrx_word' id='word_1_68' title='bbox 859 1031 1071 1110; x_wconf 76' lang='lat' dir='ltr'><strong><em>Babyloniam,</em></strong></span> <span class='ocrx_word' id='word_1_69' title='bbox 1086 1031 1194 1110; x_wconf 69' lang='lat' dir='ltr'><strong><em>quoique</em></strong></span> <span class='ocrx_word' id='word_1_70' title='bbox 1204 1031 1283 1092; x_wconf 87' lang='lat' dir='ltr'><strong><em>alias</em></strong></span> <span class='ocrx_word' id='word_1_71' title='bbox 1292 1050 1415 1111; x_wconf 82' lang='lat' dir='ltr'><strong><em>sparsos</em></strong></span> <span class='ocrx_word' id='word_1_72' title='bbox 1417 1053 1475 1112; x_wconf 85' lang='lat' dir='ltr'><strong><em>per</em></strong></span> 
     </span>
     <span class='ocr_line' id='line_1_10' title="bbox 386 1115 1474 1196; baseline -0.003 -15"><span class='ocrx_word' id='word_1_73' title='bbox 386 1119 486 1182; x_wconf 83' lang='lat' dir='ltr'><strong><em>orbem</em></strong></span> <span class='ocrx_word' id='word_1_74' title='bbox 507 1124 661 1180; x_wconf 77' lang='lat' dir='ltr'><strong><em>teon-omn</em></strong></span> <span class='ocrx_word' id='word_1_75' title='bbox 684 1117 817 1178; x_wconf 87' lang='lat' dir='ltr'><strong><em>colonias</em></strong></span> <span class='ocrx_word' id='word_1_76' title='bbox 838 1116 958 1191; x_wconf 89' lang='lat' dir='ltr'><strong><em>babent,</em></strong></span> <span class='ocrx_word' id='word_1_77' title='bbox 972 1115 1005 1176; x_wconf 90' lang='lat' dir='ltr'><strong><em>in</em></strong></span> <span class='ocrx_word' id='word_1_78' title='bbox 1026 1115 1132 1195; x_wconf 74' lang='lat' dir='ltr'><strong><em>Syros,</em></strong></span> <span class='ocrx_word' id='word_1_79' title='bbox 1154 1115 1290 1176; x_wconf 82' lang='lat' dir='ltr'><strong><em>Portbos</em></strong></span> <span class='ocrx_word' id='word_1_80' title='bbox 1289 1115 1474 1196; x_wconf 77' lang='lat' dir='ltr'><strong><em>‚AEqyptios</em></strong></span> 
     </span>
     <span class='ocr_line' id='line_1_11' title="bbox 387 1199 1474 1284; baseline -0.004 -19"><span class='ocrx_word' id='word_1_81' title='bbox 387 1203 616 1284; x_wconf 79' lang='lat' dir='ltr'><strong><em>depeneramnt.</em></strong></span> <span class='ocrx_word' id='word_1_82' title='bbox 660 1201 818 1277; x_wconf 88' lang='lat' dir='ltr'><strong><em>Massilia,</em></strong></span> <span class='ocrx_word' id='word_1_83' title='bbox 841 1201 923 1262; x_wconf 86' lang='lat' dir='ltr'><strong><em>inter</em></strong></span> <span class='ocrx_word' id='word_1_84' title='bbox 949 1199 1055 1262; x_wconf 83' lang='lat' dir='ltr'><strong><em>Gallos</em></strong></span> <span class='ocrx_word' id='word_1_85' title='bbox 1077 1199 1149 1274; x_wconf 70' lang='lat' dir='ltr'><strong><em>sitm</em></strong></span> <span class='ocrx_word' id='word_1_86' title='bbox 1171 1200 1271 1262; x_wconf 70' lang='lat' dir='ltr'><strong><em>travit</em></strong></span> <span class='ocrx_word' id='word_1_87' title='bbox 1290 1201 1474 1280; x_wconf 76' lang='lat' dir='ltr'><strong><em>obqoomum</em></strong></span> 
     </span>
     <span class='ocr_line' id='line_1_12' title="bbox 387 1283 1474 1364; baseline -0.004 -14"><span class='ocrx_word' id='word_1_88' title='bbox 387 1289 426 1350; x_wconf 89' lang='lat' dir='ltr'><strong><em>ab</em></strong></span> <span class='ocrx_word' id='word_1_89' title='bbox 451 1287 566 1349; x_wconf 84' lang='lat' dir='ltr'><strong><em>adcolis</em></strong></span> <span class='ocrx_word' id='word_1_90' title='bbox 586 1285 765 1348; x_wconf 79' lang='lat' dir='ltr'><strong><em>animmum.</em></strong></span> <span class='ocrx_word' id='word_1_91' title='bbox 812 1284 984 1346; x_wconf 68' lang='lat' dir='ltr'><strong><em>Tarentinis</em></strong></span> <span class='ocrx_word' id='word_1_92' title='bbox 1004 1283 1079 1364; x_wconf 82' lang='lat' dir='ltr'><strong><em>quid</em></strong></span> <span class='ocrx_word' id='word_1_93' title='bbox 1090 1303 1129 1345; x_wconf 85' lang='lat' dir='ltr'><strong><em>ea</em></strong></span> <span class='ocrx_word' id='word_1_94' title='bbox 1143 1283 1310 1364; x_wconf 77' lang='lat' dir='ltr'><strong><em>Spartana,</em></strong></span> <span class='ocrx_word' id='word_1_95' title='bbox 1331 1283 1407 1346; x_wconf 81' lang='lat' dir='ltr'><strong><em>dura</em></strong></span> <span class='ocrx_word' id='word_1_96' title='bbox 1421 1286 1474 1346; x_wconf 91' lang='lat' dir='ltr'><strong><em>illa</em></strong></span> 
     </span>
     <span class='ocr_line' id='line_1_13' title="bbox 387 1367 1477 1450; baseline -0.003 -16"><span class='ocrx_word' id='word_1_97' title='bbox 387 1379 417 1435; x_wconf 87' lang='lat' dir='ltr'><strong><em>et</em></strong></span> <span class='ocrx_word' id='word_1_98' title='bbox 437 1371 574 1448; x_wconf 76' lang='lat' dir='ltr'><strong><em>barrida,</em></strong></span> <span class='ocrx_word' id='word_1_99' title='bbox 594 1370 691 1450; x_wconf 82' lang='lat' dir='ltr'><strong><em>discip</em></strong></span> <span class='ocrx_word' id='word_1_100' title='bbox 692 1371 756 1432; x_wconf 90' lang='lat' dir='ltr'><strong><em>lina</em></strong></span> <span class='ocrx_word' id='word_1_101' title='bbox 776 1369 968 1431; x_wconf 82' lang='lat' dir='ltr'><strong><em>nmnsit?⁸</em></strong></span> <span class='ocrx_word' id='word_1_102' title='bbox 971 1367 1211 1430; x_wconf 83' lang='lat' dir='ltr'><strong><em>‘Generosius&#39;</em></strong></span> <span class='ocrx_word' id='word_1_103' title='bbox 1200 1389 1233 1429; x_wconf 82' lang='lat' dir='ltr'><strong><em>sn</em></strong></span> <span class='ocrx_word' id='word_1_104' title='bbox 1253 1387 1310 1430; x_wconf 79' lang='lat' dir='ltr'><strong><em>maa</em></strong></span> <span class='ocrx_word' id='word_1_105' title='bbox 1333 1369 1477 1450; x_wconf 80' lang='lat' dir='ltr'><strong><em>quidquid</em></strong></span> 
     </span>
     <span class='ocr_line' id='line_1_14' title="bbox 387 1415 1476 1536; baseline -0.003 -17"><span class='ocrx_word' id='word_1_106' title='bbox 387 1457 457 1519; x_wconf 85' lang='lat' dir='ltr'><strong><em>sede</em></strong></span> <span class='ocrx_word' id='word_1_107' title='bbox 473 1415 631 1536; x_wconf 75' lang='lat' dir='ltr'><strong><em>qiqniiur5</em></strong></span> <span class='ocrx_word' id='word_1_108' title='bbox 654 1455 778 1516; x_wconf 85' lang='lat' dir='ltr'><strong><em>insitam</em></strong></span> <span class='ocrx_word' id='word_1_109' title='bbox 797 1454 902 1516; x_wconf 85' lang='lat' dir='ltr'><strong><em>aliena</em></strong></span> <span class='ocrx_word' id='word_1_110' title='bbox 921 1459 1022 1529; x_wconf 73' lang='lat' dir='ltr'><strong><em>terra,</em></strong></span> <span class='ocrx_word' id='word_1_111' title='bbox 1043 1453 1076 1514; x_wconf 90' lang='lat' dir='ltr'><strong><em>in</em></strong></span> <span class='ocrx_word' id='word_1_112' title='bbox 1094 1451 1138 1528; x_wconf 74' lang='lat' dir='ltr'><strong><em>iel,</em></strong></span> <span class='ocrx_word' id='word_1_113' title='bbox 1158 1471 1216 1532; x_wconf 89' lang='lat' dir='ltr'><strong><em>quo</em></strong></span> <span class='ocrx_word' id='word_1_114' title='bbox 1239 1453 1344 1530; x_wconf 84' lang='lat' dir='ltr'><strong><em>alitur,</em></strong></span> <span class='ocrx_word' id='word_1_115' title='bbox 1366 1459 1476 1516; x_wconf 85' lang='lat' dir='ltr'><strong><em>notura</em></strong></span> 
     </span>
     <span class='ocr_line' id='line_1_15' title="bbox 388 1499 1476 1620; baseline -0.003 -17"><span class='ocrx_word' id='word_1_116' title='bbox 388 1546 522 1604; x_wconf 81' lang='lat' dir='ltr'><strong><em>vertente</em></strong></span> <span class='ocrx_word' id='word_1_117' title='bbox 535 1559 577 1616; x_wconf 88' lang='lat' dir='ltr'><strong><em>se,</em></strong></span> <span class='ocrx_word' id='word_1_118' title='bbox 592 1539 762 1620; x_wconf 73' lang='lat' dir='ltr'><strong><em>deperierat.</em></strong></span> <span class='ocrx_word' id='word_1_119' title='bbox 806 1539 948 1618; x_wconf 73' lang='lat' dir='ltr'><strong><em>Pboqqas</em></strong></span> <span class='ocrx_word' id='word_1_120' title='bbox 962 1539 1058 1618; x_wconf 77' lang='lat' dir='ltr'><strong><em>iqitsm</em></strong></span> <span class='ocrx_word' id='word_1_121' title='bbox 1075 1537 1203 1598; x_wconf 89' lang='lat' dir='ltr'><strong><em>Gallicis</em></strong></span> <span class='ocrx_word' id='word_1_122' title='bbox 1220 1499 1360 1600; x_wconf 68' lang='lat' dir='ltr'><strong><em>mmatbs</em></strong></span> <span class='ocrx_word' id='word_1_123' title='bbox 1373 1541 1476 1615; x_wconf 76' lang='lat' dir='ltr'><strong><em>amnis,</em></strong></span> 
     </span>
     <span class='ocr_line' id='line_1_16' title="bbox 387 1621 1477 1704; baseline -0.002 -18"><span class='ocrx_word' id='word_1_124' title='bbox 387 1628 466 1686; x_wconf 83' lang='lat' dir='ltr'><strong><em>sicut</em></strong></span> <span class='ocrx_word' id='word_1_125' title='bbox 480 1626 514 1686; x_wconf 89' lang='lat' dir='ltr'><strong><em>in</em></strong></span> <span class='ocrx_word' id='word_1_126' title='bbox 528 1625 594 1686; x_wconf 79' lang='lat' dir='ltr'><strong><em>acie</em></strong></span> <span class='ocrx_word' id='word_1_127' title='bbox 607 1624 751 1685; x_wconf 80' lang='lat' dir='ltr'><strong><em>Antiaobi</em></strong></span> <span class='ocrx_word' id='word_1_128' title='bbox 765 1622 926 1699; x_wconf 69' lang='lat' dir='ltr'><strong><em>cecidistis,</em></strong></span> <span class='ocrx_word' id='word_1_129' title='bbox 941 1623 1037 1684; x_wconf 74' lang='lat' dir='ltr'><strong><em>oiston</em></strong></span> <span class='ocrx_word' id='word_1_130' title='bbox 1051 1623 1180 1684; x_wconf 73' lang='lat' dir='ltr'><strong><em>matures</em></strong></span> <span class='ocrx_word' id='word_1_131' title='bbox 1200 1621 1329 1684; x_wconf 81' lang='lat' dir='ltr'><strong><em>cadetis.</em></strong></span> <span class='ocrx_word' id='word_1_132' title='bbox 1372 1623 1477 1704; x_wconf 83' lang='lat' dir='ltr'><strong><em>Moqis</em></strong></span> 
     </span>
     <span class='ocr_line' id='line_1_17' title="bbox 388 1707 1476 1788; baseline 0 -18"><span class='ocrx_word' id='word_1_133' title='bbox 388 1711 445 1770; x_wconf 76' lang='lat' dir='ltr'><strong><em>iclu</em></strong></span> <span class='ocrx_word' id='word_1_134' title='bbox 471 1729 587 1785; x_wconf 80' lang='lat' dir='ltr'><strong><em>uereor,</em></strong></span> <span class='ocrx_word' id='word_1_135' title='bbox 609 1727 646 1770; x_wconf 85' lang='lat' dir='ltr'><strong><em>ne</em></strong></span> <span class='ocrx_word' id='word_1_136' title='bbox 665 1707 863 1788; x_wconf 76' lang='lat' dir='ltr'><strong><em>pamminde</em></strong></span> <span class='ocrx_word' id='word_1_137' title='bbox 882 1707 1104 1788; x_wconf 77' lang='lat' dir='ltr'><strong><em>plorioe,quom</em></strong></span> <span class='ocrx_word' id='word_1_138' title='bbox 1128 1725 1166 1768; x_wconf 89' lang='lat' dir='ltr'><strong><em>ne</em></strong></span> <span class='ocrx_word' id='word_1_139' title='bbox 1188 1707 1313 1768; x_wconf 76' lang='lat' dir='ltr'><strong><em>niniam</em></strong></span> <span class='ocrx_word' id='word_1_140' title='bbox 1334 1707 1403 1770; x_wconf 89' lang='lat' dir='ltr'><strong><em>belli</em></strong></span> <span class='ocrx_word' id='word_1_141' title='bbox 1427 1709 1476 1770; x_wconf 85' lang='lat' dir='ltr'><strong><em>sit.</em></strong></span> 
     </span>
     <span class='ocr_line' id='line_1_18' title="bbox 386 1789 1477 1872; baseline 0 -18"><span class='ocrx_word' id='word_1_142' title='bbox 386 1794 514 1854; x_wconf 80' lang='lat' dir='ltr'><strong><em>Attalns</em></strong></span> <span class='ocrx_word' id='word_1_143' title='bbox 546 1812 597 1855; x_wconf 90' lang='lat' dir='ltr'><strong><em>eos</em></strong></span> <span class='ocrx_word' id='word_1_144' title='bbox 626 1811 683 1854; x_wconf 82' lang='lat' dir='ltr'><strong><em>rea</em></strong></span> <span class='ocrx_word' id='word_1_145' title='bbox 713 1811 792 1870; x_wconf 83' lang='lat' dir='ltr'><strong><em>sape</em></strong></span> <span class='ocrx_word' id='word_1_146' title='bbox 814 1789 902 1870; x_wconf 77' lang='lat' dir='ltr'><strong><em>saliit</em></strong></span> <span class='ocrx_word' id='word_1_147' title='bbox 925 1789 1117 1872; x_wconf 70' lang='lat' dir='ltr'><strong><em>Jiqaobque.</em></strong></span> <span class='ocrx_word' id='word_1_148' title='bbox 1160 1791 1265 1854; x_wconf 87' lang='lat' dir='ltr'><strong><em>Nolite</em></strong></span> <span class='ocrx_word' id='word_1_149' title='bbox 1294 1792 1477 1868; x_wconf 62' lang='lat' dir='ltr'><strong><em>continuare,</em></strong></span> 
     </span>
     <span class='ocr_line' id='line_1_19' title="bbox 389 1875 1479 1957; baseline -0.001 -18"><span class='ocrx_word' id='word_1_150' title='bbox 389 1878 502 1940; x_wconf 88' lang='lat' dir='ltr'><strong><em>belluas</em></strong></span> <span class='ocrx_word' id='word_1_151' title='bbox 526 1883 643 1939; x_wconf 86' lang='lat' dir='ltr'><strong><em>tontum</em></strong></span> <span class='ocrx_word' id='word_1_152' title='bbox 665 1896 769 1938; x_wconf 86' lang='lat' dir='ltr'><strong><em>recens</em></strong></span> <span class='ocrx_word' id='word_1_153' title='bbox 791 1881 898 1956; x_wconf 87' lang='lat' dir='ltr'><strong><em>captos</em></strong></span> <span class='ocrx_word' id='word_1_154' title='bbox 907 1875 1069 1955; x_wconf 76' lang='lat' dir='ltr'><strong><em>feritatem</em></strong></span> <span class='ocrx_word' id='word_1_155' title='bbox 1088 1875 1174 1938; x_wconf 87' lang='lat' dir='ltr'><strong><em>illam</em></strong></span> <span class='ocrx_word' id='word_1_156' title='bbox 1194 1877 1361 1940; x_wconf 71' lang='lat' dir='ltr'><strong><em>mloestrem</em></strong></span> <span class='ocrx_word' id='word_1_157' title='bbox 1377 1879 1479 1957; x_wconf 81' lang='lat' dir='ltr'><strong><em>primo</em></strong></span> 
     </span>
     <span class='ocr_line' id='line_1_20' title="bbox 387 1959 1479 2042; baseline 0.001 -19"><span class='ocrx_word' id='word_1_158' title='bbox 387 1981 520 2038; x_wconf 77' lang='lat' dir='ltr'><strong><em>sanare,</em></strong></span> <span class='ocrx_word' id='word_1_159' title='bbox 549 1961 665 2038; x_wconf 84' lang='lat' dir='ltr'><strong><em>deinde,</em></strong></span> <span class='ocrx_word' id='word_1_160' title='bbox 694 1981 785 2042; x_wconf 85' lang='lat' dir='ltr'><strong><em>qaum</em></strong></span> <span class='ocrx_word' id='word_1_161' title='bbox 814 1961 868 2022; x_wconf 83' lang='lat' dir='ltr'><strong><em>dia</em></strong></span> <span class='ocrx_word' id='word_1_162' title='bbox 893 1959 1032 2022; x_wconf 69' lang='lat' dir='ltr'><strong><em>manibrio</em></strong></span> <span class='ocrx_word' id='word_1_163' title='bbox 1055 1961 1195 2022; x_wconf 72' lang='lat' dir='ltr'><strong><em>mamonis</em></strong></span> <span class='ocrx_word' id='word_1_164' title='bbox 1219 1961 1353 2038; x_wconf 83' lang='lat' dir='ltr'><strong><em>alantur,</em></strong></span> <span class='ocrx_word' id='word_1_165' title='bbox 1378 1963 1479 2024; x_wconf 88' lang='lat' dir='ltr'><strong><em>miles-</em></strong></span> 
     </span>
     <span class='ocr_line' id='line_1_21' title="bbox 389 2045 1479 2125; baseline 0 -17"><span class='ocrx_word' id='word_1_166' title='bbox 389 2066 476 2117; x_wconf 85' lang='lat' dir='ltr'><strong><em>cere‚·</em></strong></span> <span class='ocrx_word' id='word_1_167' title='bbox 498 2048 532 2108; x_wconf 83' lang='lat' dir='ltr'><strong><em>in</em></strong></span> <span class='ocrx_word' id='word_1_168' title='bbox 549 2047 700 2108; x_wconf 77' lang='lat' dir='ltr'><strong><em>homirnam</em></strong></span> <span class='ocrx_word' id='word_1_169' title='bbox 707 2045 838 2125; x_wconf 76' lang='lat' dir='ltr'><strong><em>feritate</em></strong></span> <span class='ocrx_word' id='word_1_170' title='bbox 852 2045 1009 2107; x_wconf 70' lang='lat' dir='ltr'><strong><em>nubenda</em></strong></span> <span class='ocrx_word' id='word_1_171' title='bbox 1023 2065 1084 2108; x_wconf 90' lang='lat' dir='ltr'><strong><em>non</em></strong></span> <span class='ocrx_word' id='word_1_172' title='bbox 1097 2045 1231 2108; x_wconf 80' lang='lat' dir='ltr'><strong><em>camdem</em></strong></span> <span class='ocrx_word' id='word_1_173' title='bbox 1246 2051 1388 2108; x_wconf 88' lang='lat' dir='ltr'><strong><em>naturam</em></strong></span> <span class='ocrx_word' id='word_1_174' title='bbox 1406 2065 1479 2109; x_wconf 87' lang='lat' dir='ltr'><strong><em>esse.</em></strong></span> 
     </span>
     <span class='ocr_line' id='line_1_22' title="bbox 387 2129 1481 2211; baseline -0.003 -17"><span class='ocrx_word' id='word_1_175' title='bbox 387 2131 559 2194; x_wconf 83' lang='lat' dir='ltr'><strong><em>Easdemne</em></strong></span> <span class='ocrx_word' id='word_1_176' title='bbox 576 2133 630 2193; x_wconf 85' lang='lat' dir='ltr'><strong><em>bos</em></strong></span> <span class='ocrx_word' id='word_1_177' title='bbox 651 2131 776 2193; x_wconf 82' lang='lat' dir='ltr'><strong><em>creditis</em></strong></span> <span class='ocrx_word' id='word_1_178' title='bbox 796 2149 869 2207; x_wconf 86' lang='lat' dir='ltr'><strong><em>esse,</em></strong></span> <span class='ocrx_word' id='word_1_179' title='bbox 892 2131 945 2211; x_wconf 87' lang='lat' dir='ltr'><strong><em>qui</em></strong></span> <span class='ocrx_word' id='word_1_180' title='bbox 955 2136 1065 2211; x_wconf 85' lang='lat' dir='ltr'><strong><em>patres</em></strong></span> <span class='ocrx_word' id='word_1_181' title='bbox 1085 2150 1187 2192; x_wconf 85' lang='lat' dir='ltr'><strong><em>eorum</em></strong></span> <span class='ocrx_word' id='word_1_182' title='bbox 1206 2131 1312 2211; x_wconf 65' lang='lat' dir='ltr'><strong><em>namus</em></strong></span> <span class='ocrx_word' id='word_1_183' title='bbox 1326 2129 1481 2210; x_wconf 67' lang='lat' dir='ltr'><strong><em>filerunt?</em></strong></span> 
     </span>
     <span class='ocr_line' id='line_1_23' title="bbox 388 2213 1481 2296; baseline -0.002 -18"><span class='ocrx_word' id='word_1_184' title='bbox 388 2223 526 2278; x_wconf 75' lang='lat' dir='ltr'><strong><em>ectoms</em></strong></span> <span class='ocrx_word' id='word_1_185' title='bbox 540 2217 643 2296; x_wconf 88' lang='lat' dir='ltr'><strong><em>inopia</em></strong></span> <span class='ocrx_word' id='word_1_186' title='bbox 658 2235 802 2296; x_wconf 77' lang='lat' dir='ltr'><strong><em>aprorum</em></strong></span> <span class='ocrx_word' id='word_1_187' title='bbox 810 2213 944 2296; x_wconf 83' lang='lat' dir='ltr'><strong><em>profecti</em></strong></span> <span class='ocrx_word' id='word_1_188' title='bbox 958 2215 1045 2277; x_wconf 86' lang='lat' dir='ltr'><strong><em>domo</em></strong></span> <span class='ocrx_word' id='word_1_189' title='bbox 1060 2235 1120 2296; x_wconf 84' lang='lat' dir='ltr'><strong><em>per</em></strong></span> <span class='ocrx_word' id='word_1_190' title='bbox 1140 2216 1339 2296; x_wconf 69' lang='lat' dir='ltr'><strong><em>aspero-innam</em></strong></span> <span class='ocrx_word' id='word_1_191' title='bbox 1359 2216 1481 2295; x_wconf 79' lang='lat' dir='ltr'><strong><em>lllyrici</em></strong></span> 
     </span>
     <span class='ocr_line' id='line_1_24' title="bbox 389 2298 1482 2380; baseline -0.002 -16"><span class='ocrx_word' id='word_1_192' title='bbox 389 2321 493 2372; x_wconf 87' lang='lat' dir='ltr'><strong><em>oram,·</em></strong></span> <span class='ocrx_word' id='word_1_193' title='bbox 516 2302 671 2364; x_wconf 80' lang='lat' dir='ltr'><strong><em>Paoniam</em></strong></span> <span class='ocrx_word' id='word_1_194' title='bbox 685 2301 756 2362; x_wconf 84' lang='lat' dir='ltr'><strong><em>inde</em></strong></span> <span class='ocrx_word' id='word_1_195' title='bbox 770 2305 800 2362; x_wconf 90' lang='lat' dir='ltr'><strong><em>et</em></strong></span> <span class='ocrx_word' id='word_1_196' title='bbox 818 2299 990 2376; x_wconf 78' lang='lat' dir='ltr'><strong><em>lbraaiam,</em></strong></span> <span class='ocrx_word' id='word_1_197' title='bbox 1007 2299 1172 2380; x_wconf 80' lang='lat' dir='ltr'><strong><em>puqnanda</em></strong></span> <span class='ocrx_word' id='word_1_198' title='bbox 1195 2319 1263 2362; x_wconf 87' lang='lat' dir='ltr'><strong><em>cum</em></strong></span> <span class='ocrx_word' id='word_1_199' title='bbox 1277 2298 1482 2379; x_wconf 84' lang='lat' dir='ltr'><strong><em>ferocissimis</em></strong></span> 
     </span>
     <span class='ocr_line' id='line_1_25' title="bbox 385 2385 1483 2467; baseline -0.002 -19"><span class='ocrx_word' id='word_1_200' title='bbox 385 2387 535 2467; x_wconf 72' lang='lat' dir='ltr'><strong><em>penitimis,</em></strong></span> <span class='ocrx_word' id='word_1_201' title='bbox 556 2387 677 2462; x_wconf 68' lang='lat' dir='ltr'><strong><em>mensi,</em></strong></span> <span class='ocrx_word' id='word_1_202' title='bbox 703 2386 760 2446; x_wconf 86' lang='lat' dir='ltr'><strong><em>bos</em></strong></span> <span class='ocrx_word' id='word_1_203' title='bbox 784 2389 885 2446; x_wconf 76' lang='lat' dir='ltr'><strong><em>tetros</em></strong></span> <span class='ocrx_word' id='word_1_204' title='bbox 903 2389 1054 2466; x_wconf 79' lang='lat' dir='ltr'><strong><em>ceperunt.</em></strong></span> <span class='ocrx_word' id='word_1_205' title='bbox 1097 2385 1234 2447; x_wconf 85' lang='lat' dir='ltr'><strong><em>Duratos</em></strong></span> <span class='ocrx_word' id='word_1_206' title='bbox 1257 2405 1308 2448; x_wconf 90' lang='lat' dir='ltr'><strong><em>eos</em></strong></span> <span class='ocrx_word' id='word_1_207' title='bbox 1326 2389 1371 2446; x_wconf 92' lang='lat' dir='ltr'><strong><em>tot</em></strong></span> <span class='ocrx_word' id='word_1_208' title='bbox 1391 2387 1483 2447; x_wconf 89' lang='lat' dir='ltr'><strong><em>malis</em></strong></span> 
     </span>
     <span class='ocr_line' id='line_1_26' title="bbox 389 2469 1481 2550; baseline 0 -18"><span class='ocrx_word' id='word_1_209' title='bbox 389 2476 640 2550; x_wconf 79' lang='lat' dir='ltr'><strong><em>eaoeperatosque</em></strong></span> <span class='ocrx_word' id='word_1_210' title='bbox 655 2471 771 2549; x_wconf 89' lang='lat' dir='ltr'><strong><em>accepit</em></strong></span> <span class='ocrx_word' id='word_1_211' title='bbox 782 2474 866 2531; x_wconf 81' lang='lat' dir='ltr'><strong><em>terra</em></strong></span> <span class='ocrx_word' id='word_1_212' title='bbox 867 2469 1161 2550; x_wconf 73' lang='lat' dir='ltr'><strong><em>,msacopiaremm</em></strong></span> <span class='ocrx_word' id='word_1_213' title='bbox 1171 2469 1481 2570; x_wconf 71' lang='lat' dir='ltr'><strong><em>omniumsapinoret.</em></strong></span> 
     </span>
     <span class='ocr_line' id='line_1_27' title="bbox 387 2553 1482 2636; baseline 0.003 -22"><span class='ocrx_word' id='word_1_214' title='bbox 387 2555 539 2615; x_wconf 78' lang='lat' dir='ltr'><strong><em>uberrimo</em></strong></span> <span class='ocrx_word' id='word_1_215' title='bbox 554 2575 640 2634; x_wconf 77' lang='lat' dir='ltr'><strong><em>apro,</em></strong></span> <span class='ocrx_word' id='word_1_216' title='bbox 654 2555 812 2616; x_wconf 83' lang='lat' dir='ltr'><strong><em>mitissima</em></strong></span> <span class='ocrx_word' id='word_1_217' title='bbox 827 2555 911 2631; x_wconf 84' lang='lat' dir='ltr'><strong><em>coelo,</em></strong></span> <span class='ocrx_word' id='word_1_218' title='bbox 931 2553 1123 2616; x_wconf 79' lang='lat' dir='ltr'><strong><em>alenaentibus</em></strong></span> <span class='ocrx_word' id='word_1_219' title='bbox 1145 2553 1355 2616; x_wconf 73' lang='lat' dir='ltr'><strong><em>adcolamsn</em></strong></span> <span class='ocrx_word' id='word_1_220' title='bbox 1342 2557 1482 2636; x_wconf 63' lang='grc' dir='ltr'><strong>ιιιρθιιὶίηι,</strong></span> 
     </span>
     <span class='ocr_line' id='line_1_28' title="bbox 388 2637 1482 2718; baseline 0.002 -19"><span class='ocrx_word' id='word_1_221' title='bbox 388 2639 485 2699; x_wconf 89' lang='lat' dir='ltr'><strong><em>omnis</em></strong></span> <span class='ocrx_word' id='word_1_222' title='bbox 499 2639 566 2715; x_wconf 90' lang='lat' dir='ltr'><strong><em>illa,</em></strong></span> <span class='ocrx_word' id='word_1_223' title='bbox 582 2657 649 2700; x_wconf 87' lang='lat' dir='ltr'><strong><em>cam</em></strong></span> <span class='ocrx_word' id='word_1_224' title='bbox 662 2658 722 2718; x_wconf 84' lang='lat' dir='ltr'><strong><em>qua</em></strong></span> <span class='ocrx_word' id='word_1_225' title='bbox 739 2644 894 2716; x_wconf 85' lang='lat' dir='ltr'><strong><em>venerant,</em></strong></span> <span class='ocrx_word' id='word_1_226' title='bbox 915 2637 1124 2718; x_wconf 81' lang='lat' dir='ltr'><strong><em>nsansuesaata</em></strong></span> <span class='ocrx_word' id='word_1_227' title='bbox 1148 2643 1194 2700; x_wconf 89' lang='lat' dir='ltr'><strong><em>est</em></strong></span> <span class='ocrx_word' id='word_1_228' title='bbox 1205 2637 1330 2718; x_wconf 79' lang='lat' dir='ltr'><strong><em>seo-itas.</em></strong></span> <span class='ocrx_word' id='word_1_229' title='bbox 1381 2640 1482 2717; x_wconf 80' lang='lat' dir='ltr'><strong><em>Vobis,</em></strong></span> 
     </span>
     <span class='ocr_line' id='line_1_29' title="bbox 387 2684 1484 2804; baseline 0.002 -20"><span class='ocrx_word' id='word_1_230' title='bbox 387 2723 564 2798; x_wconf 73' lang='lat' dir='ltr'><strong><em>assimulo,</em></strong></span> <span class='ocrx_word' id='word_1_231' title='bbox 590 2723 730 2784; x_wconf 73' lang='grc' dir='ltr'><strong><em>Μιιιὶἰιο</em></strong></span> <span class='ocrx_word' id='word_1_232' title='bbox 755 2723 842 2800; x_wconf 79' lang='lat' dir='ltr'><strong><em>ainis,</em></strong></span> <span class='ocrx_word' id='word_1_233' title='bbox 870 2684 1004 2784; x_wconf 75' lang='lat' dir='ltr'><strong><em>aboendo</em></strong></span> <span class='ocrx_word' id='word_1_234' title='bbox 1026 2743 1064 2786; x_wconf 88' lang='lat' dir='ltr'><strong><em>ao</em></strong></span> <span class='ocrx_word' id='word_1_235' title='bbox 1083 2721 1234 2804; x_wconf 75' lang='lat' dir='ltr'><strong><em>Jieqiendo</em></strong></span> <span class='ocrx_word' id='word_1_236' title='bbox 1261 2725 1484 2804; x_wconf 74' lang='lat' dir='ltr'><strong><em>quamprimum</em></strong></span> 
     </span>
     <span class='ocr_line' id='line_1_30' title="bbox 388 2807 1484 2889; baseline 0.003 -21"><span class='ocrx_word' id='word_1_237' title='bbox 388 2807 547 2868; x_wconf 79' lang='lat' dir='ltr'><strong><em>amanites</em></strong></span> <span class='ocrx_word' id='word_1_238' title='bbox 559 2812 605 2868; x_wconf 89' lang='lat' dir='ltr'><strong><em>est</em></strong></span> <span class='ocrx_word' id='word_1_239' title='bbox 618 2807 711 2868; x_wconf 84' lang='lat' dir='ltr'><strong><em>Asia.</em></strong></span> <span class='ocrx_word' id='word_1_240' title='bbox 748 2812 866 2870; x_wconf 87' lang='lat' dir='ltr'><strong><em>tantam</em></strong></span> <span class='ocrx_word' id='word_1_241' title='bbox 881 2809 927 2870; x_wconf 79' lang='lat' dir='ltr'><strong><em>loa</em></strong></span> <span class='ocrx_word' id='word_1_242' title='bbox 936 2809 1105 2889; x_wconf 82' lang='lat' dir='ltr'><strong><em>pereqnina</em></strong></span> <span class='ocrx_word' id='word_1_243' title='bbox 1118 2809 1287 2888; x_wconf 82' lang='lat' dir='ltr'><strong><em>voluptates</em></strong></span> <span class='ocrx_word' id='word_1_244' title='bbox 1305 2809 1349 2870; x_wconf 82' lang='lat' dir='ltr'><strong><em>ael</em></strong></span> <span class='ocrx_word' id='word_1_245' title='bbox 1367 2811 1484 2871; x_wconf 80' lang='lat' dir='ltr'><strong><em>castin-</em></strong></span> 
     </span>
     <span class='ocr_line' id='line_1_31' title="bbox 385 2890 1485 2974; baseline 0.004 -22"><span class='ocrx_word' id='word_1_246' title='bbox 385 2890 580 2972; x_wconf 80' lang='lat' dir='ltr'><strong><em>quendum&#39;</em></strong></span> <span class='ocrx_word' id='word_1_247' title='bbox 549 2911 682 2973; x_wconf 80' lang='lat' dir='ltr'><strong><em>mqorem</em></strong></span> <span class='ocrx_word' id='word_1_248' title='bbox 692 2892 862 2954; x_wconf 88' lang='lat' dir='ltr'><strong><em>animorum</em></strong></span> <span class='ocrx_word' id='word_1_249' title='bbox 868 2897 1019 2973; x_wconf 85' lang='lat' dir='ltr'><strong><em>possunt:</em></strong></span> <span class='ocrx_word' id='word_1_250' title='bbox 1036 2898 1154 2956; x_wconf 86' lang='lat' dir='ltr'><strong><em>tantam</em></strong></span> <span class='ocrx_word' id='word_1_251' title='bbox 1166 2894 1304 2974; x_wconf 79' lang='lat' dir='ltr'><strong><em>cantapia</em></strong></span> <span class='ocrx_word' id='word_1_252' title='bbox 1315 2893 1485 2974; x_wconf 78' lang='lat' dir='ltr'><strong><em>discipline</em></strong></span> 
     </span>
     <span class='ocr_line' id='line_1_32' title="bbox 387 2975 1484 3059; baseline 0.002 -21"><span class='ocrx_word' id='word_1_253' title='bbox 387 2977 538 3057; x_wconf 77' lang='lat' dir='ltr'><strong><em>nimisque</em></strong></span> <span class='ocrx_word' id='word_1_254' title='bbox 561 2977 737 3038; x_wconf 76' lang='lat' dir='ltr'><strong><em>adeolamm</em></strong></span> <span class='ocrx_word' id='word_1_255' title='bbox 758 2977 849 3039; x_wconf 89' lang='lat' dir='ltr'><strong><em>aalet.</em></strong></span> <span class='ocrx_word' id='word_1_256' title='bbox 892 2978 961 3040; x_wconf 83' lang='lat' dir='ltr'><strong><em>Hoc</em></strong></span> <span class='ocrx_word' id='word_1_257' title='bbox 985 2983 1086 3040; x_wconf 89' lang='lat' dir='ltr'><strong><em>tamen</em></strong></span> <span class='ocrx_word' id='word_1_258' title='bbox 1099 2975 1238 3058; x_wconf 82' lang='lat' dir='ltr'><strong><em>feliciter</em></strong></span> <span class='ocrx_word' id='word_1_259' title='bbox 1262 2979 1369 3054; x_wconf 75' lang='lat' dir='ltr'><strong><em>messit,</em></strong></span> <span class='ocrx_word' id='word_1_260' title='bbox 1392 2980 1484 3059; x_wconf 67' lang='lat' dir='ltr'><strong><em>qood,</em></strong></span> 
     </span>
     <span class='ocr_line' id='line_1_33' title="bbox 387 3061 1485 3144; baseline 0.002 -21"><span class='ocrx_word' id='word_1_261' title='bbox 387 3063 467 3124; x_wconf 82' lang='lat' dir='ltr'><strong><em>sicut</em></strong></span> <span class='ocrx_word' id='word_1_262' title='bbox 491 3064 551 3124; x_wconf 87' lang='lat' dir='ltr'><strong><em>aim</em></strong></span> <span class='ocrx_word' id='word_1_263' title='bbox 578 3061 723 3124; x_wconf 70' lang='lat' dir='ltr'><strong><em>adamnan</em></strong></span> <span class='ocrx_word' id='word_1_264' title='bbox 745 3081 798 3124; x_wconf 88' lang='lat' dir='ltr'><strong><em>aas</em></strong></span> <span class='ocrx_word' id='word_1_265' title='bbox 821 3081 1019 3143; x_wconf 86' lang='lat' dir='ltr'><strong><em>nequaquam,</em></strong></span> <span class='ocrx_word' id='word_1_266' title='bbox 1043 3063 1089 3124; x_wconf 89' lang='lat' dir='ltr'><strong><em>ita</em></strong></span> <span class='ocrx_word' id='word_1_267' title='bbox 1106 3061 1229 3142; x_wconf 79' lang='lat' dir='ltr'><strong><em>santam</em></strong></span> <span class='ocrx_word' id='word_1_268' title='bbox 1252 3061 1336 3144; x_wconf 83' lang='lat' dir='ltr'><strong><em>apud</em></strong></span> <span class='ocrx_word' id='word_1_269' title='bbox 1359 3063 1485 3126; x_wconf 77' lang='lat' dir='ltr'><strong><em>Grecos</em></strong></span> 
     </span>
     <span class='ocr_line' id='line_1_34' title="bbox 382 3147 1485 3228; baseline 0.001 -21"><span class='ocrx_word' id='word_1_270' title='bbox 382 3166 492 3227; x_wconf 84' lang='lat' dir='ltr'><strong><em>parem</em></strong></span> <span class='ocrx_word' id='word_1_271' title='bbox 506 3148 554 3208; x_wconf 89' lang='lat' dir='ltr'><strong><em>illi</em></strong></span> <span class='ocrx_word' id='word_1_272' title='bbox 567 3148 698 3226; x_wconf 79' lang='lat' dir='ltr'><strong><em>antiqua</em></strong></span> <span class='ocrx_word' id='word_1_273' title='bbox 712 3147 857 3224; x_wconf 84' lang='lat' dir='ltr'><strong><em>obtinent,</em></strong></span> <span class='ocrx_word' id='word_1_274' title='bbox 871 3167 937 3209; x_wconf 87' lang='lat' dir='ltr'><strong><em>cum</em></strong></span> <span class='ocrx_word' id='word_1_275' title='bbox 951 3167 1010 3227; x_wconf 89' lang='lat' dir='ltr'><strong><em>qua</em></strong></span> <span class='ocrx_word' id='word_1_276' title='bbox 1025 3151 1190 3209; x_wconf 70' lang='lat' dir='ltr'><strong><em>mmm:</em></strong></span> <span class='ocrx_word' id='word_1_277' title='bbox 1213 3147 1338 3228; x_wconf 77' lang='lat' dir='ltr'><strong><em>belliqooe</em></strong></span> <span class='ocrx_word' id='word_1_278' title='bbox 1349 3148 1485 3228; x_wconf 80' lang='lat' dir='ltr'><strong><em>qloriam</em></strong></span> 
     </span>
     <span class='ocr_line' id='line_1_35' title="bbox 387 3230 1484 3312; baseline 0.005 -22"><span class='ocrx_word' id='word_1_279' title='bbox 387 3231 516 3291; x_wconf 74' lang='lat' dir='ltr'><strong><em>molares</em></strong></span> <span class='ocrx_word' id='word_1_280' title='bbox 529 3230 663 3290; x_wconf 84' lang='lat' dir='ltr'><strong><em>eamdem</em></strong></span> <span class='ocrx_word' id='word_1_281' title='bbox 678 3231 758 3292; x_wconf 89' lang='lat' dir='ltr'><strong><em>inter</em></strong></span> <span class='ocrx_word' id='word_1_282' title='bbox 771 3233 869 3292; x_wconf 87' lang='lat' dir='ltr'><strong><em>socios</em></strong></span> <span class='ocrx_word' id='word_1_283' title='bbox 882 3231 1040 3307; x_wconf 72' lang='lat' dir='ltr'><strong><em>habebitis,</em></strong></span> <span class='ocrx_word' id='word_1_284' title='bbox 1059 3251 1150 3312; x_wconf 86' lang='lat' dir='ltr'><strong><em>qnam</em></strong></span> <span class='ocrx_word' id='word_1_285' title='bbox 1167 3233 1195 3294; x_wconf 87' lang='lat' dir='ltr'><strong><em>si</em></strong></span> <span class='ocrx_word' id='word_1_286' title='bbox 1219 3237 1374 3294; x_wconf 77' lang='lat' dir='ltr'><strong><em>seruantes</em></strong></span> <span class='ocrx_word' id='word_1_287' title='bbox 1399 3235 1484 3294; x_wconf 86' lang='lat' dir='ltr'><strong><em>anti-</em></strong></span> 
     </span>
    </p>

    <p class='ocr_par' dir='ltr' id='par_1_3' title="bbox 233 3315 1485 3738">
     <span class='ocr_line' id='line_1_36' title="bbox 388 3315 1113 3393; baseline 0.007 -20"><span class='ocrx_word' id='word_1_288' title='bbox 388 3333 479 3393; x_wconf 89' lang='lat' dir='ltr'><strong><em>quum</em></strong></span> <span class='ocrx_word' id='word_1_289' title='bbox 491 3315 640 3392; x_wconf 77' lang='lat' dir='ltr'><strong><em>specimen</em></strong></span> <span class='ocrx_word' id='word_1_290' title='bbox 653 3316 823 3376; x_wconf 81' lang='lat' dir='ltr'><strong><em>animorum</em></strong></span> <span class='ocrx_word' id='word_1_291' title='bbox 841 3317 946 3378; x_wconf 79' lang='lat' dir='ltr'><strong><em>Gallos</em></strong></span> <span class='ocrx_word' id='word_1_292' title='bbox 955 3317 1113 3378; x_wconf 73' lang='lat' dir='ltr'><strong><em>misissetis.</em></strong></span> 
     </span>
     <span class='ocr_line' id='line_1_37' title="bbox 233 3395 1486 3566; baseline 0.002 -22"><span class='ocrx_word' id='word_1_293' title='bbox 233 3427 362 3536; x_wconf 80' lang='grc' dir='ltr'><strong>ηήτ.</strong></span> <span class='ocrx_word' id='word_1_294' title='bbox 389 3396 577 3564; x_wconf 55' lang='lat' dir='ltr'><strong><em>..itm</em></strong></span> <span class='ocrx_word' id='word_1_295' title='bbox 591 3395 1486 3566; x_wconf 49' lang='lat' dir='ltr'><strong><em>trecentesimusmererere</em></strong></span> 
     </span>
     <span class='ocr_line' id='line_1_38' title="bbox 235 3566 1485 3667; baseline 0.003 -39"><span class='ocrx_word' id='word_1_296' title='bbox 235 3569 287 3662; x_wconf 58' lang='lat' dir='ltr'><strong><em>lgm</em></strong></span> <span class='ocrx_word' id='word_1_297' title='bbox 303 3616 326 3662; x_wconf 77' lang='lat' dir='ltr'><strong><em>nt</em></strong></span> <span class='ocrx_word' id='word_1_298' title='bbox 389 3573 422 3628; x_wconf 87' lang='lat' dir='ltr'><strong><em>et</em></strong></span> <span class='ocrx_word' id='word_1_299' title='bbox 430 3573 605 3664; x_wconf 77' lang='lat' dir='ltr'><strong><em>negaverat</em></strong></span> <span class='ocrx_word' id='word_1_300' title='bbox 617 3566 777 3630; x_wconf 83' lang='lat' dir='ltr'><strong><em>Antiocho</em></strong></span> <span class='ocrx_word' id='word_1_301' title='bbox 788 3569 939 3632; x_wconf 79' lang='lat' dir='ltr'><strong><em>adversus</em></strong></span> <span class='ocrx_word' id='word_1_302' title='bbox 949 3569 1110 3632; x_wconf 68' lang='lat' dir='ltr'><strong><em>Romnum</em></strong></span> <span class='ocrx_word' id='word_1_303' title='bbox 1121 3567 1247 3647; x_wconf 82' lang='lat' dir='ltr'><strong><em>auxilio,</em></strong></span> <span class='ocrx_word' id='word_1_304' title='bbox 1257 3577 1359 3667; x_wconf 76' lang='lat' dir='ltr'><strong><em>castre</em></strong></span> <span class='ocrx_word' id='word_1_305' title='bbox 1368 3571 1485 3633; x_wconf 88' lang='lat' dir='ltr'><strong><em>movit.</em></strong></span> 
     </span>
     <span class='ocr_line' id='line_1_39' title="bbox 288 3631 1485 3738; baseline 0.004 -27"><span class='ocrx_word' id='word_1_306' title='bbox 288 3631 302 3663; x_wconf 76' lang='lat'>⁸</span> <span class='ocrx_word' id='word_1_307' title='bbox 328 3647 335 3662; x_wconf 87' lang='lat'>&#39;</span> <span class='ocrx_word' id='word_1_308' title='bbox 389 3650 492 3736; x_wconf 85' lang='lat' dir='ltr'><strong><em>primo</em></strong></span> <span class='ocrx_word' id='word_1_309' title='bbox 520 3650 571 3712; x_wconf 89' lang='lat' dir='ltr'><strong><em>die</em></strong></span> <span class='ocrx_word' id='word_1_310' title='bbox 598 3649 639 3712; x_wconf 84' lang='lat' dir='ltr'><strong><em>ad</em></strong></span> <span class='ocrx_word' id='word_1_311' title='bbox 667 3651 844 3715; x_wconf 81' lang='lat' dir='ltr'><strong><em>Alandrum</em></strong></span> <span class='ocrx_word' id='word_1_312' title='bbox 873 3653 1004 3731; x_wconf 86' lang='lat' dir='ltr'><strong><em>flumen,</em></strong></span> <span class='ocrx_word' id='word_1_313' title='bbox 1028 3661 1156 3738; x_wconf 82' lang='lat' dir='ltr'><strong><em>postero</em></strong></span> <span class='ocrx_word' id='word_1_314' title='bbox 1180 3653 1221 3716; x_wconf 84' lang='lat' dir='ltr'><strong><em>sd</em></strong></span> <span class='ocrx_word' id='word_1_315' title='bbox 1244 3653 1360 3732; x_wconf 88' lang='lat' dir='ltr'><strong><em>vicum,</em></strong></span> <span class='ocrx_word' id='word_1_316' title='bbox 1384 3675 1485 3736; x_wconf 85' lang='lat' dir='ltr'><strong><em>quem</em></strong></span> 
     </span>
    </p>
   </div>
   <div class='ocr_carea' id='block_1_3' title="bbox 387 3735 1487 4056">
    <p class='ocr_par' dir='ltr' id='par_1_4' title="bbox 387 3735 1487 3906">
     <span class='ocr_line' id='line_1_40' title="bbox 388 3735 1487 3853; baseline 0.002 -55"><span class='ocrx_word' id='word_1_317' title='bbox 388 3743 504 3798; x_wconf 81' lang='lat' dir='ltr'><strong><em>vocant</em></strong></span> <span class='ocrx_word' id='word_1_318' title='bbox 532 3735 670 3833; x_wconf 80' lang='lat' dir='ltr'><strong><em>Tyscon,</em></strong></span> <span class='ocrx_word' id='word_1_319' title='bbox 699 3745 841 3800; x_wconf 86' lang='lat' dir='ltr'><strong><em>ventum.</em></strong></span> <span class='ocrx_word' id='word_1_320' title='bbox 891 3739 940 3802; x_wconf 88' lang='grc' dir='ltr'><strong><em>Εο</em></strong></span> <span class='ocrx_word' id='word_1_321' title='bbox 947 3737 1064 3853; x_wconf 76' lang='lat' dir='ltr'><strong><em>legati</em></strong></span> <span class='ocrx_word' id='word_1_322' title='bbox 1094 3737 1352 3802; x_wconf 77' lang='lat' dir='ltr'><strong><em>Oroandensium</em></strong></span> <span class='ocrx_word' id='word_1_323' title='bbox 1378 3759 1487 3821; x_wconf 89' lang='lat' dir='ltr'><strong><em>quum</em></strong></span> 
     </span>
     <span class='ocr_line' id='line_1_41' title="bbox 387 3819 1471 3906; baseline 0.002 -22"><span class='ocrx_word' id='word_1_324' title='bbox 387 3819 560 3898; x_wconf 86' lang='lat' dir='ltr'><strong><em>venissent,</em></strong></span> <span class='ocrx_word' id='word_1_325' title='bbox 576 3820 745 3884; x_wconf 81' lang='lat' dir='ltr'><strong><em>amicitiem</em></strong></span> <span class='ocrx_word' id='word_1_326' title='bbox 760 3829 914 3906; x_wconf 86' lang='lat' dir='ltr'><strong><em>petentes,</em></strong></span> <span class='ocrx_word' id='word_1_327' title='bbox 936 3821 1106 3886; x_wconf 81' lang='lat' dir='ltr'><strong><em>”ducents</em></strong></span> <span class='ocrx_word' id='word_1_328' title='bbox 1123 3822 1280 3886; x_wconf 76' lang='lat' dir='ltr'><strong><em>talenta&#39;&#39;</em></strong></span> <span class='ocrx_word' id='word_1_329' title='bbox 1260 3844 1299 3886; x_wconf 89' lang='lat' dir='ltr'><strong><em>us</em></strong></span> <span class='ocrx_word' id='word_1_330' title='bbox 1323 3831 1471 3886; x_wconf 68' lang='lat' dir='ltr'><strong><em>suntme</em></strong></span> 
     </span>
    </p>

    <p class='ocr_par' dir='ltr' id='par_1_5' title="bbox 387 3905 1487 4056">
     <span class='ocr_line' id='line_1_42' title="bbox 411 3905 1487 3992; baseline 0.004 -26"><span class='ocrx_word' id='word_1_331' title='bbox 411 3912 517 3983; x_wconf 82' lang='lat' dir='ltr'><strong><em>ereta3</em></strong></span> <span class='ocrx_word' id='word_1_332' title='bbox 548 3905 824 3988; x_wconf 76' lang='lat' dir='ltr'><strong><em>precantibusque,</em></strong></span> <span class='ocrx_word' id='word_1_333' title='bbox 853 3915 891 3970; x_wconf 87' lang='lat' dir='ltr'><strong><em>ut</em></strong></span> <span class='ocrx_word' id='word_1_334' title='bbox 916 3906 1048 3970; x_wconf 89' lang='lat' dir='ltr'><strong><em>domum</em></strong></span> <span class='ocrx_word' id='word_1_335' title='bbox 1075 3907 1308 3985; x_wconf 82' lang='lat' dir='ltr'><strong><em>renunciarent,</em></strong></span> <span class='ocrx_word' id='word_1_336' title='bbox 1336 3913 1487 3992; x_wconf 74' lang='lat' dir='ltr'><strong><em>potestas</em></strong></span> 
     </span>
     <span class='ocr_line' id='line_1_43' title="bbox 387 3927 1487 4056; baseline 0 -1"><span class='ocrx_word' id='word_1_337' title='bbox 387 3927 517 4056; x_wconf 65' lang='lat' dir='ltr'><strong><em>iectu</em></strong></span> <span class='ocrx_word' id='word_1_338' title='bbox 523 3989 649 4052; x_wconf 90' lang='lat' dir='ltr'><strong><em>Ducere</em></strong></span> <span class='ocrx_word' id='word_1_339' title='bbox 664 3989 737 4054; x_wconf 91' lang='lat' dir='ltr'><strong><em>inde</em></strong></span> <span class='ocrx_word' id='word_1_340' title='bbox 753 3989 925 4054; x_wconf 81' lang='lat' dir='ltr'><strong><em>exercitum</em></strong></span> <span class='ocrx_word' id='word_1_341' title='bbox 946 3991 1059 4056; x_wconf 89' lang='lat' dir='ltr'><strong><em>consul</em></strong></span> <span class='ocrx_word' id='word_1_342' title='bbox 1076 3991 1117 4054; x_wconf 84' lang='lat' dir='ltr'><strong><em>ad</em></strong></span> <span class='ocrx_word' id='word_1_343' title='bbox 1141 3991 1343 4056; x_wconf 81' lang='lat' dir='ltr'><strong><em>Plitendum.</em></strong></span> <span class='ocrx_word' id='word_1_344' title='bbox 1365 3991 1487 4055; x_wconf 89' lang='lat' dir='ltr'><strong><em>deinde</em></strong></span> 
     </span>
    </p>
   </div>
   <div class='ocr_carea' id='block_1_4' title="bbox 421 4119 1486 4238">
    <p class='ocr_par' dir='ltr' id='par_1_6' title="bbox 421 4119 1486 4238">
     <span class='ocr_line' id='line_1_44' title="bbox 421 4119 1486 4175; baseline 0.005 -6"><span class='ocrx_word' id='word_1_345' title='bbox 421 4119 724 4170; x_wconf 48' lang='lat' dir='ltr'><strong><em>&amp;monuissemus</em></strong></span> <span class='ocrx_word' id='word_1_346' title='bbox 861 4119 1115 4174; x_wconf 61' lang='lat' dir='ltr'><strong><em>lausannensem.</em></strong></span> <span class='ocrx_word' id='word_1_347' title='bbox 1243 4127 1486 4175; x_wconf 60' lang='grc' dir='ltr'><strong>Νηιῖιὶειιιηὲιᾱ</strong></span> 
     </span>
     <span class='ocr_line' id='line_1_45' title="bbox 468 4187 1400 4238; baseline 0.004 -4"><span class='ocrx_word' id='word_1_348' title='bbox 468 4191 484 4222; x_wconf 77' lang='lat'><strong><em>¹²</em></strong></span> <span class='ocrx_word' id='word_1_349' title='bbox 494 4188 520 4234; x_wconf 77' lang='lat' dir='ltr'><strong><em>m</em></strong></span> <span class='ocrx_word' id='word_1_350' title='bbox 530 4187 576 4232; x_wconf 86' lang='lat' dir='ltr'><strong><em>det.</em></strong></span> <span class='ocrx_word' id='word_1_351' title='bbox 588 4187 649 4236; x_wconf 69' lang='lat' dir='ltr'><strong><em>ssd.</em></strong></span> <span class='ocrx_word' id='word_1_352' title='bbox 777 4192 790 4224; x_wconf 83' lang='lat'><strong>⁰</strong></span> <span class='ocrx_word' id='word_1_353' title='bbox 802 4187 896 4236; x_wconf 75' lang='lat' dir='ltr'><strong><em>Martiis</em></strong></span> <span class='ocrx_word' id='word_1_354' title='bbox 909 4190 968 4238; x_wconf 76' lang='lat' dir='ltr'><strong><em>uas.</em></strong></span> <span class='ocrx_word' id='word_1_355' title='bbox 1075 4196 1214 4238; x_wconf 73' lang='lat' dir='ltr'><strong><em>Pnonserat</em></strong></span> <span class='ocrx_word' id='word_1_356' title='bbox 1224 4194 1327 4238; x_wconf 68' lang='lat' dir='ltr'><strong><em>amicitia</em></strong></span> <span class='ocrx_word' id='word_1_357' title='bbox 1339 4191 1400 4238; x_wconf 72' lang='lat' dir='ltr'><strong><em>End.</em></strong></span> 
     </span>
    </p>
   </div>
   <div class='ocr_carea' id='block_1_5' title="bbox 226 4295 1489 4558">
    <p class='ocr_par' dir='ltr' id='par_1_7' title="bbox 226 4295 1489 4558">
     <span class='ocr_line' id='line_1_46' title="bbox 257 4295 1489 4364; baseline -0.005 -11"><span class='ocrx_word' id='word_1_358' title='bbox 257 4305 290 4353; x_wconf 79' lang='lat'><strong><em>64</em></strong></span> <span class='ocrx_word' id='word_1_359' title='bbox 307 4304 441 4353; x_wconf 79' lang='lat' dir='ltr'><strong><em>Generosius</em></strong></span> <span class='ocrx_word' id='word_1_360' title='bbox 453 4301 476 4346; x_wconf 83' lang='lat' dir='ltr'><strong><em>in</em></strong></span> <span class='ocrx_word' id='word_1_361' title='bbox 487 4313 529 4346; x_wconf 80' lang='lat' dir='ltr'><strong><em>suo</em></strong></span> <span class='ocrx_word' id='word_1_362' title='bbox 539 4299 651 4362; x_wconf 76' lang='lat' dir='ltr'><strong><em>quidquid</em></strong></span> <span class='ocrx_word' id='word_1_363' title='bbox 657 4300 709 4346; x_wconf 80' lang='lat' dir='ltr'><strong><em>sede</em></strong></span> <span class='ocrx_word' id='word_1_364' title='bbox 715 4295 834 4362; x_wconf 75' lang='lat' dir='ltr'><strong><em>gignitur]</em></strong></span> <span class='ocrx_word' id='word_1_365' title='bbox 867 4303 979 4362; x_wconf 79' lang='lat' dir='ltr'><strong><em>quidquid</em></strong></span> <span class='ocrx_word' id='word_1_366' title='bbox 994 4317 1034 4363; x_wconf 75' lang='lat' dir='ltr'><strong><em>ego</em></strong></span> <span class='ocrx_word' id='word_1_367' title='bbox 1053 4303 1253 4364; x_wconf 73' lang='lat' dir='ltr'><strong><em>apprehenderam,</em></strong></span> <span class='ocrx_word' id='word_1_368' title='bbox 1268 4303 1346 4350; x_wconf 77' lang='lat' dir='ltr'><strong><em>stotin</em></strong></span> <span class='ocrx_word' id='word_1_369' title='bbox 1361 4310 1489 4350; x_wconf 71' lang='lat' dir='ltr'><strong><em>mator</em></strong></span> 
     </span>
     <span class='ocr_line' id='line_1_47' title="bbox 226 4364 1162 4427; baseline -0.004 -11"><span class='ocrx_word' id='word_1_370' title='bbox 226 4369 293 4416; x_wconf 81' lang='lat' dir='ltr'><strong><em>Nihil</em></strong></span> <span class='ocrx_word' id='word_1_371' title='bbox 305 4370 344 4416; x_wconf 85' lang='lat' dir='ltr'><strong><em>hic</em></strong></span> <span class='ocrx_word' id='word_1_372' title='bbox 355 4367 448 4414; x_wconf 75' lang='lat' dir='ltr'><strong><em>videtur</em></strong></span> <span class='ocrx_word' id='word_1_373' title='bbox 459 4379 518 4425; x_wconf 83' lang='lat' dir='ltr'><strong><em>opus</em></strong></span> <span class='ocrx_word' id='word_1_374' title='bbox 528 4377 579 4410; x_wconf 80' lang='lat' dir='ltr'><strong><em>esse</em></strong></span> <span class='ocrx_word' id='word_1_375' title='bbox 591 4364 728 4410; x_wconf 82' lang='lat' dir='ltr'><strong><em>mntstione.</em></strong></span> <span class='ocrx_word' id='word_1_376' title='bbox 758 4364 835 4410; x_wconf 83' lang='lat' dir='ltr'><strong><em>inter·</em></strong></span> <span class='ocrx_word' id='word_1_377' title='bbox 867 4367 1016 4427; x_wconf 65' lang='lat' dir='ltr'><strong><em>extorquebat</em></strong></span> <span class='ocrx_word' id='word_1_378' title='bbox 1027 4381 1039 4414; x_wconf 87' lang='grc' dir='ltr'><strong><em>ι</em></strong></span> <span class='ocrx_word' id='word_1_379' title='bbox 1051 4367 1162 4413; x_wconf 73' lang='lat' dir='ltr'><strong><em>nasibus.</em></strong></span> 
     </span>
     <span class='ocr_line' id='line_1_48' title="bbox 226 4427 1487 4492; baseline -0.001 -13"><span class='ocrx_word' id='word_1_380' title='bbox 226 4434 283 4480; x_wconf 82' lang='lat' dir='ltr'><strong><em>dum</em></strong></span> <span class='ocrx_word' id='word_1_381' title='bbox 305 4433 369 4478; x_wconf 82' lang='lat' dir='ltr'><strong><em>enim</em></strong></span> <span class='ocrx_word' id='word_1_382' title='bbox 397 4431 509 4492; x_wconf 79' lang='lat' dir='ltr'><strong><em>quidquid</em></strong></span> <span class='ocrx_word' id='word_1_383' title='bbox 533 4442 575 4488; x_wconf 85' lang='lat' dir='ltr'><strong><em>pro</em></strong></span> <span class='ocrx_word' id='word_1_384' title='bbox 599 4429 698 4490; x_wconf 68' lang='lat' dir='ltr'><strong><em>quidqis</em></strong></span> <span class='ocrx_word' id='word_1_385' title='bbox 733 4427 835 4488; x_wconf 80' lang='lat' dir='ltr'><strong><em>positum</em></strong></span> <span class='ocrx_word' id='word_1_386' title='bbox 900 4429 932 4476; x_wconf 83' lang='lat' dir='ltr'><strong><em>tib</em></strong></span> <span class='ocrx_word' id='word_1_387' title='bbox 950 4427 1161 4492; x_wconf 75' lang='lat' dir='ltr'><strong><em>Dsmtatulssto]</em></strong></span> <span class='ocrx_word' id='word_1_388' title='bbox 1180 4427 1487 4490; x_wconf 59' lang='lat' dir='ltr'><strong><em>mastaurensium</em></strong></span> 
     </span>
     <span class='ocr_line' id='line_1_49' title="bbox 226 4492 835 4558; baseline -0.007 -14"><span class='ocrx_word' id='word_1_389' title='bbox 226 4496 349 4558; x_wconf 82' lang='lat' dir='ltr'><strong><em>reperitur.</em></strong></span> <span class='ocrx_word' id='word_1_390' title='bbox 375 4493 415 4542; x_wconf 79' lang='lat' dir='ltr'><strong><em>Sic</em></strong></span> <span class='ocrx_word' id='word_1_391' title='bbox 426 4495 556 4554; x_wconf 81' lang='lat' dir='ltr'><strong><em>Ciceropro</em></strong></span> <span class='ocrx_word' id='word_1_392' title='bbox 569 4492 661 4540; x_wconf 73' lang='lat' dir='ltr'><strong><em>eluens</em></strong></span> <span class='ocrx_word' id='word_1_393' title='bbox 675 4505 697 4540; x_wconf 80' lang='lat' dir='ltr'><strong><em>n</em></strong></span> <span class='ocrx_word' id='word_1_394' title='bbox 710 4493 749 4548; x_wconf 75' lang='lat'><strong><em>⁶2,</em></strong></span> <span class='ocrx_word' id='word_1_395' title='bbox 761 4493 803 4540; x_wconf 81' lang='lat' dir='ltr'><strong><em>sset</em></strong></span> <span class='ocrx_word' id='word_1_396' title='bbox 810 4499 835 4540; x_wconf 82' lang='lat' dir='ltr'><strong><em>st</em></strong></span> 
     </span>
    </p>
   </div>
   <div class='ocr_carea' id='block_1_6' title="bbox 0 0 1565 4954">
    <p class='ocr_par' dir='ltr' id='par_1_8' title="bbox 0 0 1565 4954">
     <span class='ocr_line' id='line_1_50' title="bbox 0 0 1565 4954; baseline 0 0"><span class='ocrx_word' id='word_1_397' title='bbox 0 0 1565 4954; x_wconf 95' lang='lat' dir='ltr'><strong><em> </em></strong></span> 
     </span>
    </p>
   </div>
  </div>
 </body>
</html>
