<?xml version="1.0" encoding="UTF-8"?>
<!DOCTYPE html PUBLIC "-//W3C//DTD XHTML 1.0 Transitional//EN"
    "http://www.w3.org/TR/xhtml1/DTD/xhtml1-transitional.dtd">
<html xmlns="http://www.w3.org/1999/xhtml" xml:lang="en" lang="en">
 <head>
  <title>
</title>
<meta http-equiv="Content-Type" content="text/html;charset=utf-8" />
  <meta name='ocr-system' content='tesseract 3.04.00' />
  <meta name='ocr-capabilities' content='ocr_page ocr_carea ocr_par ocr_line ocrx_word'/>
</head>
<body>
  <div class='ocr_page' id='page_1' title='image "./tliviipatavinih01crevgoog/tliviipatavinih01crevgoog_0274.png"; bbox 0 0 3108 4982; ppageno 0'>
   <div class='ocr_carea' id='block_1_1' title="bbox 139 247 950 322">
    <p class='ocr_par' dir='ltr' id='par_1_1' title="bbox 139 247 950 322">
     <span class='ocr_line' id='line_1_1' title="bbox 139 247 950 322; baseline 0.002 -10"><span class='ocrx_word' id='word_1_1' title='bbox 139 261 203 322; x_wconf 76' lang='lat'><strong>264</strong></span> <span class='ocrx_word' id='word_1_2' title='bbox 710 247 802 312; x_wconf 86' lang='grc' dir='ltr'>ΤΙΤΙ</span> <span class='ocrx_word' id='word_1_3' title='bbox 830 247 950 314; x_wconf 86' lang='lat' dir='ltr'><strong>LIVH</strong></span> 
     </span>
    </p>
   </div>
   <div class='ocr_carea' id='block_1_2' title="bbox 142 396 1391 570">
    <p class='ocr_par' dir='ltr' id='par_1_2' title="bbox 142 396 1391 570">
     <span class='ocr_line' id='line_1_2' title="bbox 142 396 1391 494; baseline -0.006 -26"><span class='ocrx_word' id='word_1_4' title='bbox 142 423 171 468; x_wconf 91' lang='lat' dir='ltr'><strong>u.</strong></span> <span class='ocrx_word' id='word_1_5' title='bbox 182 423 209 468; x_wconf 92' lang='lat' dir='ltr'><strong>c.</strong></span> <span class='ocrx_word' id='word_1_6' title='bbox 221 417 274 474; x_wconf 80' lang='lat' dir='ltr'><strong>arr.</strong></span> <span class='ocrx_word' id='word_1_7' title='bbox 305 401 439 480; x_wconf 85' lang='lat' dir='ltr'><strong>sceleris,</strong></span> <span class='ocrx_word' id='word_1_8' title='bbox 476 399 542 464; x_wconf 85' lang='lat' dir='ltr'><strong>usd</strong></span> <span class='ocrx_word' id='word_1_9' title='bbox 555 418 658 483; x_wconf 88' lang='lat' dir='ltr'>nuper</span> <span class='ocrx_word' id='word_1_10' title='bbox 672 405 829 482; x_wconf 81' lang='lat' dir='ltr'><strong>eruperat,</strong></span> <span class='ocrx_word' id='word_1_11' title='bbox 843 398 982 494; x_wconf 75' lang='lat' dir='ltr'><strong>ignarus,</strong></span> <span class='ocrx_word' id='word_1_12' title='bbox 996 396 1099 494; x_wconf 88' lang='lat' dir='ltr'><strong>primo</strong></span> <span class='ocrx_word' id='word_1_13' title='bbox 1114 417 1218 492; x_wconf 79' lang='lat' dir='ltr'><strong>neque</strong></span> <span class='ocrx_word' id='word_1_14' title='bbox 1231 416 1391 494; x_wconf 76' lang='lat' dir='ltr'><strong>magnam,</strong></span> 
     </span>
     <span class='ocr_line' id='line_1_3' title="bbox 142 481 1391 570; baseline -0.006 -18"><span class='ocrx_word' id='word_1_15' title='bbox 142 487 171 532; x_wconf 76' lang='lat' dir='ltr'><strong>A.</strong></span> <span class='ocrx_word' id='word_1_16' title='bbox 183 485 210 532; x_wconf 82' lang='lat'><strong>⁰·</strong></span> <span class='ocrx_word' id='word_1_17' title='bbox 224 481 277 530; x_wconf 80' lang='lat'><strong>¹⁸¹·</strong></span> <span class='ocrx_word' id='word_1_18' title='bbox 305 508 408 570; x_wconf 89' lang='lat' dir='ltr'><strong>neque</strong></span> <span class='ocrx_word' id='word_1_19' title='bbox 422 507 467 548; x_wconf 90' lang='lat' dir='ltr'><strong>nu</strong></span> <span class='ocrx_word' id='word_1_20' title='bbox 556 504 646 567; x_wconf 88' lang='lat' dir='ltr'><strong>spem</strong></span> <span class='ocrx_word' id='word_1_21' title='bbox 659 481 1010 566; x_wconf 85' lang='lat' dir='ltr'><strong>habebat,patrems1br</strong></span> <span class='ocrx_word' id='word_1_22' title='bbox 1025 481 1141 564; x_wconf 82' lang='lat' dir='ltr'><strong>placen</strong></span> <span class='ocrx_word' id='word_1_23' title='bbox 1151 501 1255 564; x_wconf 89' lang='lat' dir='ltr'><strong>posse.</strong></span> <span class='ocrx_word' id='word_1_24' title='bbox 1284 502 1391 544; x_wconf 79' lang='lat' dir='ltr'><strong>minus</strong></span> 
     </span>
    </p>
   </div>
   <div class='ocr_carea' id='block_1_3' title="bbox 305 564 1393 920">
    <p class='ocr_par' dir='ltr' id='par_1_3' title="bbox 305 564 1393 920">
     <span class='ocr_line' id='line_1_4' title="bbox 305 564 1393 652; baseline -0.008 -17"><span class='ocrx_word' id='word_1_25' title='bbox 305 571 419 636; x_wconf 89' lang='lat' dir='ltr'><strong>deinde</strong></span> <span class='ocrx_word' id='word_1_26' title='bbox 442 569 476 632; x_wconf 91' lang='lat' dir='ltr'><strong>in</strong></span> <span class='ocrx_word' id='word_1_27' title='bbox 499 568 566 630; x_wconf 89' lang='lat' dir='ltr'><strong>dies</strong></span> <span class='ocrx_word' id='word_1_28' title='bbox 589 567 688 652; x_wconf 90' lang='lat' dir='ltr'><strong>patris</strong></span> <span class='ocrx_word' id='word_1_29' title='bbox 707 567 812 629; x_wconf 89' lang='lat' dir='ltr'><strong>auimo</strong></span> <span class='ocrx_word' id='word_1_30' title='bbox 836 565 965 643; x_wconf 87' lang='lat' dir='ltr'><strong>fidebat,</strong></span> <span class='ocrx_word' id='word_1_31' title='bbox 980 587 1080 648; x_wconf 92' lang='lat' dir='ltr'><strong>quum</strong></span> <span class='ocrx_word' id='word_1_32' title='bbox 1104 564 1241 627; x_wconf 78' lang='lat' dir='ltr'>obsideri</span> <span class='ocrx_word' id='word_1_33' title='bbox 1260 585 1351 627; x_wconf 91' lang='lat' dir='ltr'><strong>aures</strong></span> <span class='ocrx_word' id='word_1_34' title='bbox 1372 586 1393 626; x_wconf 88' lang='lat' dir='ltr'><strong>a</strong></span> 
     </span>
     <span class='ocr_line' id='line_1_5' title="bbox 305 649 1392 734; baseline -0.009 -14"><span class='ocrx_word' id='word_1_35' title='bbox 305 655 400 720; x_wconf 79' lang='lat' dir='ltr'><strong>fr&#39;atre</strong></span> <span class='ocrx_word' id='word_1_36' title='bbox 415 659 564 717; x_wconf 87' lang='lat' dir='ltr'><strong>cerneret.</strong></span> <span class='ocrx_word' id='word_1_37' title='bbox 610 651 732 734; x_wconf 86' lang='lat' dir='ltr'><strong>Itaque,</strong></span> <span class='ocrx_word' id='word_1_38' title='bbox 745 649 1000 734; x_wconf 81' lang='lat' dir='ltr'><strong>circumspiciens</strong></span> <span class='ocrx_word' id='word_1_39' title='bbox 1014 649 1099 711; x_wconf 86' lang='lat' dir='ltr'><strong>dicta</strong></span> <span class='ocrx_word' id='word_1_40' title='bbox 1112 649 1257 732; x_wconf 82' lang='lat' dir='ltr'><strong>sectaque</strong></span> <span class='ocrx_word' id='word_1_41' title='bbox 1273 669 1340 727; x_wconf 90' lang='lat' dir='ltr'><strong>sua,</strong></span> <span class='ocrx_word' id='word_1_42' title='bbox 1351 671 1392 711; x_wconf 90' lang='lat' dir='ltr'><strong>ne</strong></span> 
     </span>
     <span class='ocr_line' id='line_1_6' title="bbox 306 733 1392 824; baseline -0.008 -20"><span class='ocrx_word' id='word_1_43' title='bbox 306 739 398 824; x_wconf 88' lang='lat' dir='ltr'><strong>cujus</strong></span> <span class='ocrx_word' id='word_1_44' title='bbox 413 735 608 821; x_wconf 78' lang='lat' dir='ltr'><strong>suspiciones</strong></span> <span class='ocrx_word' id='word_1_45' title='bbox 623 743 761 818; x_wconf 84' lang='lat' dir='ltr'><strong>augeret,</strong></span> <span class='ocrx_word' id='word_1_46' title='bbox 775 735 910 798; x_wconf 83' lang='lat' dir='ltr'><strong>maxime</strong></span> <span class='ocrx_word' id='word_1_47' title='bbox 925 734 965 796; x_wconf 92' lang='lat' dir='ltr'><strong>ab</strong></span> <span class='ocrx_word' id='word_1_48' title='bbox 980 733 1067 796; x_wconf 92' lang='lat' dir='ltr'><strong>omni</strong></span> <span class='ocrx_word' id='word_1_49' title='bbox 1081 733 1242 796; x_wconf 90' lang='lat' dir='ltr'><strong>mentione</strong></span> <span class='ocrx_word' id='word_1_50' title='bbox 1262 741 1295 796; x_wconf 93' lang='lat' dir='ltr'><strong>et</strong></span> <span class='ocrx_word' id='word_1_51' title='bbox 1316 753 1392 795; x_wconf 88' lang='lat' dir='ltr'><strong>con·</strong></span> 
     </span>
     <span class='ocr_line' id='line_1_7' title="bbox 306 815 1392 920; baseline -0.006 -33"><span class='ocrx_word' id='word_1_52' title='bbox 306 823 432 920; x_wconf 66' lang='lat' dir='ltr'><strong>tagione</strong></span> <span class='ocrx_word' id='word_1_53' title='bbox 447 823 662 884; x_wconf 77' lang='lat' dir='ltr'><strong>Romanorum</strong></span> <span class='ocrx_word' id='word_1_54' title='bbox 677 819 875 896; x_wconf 84' lang='lat' dir='ltr'><strong>abstinebat3</strong></span> <span class='ocrx_word' id='word_1_55' title='bbox 898 826 935 880; x_wconf 87' lang='lat' dir='ltr'><strong>ut</strong></span> <span class='ocrx_word' id='word_1_56' title='bbox 956 839 1059 900; x_wconf 88' lang='lat' dir='ltr'><strong>neque</strong></span> <span class='ocrx_word' id='word_1_57' title='bbox 1074 815 1095 850; x_wconf 79' lang='lat'><strong>&#39;³</strong></span> <span class='ocrx_word' id='word_1_58' title='bbox 1104 817 1199 879; x_wconf 90' lang='lat' dir='ltr'><strong>scribi</strong></span> <span class='ocrx_word' id='word_1_59' title='bbox 1207 817 1272 914; x_wconf 37' lang='lat' dir='ltr'><strong>&#39;sibi</strong></span> <span class='ocrx_word' id='word_1_60' title='bbox 1287 817 1392 894; x_wconf 86' lang='lat' dir='ltr'><strong>vellet,</strong></span> 
     </span>
    </p>
   </div>
   <div class='ocr_carea' id='block_1_4' title="bbox 307 901 1409 3770">
    <p class='ocr_par' dir='ltr' id='par_1_4' title="bbox 307 901 1409 3770">
     <span class='ocr_line' id='line_1_8' title="bbox 307 901 1393 1005; baseline -0.007 -35"><span class='ocrx_word' id='word_1_61' title='bbox 307 928 383 1005; x_wconf 79' lang='lat' dir='ltr'><strong>quia</strong></span> <span class='ocrx_word' id='word_1_62' title='bbox 404 907 464 970; x_wconf 91' lang='lat' dir='ltr'><strong>hoc</strong></span> <span class='ocrx_word' id='word_1_63' title='bbox 478 904 638 990; x_wconf 76' lang='lat' dir='ltr'><strong>praecipue</strong></span> <span class='ocrx_word' id='word_1_64' title='bbox 653 903 821 966; x_wconf 89' lang='lat' dir='ltr'><strong>criminum</strong></span> <span class='ocrx_word' id='word_1_65' title='bbox 840 923 953 986; x_wconf 81' lang='lat' dir='ltr'><strong>genere</strong></span> <span class='ocrx_word' id='word_1_66' title='bbox 968 901 1143 985; x_wconf 83' lang='lat' dir='ltr'><strong>exasperari</strong></span> <span class='ocrx_word' id='word_1_67' title='bbox 1164 921 1306 964; x_wconf 75' lang='lat' dir='ltr'><strong>animum</strong></span> <span class='ocrx_word' id='word_1_68' title='bbox 1320 922 1393 964; x_wconf 88' lang='lat' dir='ltr'><strong>sen·</strong></span> 
     </span>
     <span class='ocr_line' id='line_1_9' title="bbox 334 991 416 1054; baseline -0.049 0"><span class='ocrx_word' id='word_1_69' title='bbox 334 991 416 1054; x_wconf 91' lang='lat' dir='ltr'><strong>ebat.</strong></span> 
     </span>
     <span class='ocr_line' id='line_1_10' title="bbox 307 1001 1392 1170; baseline -0.008 -31"><span class='ocrx_word' id='word_1_70' title='bbox 307 1001 334 1058; x_wconf 59' lang='lat' dir='ltr'>u</span> <span class='ocrx_word' id='word_1_71' title='bbox 351 1075 447 1138; x_wconf 76' lang='lat' dir='ltr'><strong>xxi.</strong></span> <span class='ocrx_word' id='word_1_72' title='bbox 471 1073 649 1170; x_wconf 85' lang='lat' dir='ltr'><strong>Philippus,</strong></span> <span class='ocrx_word' id='word_1_73' title='bbox 665 1071 759 1134; x_wconf 90' lang='lat' dir='ltr'><strong>simul</strong></span> <span class='ocrx_word' id='word_1_74' title='bbox 780 1091 820 1132; x_wconf 89' lang='lat' dir='ltr'><strong>ue</strong></span> <span class='ocrx_word' id='word_1_75' title='bbox 843 1071 908 1134; x_wconf 89' lang='lat' dir='ltr'><strong>otio</strong></span> <span class='ocrx_word' id='word_1_76' title='bbox 930 1069 1021 1132; x_wconf 90' lang='lat' dir='ltr'><strong>miles</strong></span> <span class='ocrx_word' id='word_1_77' title='bbox 1035 1070 1170 1133; x_wconf 82' lang='lat' dir='ltr'><strong>deterior</strong></span> <span class='ocrx_word' id='word_1_78' title='bbox 1182 1069 1279 1145; x_wconf 88' lang='lat' dir='ltr'><strong>fieret,</strong></span> <span class='ocrx_word' id='word_1_79' title='bbox 1294 1068 1392 1130; x_wconf 92' lang='lat' dir='ltr'><strong>simul</strong></span> 
     </span>
     <span class='ocr_line' id='line_1_11' title="bbox 309 1153 1394 1241; baseline -0.006 -18"><span class='ocrx_word' id='word_1_80' title='bbox 309 1159 486 1224; x_wconf 74' lang='lat' dir='ltr'><strong>avertendae</strong></span> <span class='ocrx_word' id='word_1_81' title='bbox 502 1157 691 1241; x_wconf 78' lang='lat' dir='ltr'><strong>suspicionis</strong></span> <span class='ocrx_word' id='word_1_82' title='bbox 706 1176 818 1219; x_wconf 80' lang='lat' dir='ltr'><strong>caussa</strong></span> <span class='ocrx_word' id='word_1_83' title='bbox 838 1157 1012 1238; x_wconf 77' lang='lat' dir='ltr'><strong>quidquam</strong></span> <span class='ocrx_word' id='word_1_84' title='bbox 1030 1177 1049 1216; x_wconf 95' lang='lat' dir='ltr'><strong>a</strong></span> <span class='ocrx_word' id='word_1_85' title='bbox 1072 1175 1105 1217; x_wconf 89' lang='lat' dir='ltr'><strong>se</strong></span> <span class='ocrx_word' id='word_1_86' title='bbox 1131 1154 1241 1237; x_wconf 83' lang='lat' dir='ltr'><strong>agitari</strong></span> <span class='ocrx_word' id='word_1_87' title='bbox 1266 1153 1304 1215; x_wconf 92' lang='lat' dir='ltr'><strong>de</strong></span> <span class='ocrx_word' id='word_1_88' title='bbox 1326 1153 1394 1216; x_wconf 85' lang='lat' dir='ltr'><strong>Ro-</strong></span> 
     </span>
     <span class='ocr_line' id='line_1_12' title="bbox 308 1237 1395 1319; baseline -0.006 -13"><span class='ocrx_word' id='word_1_89' title='bbox 308 1265 403 1306; x_wconf 88' lang='lat' dir='ltr'><strong>mano</strong></span> <span class='ocrx_word' id='word_1_90' title='bbox 427 1242 521 1319; x_wconf 88' lang='lat' dir='ltr'><strong>bello,</strong></span> <span class='ocrx_word' id='word_1_91' title='bbox 544 1241 660 1304; x_wconf 85' lang='lat' dir='ltr'><strong>Stobos</strong></span> <span class='ocrx_word' id='word_1_92' title='bbox 678 1239 812 1303; x_wconf 81' lang='lat' dir='ltr'><strong>Paeoniae</strong></span> <span class='ocrx_word' id='word_1_93' title='bbox 838 1239 977 1302; x_wconf 87' lang='lat' dir='ltr'><strong>exercitu</strong></span> <span class='ocrx_word' id='word_1_94' title='bbox 1004 1239 1133 1315; x_wconf 90' lang='lat' dir='ltr'><strong>indicto,</strong></span> <span class='ocrx_word' id='word_1_95' title='bbox 1162 1237 1195 1300; x_wconf 92' lang='lat' dir='ltr'><strong>in</strong></span> <span class='ocrx_word' id='word_1_96' title='bbox 1223 1237 1395 1300; x_wconf 75' lang='lat' dir='ltr'><strong>Maedicam</strong></span> 
     </span>
     <span class='ocr_line' id='line_1_13' title="bbox 310 1320 1395 1410; baseline -0.008 -19"><span class='ocrx_word' id='word_1_97' title='bbox 310 1328 423 1392; x_wconf 89' lang='lat' dir='ltr'><strong>ducere</strong></span> <span class='ocrx_word' id='word_1_98' title='bbox 517 1325 551 1388; x_wconf 77' lang='lat' dir='ltr'><strong>&#39;t</strong></span> <span class='ocrx_word' id='word_1_99' title='bbox 582 1325 709 1410; x_wconf 91' lang='lat' dir='ltr'><strong>Cupido</strong></span> <span class='ocrx_word' id='word_1_100' title='bbox 720 1345 794 1386; x_wconf 91' lang='lat' dir='ltr'><strong>eum</strong></span> <span class='ocrx_word' id='word_1_101' title='bbox 806 1333 932 1408; x_wconf 80' lang='lat' dir='ltr'><strong>ceperat</strong></span> <span class='ocrx_word' id='word_1_102' title='bbox 946 1323 979 1386; x_wconf 91' lang='lat' dir='ltr'><strong>in</strong></span> <span class='ocrx_word' id='word_1_103' title='bbox 993 1323 1142 1386; x_wconf 83' lang='lat' dir='ltr'><strong>verticem</strong></span> <span class='ocrx_word' id='word_1_104' title='bbox 1155 1322 1262 1386; x_wconf 76' lang='lat' dir='ltr'><strong>Haemi</strong></span> <span class='ocrx_word' id='word_1_105' title='bbox 1276 1320 1395 1384; x_wconf 81' lang='lat' dir='ltr'><strong>montis</strong></span> 
     </span>
     <span class='ocr_line' id='line_1_14' title="bbox 310 1348 1396 1492; baseline -0.007 -16"><span class='ocrx_word' id='word_1_106' title='bbox 310 1348 532 1487; x_wconf 66' lang='lat' dir='ltr'><strong>adscendiiidi,</strong></span> <span class='ocrx_word' id='word_1_107' title='bbox 561 1409 636 1492; x_wconf 90' lang='lat' dir='ltr'><strong>quia</strong></span> <span class='ocrx_word' id='word_1_108' title='bbox 663 1409 800 1492; x_wconf 78' lang='lat' dir='ltr'><strong>vulgatae</strong></span> <span class='ocrx_word' id='word_1_109' title='bbox 828 1407 970 1492; x_wconf 89' lang='lat' dir='ltr'><strong>opinioni</strong></span> <span class='ocrx_word' id='word_1_110' title='bbox 1005 1407 1188 1484; x_wconf 84' lang='lat' dir='ltr'><strong>crediderat,</strong></span> <span class='ocrx_word' id='word_1_111' title='bbox 1226 1405 1396 1469; x_wconf 88' lang='lat' dir='ltr'><strong>Ponticum</strong></span> 
     </span>
     <span class='ocr_line' id='line_1_15' title="bbox 311 1489 1397 1573; baseline -0.007 -13"><span class='ocrx_word' id='word_1_112' title='bbox 311 1497 406 1560; x_wconf 88' lang='lat' dir='ltr'><strong>simul</strong></span> <span class='ocrx_word' id='word_1_113' title='bbox 428 1505 461 1558; x_wconf 88' lang='lat' dir='ltr'><strong>et</strong></span> <span class='ocrx_word' id='word_1_114' title='bbox 489 1493 709 1556; x_wconf 87' lang='lat' dir='ltr'><strong>Hadriaticum</strong></span> <span class='ocrx_word' id='word_1_115' title='bbox 734 1512 829 1568; x_wconf 78' lang='lat' dir='ltr'><strong>mare,</strong></span> <span class='ocrx_word' id='word_1_116' title='bbox 848 1501 881 1554; x_wconf 94' lang='lat' dir='ltr'><strong>et</strong></span> <span class='ocrx_word' id='word_1_117' title='bbox 912 1491 1060 1554; x_wconf 88' lang='lat' dir='ltr'><strong>Histrum</strong></span> <span class='ocrx_word' id='word_1_118' title='bbox 1091 1511 1227 1567; x_wconf 87' lang='lat' dir='ltr'><strong>amnem,</strong></span> <span class='ocrx_word' id='word_1_119' title='bbox 1244 1498 1277 1552; x_wconf 90' lang='lat' dir='ltr'><strong>et</strong></span> <span class='ocrx_word' id='word_1_120' title='bbox 1296 1489 1397 1573; x_wconf 82' lang='lat' dir='ltr'><strong>Alpes</strong></span> 
     </span>
     <span class='ocr_line' id='line_1_16' title="bbox 313 1573 1397 1664; baseline -0.006 -21"><span class='ocrx_word' id='word_1_121' title='bbox 313 1579 453 1664; x_wconf 89' lang='lat' dir='ltr'><strong>conspi&#39;ci</strong></span> <span class='ocrx_word' id='word_1_122' title='bbox 467 1599 580 1662; x_wconf 84' lang='lat' dir='ltr'><strong>posse:</strong></span> <span class='ocrx_word' id='word_1_123' title='bbox 604 1576 746 1660; x_wconf 85' lang='lat' dir='ltr'><strong>subjecta</strong></span> <span class='ocrx_word' id='word_1_124' title='bbox 760 1575 860 1638; x_wconf 91' lang='lat' dir='ltr'><strong>oculis</strong></span> <span class='ocrx_word' id='word_1_125' title='bbox 882 1597 920 1638; x_wconf 89' lang='lat' dir='ltr'><strong>ea</strong></span> <span class='ocrx_word' id='word_1_126' title='bbox 941 1576 1028 1638; x_wconf 88' lang='lat' dir='ltr'><strong>haud</strong></span> <span class='ocrx_word' id='word_1_127' title='bbox 1048 1576 1137 1660; x_wconf 88' lang='lat' dir='ltr'><strong>parvi</strong></span> <span class='ocrx_word' id='word_1_128' title='bbox 1160 1575 1221 1638; x_wconf 92' lang='lat' dir='ltr'><strong>sibi</strong></span> <span class='ocrx_word' id='word_1_129' title='bbox 1243 1573 1397 1638; x_wconf 83' lang='lat' dir='ltr'><strong>momenti</strong></span> 
     </span>
     <span class='ocr_line' id='line_1_17' title="bbox 310 1658 1398 1742; baseline -0.006 -15"><span class='ocrx_word' id='word_1_130' title='bbox 310 1665 418 1728; x_wconf 81' lang='lat' dir='ltr'><strong>futura</strong></span> <span class='ocrx_word' id='word_1_131' title='bbox 431 1662 523 1724; x_wconf 90' lang='lat' dir='ltr'><strong>adeo</strong></span> <span class='ocrx_word' id='word_1_132' title='bbox 547 1660 708 1722; x_wconf 83' lang='lat' dir='ltr'><strong>&#39;tationem</strong></span> <span class='ocrx_word' id='word_1_133' title='bbox 724 1659 861 1722; x_wconf 85' lang='lat' dir='ltr'><strong>Romani</strong></span> <span class='ocrx_word' id='word_1_134' title='bbox 883 1659 967 1723; x_wconf 90' lang='lat' dir='ltr'><strong>belli.</strong></span> <span class='ocrx_word' id='word_1_135' title='bbox 1013 1661 1239 1723; x_wconf 79' lang='lat' dir='ltr'><strong>Percunctatus</strong></span> <span class='ocrx_word' id='word_1_136' title='bbox 1259 1658 1398 1742; x_wconf 85' lang='lat' dir='ltr'><strong>regionis</strong></span> 
     </span>
     <span class='ocr_line' id='line_1_18' title="bbox 310 1683 1399 1832; baseline -0.006 -22"><span class='ocrx_word' id='word_1_137' title='bbox 310 1747 430 1832; x_wconf 88' lang='lat' dir='ltr'><strong>peritos</strong></span> <span class='ocrx_word' id='word_1_138' title='bbox 445 1745 484 1808; x_wconf 94' lang='lat' dir='ltr'><strong>de</strong></span> <span class='ocrx_word' id='word_1_139' title='bbox 499 1683 655 1808; x_wconf 70' lang='lat' dir='ltr'><strong>adicensu</strong></span> <span class='ocrx_word' id='word_1_140' title='bbox 671 1743 788 1822; x_wconf 85' lang='lat' dir='ltr'><strong>Haemi,</strong></span> <span class='ocrx_word' id='word_1_141' title='bbox 802 1765 903 1827; x_wconf 91' lang='lat' dir='ltr'><strong>quum</strong></span> <span class='ocrx_word' id='word_1_142' title='bbox 918 1744 995 1806; x_wconf 88' lang='lat' dir='ltr'><strong>satis</strong></span> <span class='ocrx_word' id='word_1_143' title='bbox 1009 1744 1092 1808; x_wconf 80' lang='lat' dir='ltr'><strong>inter</strong></span> <span class='ocrx_word' id='word_1_144' title='bbox 1106 1765 1215 1807; x_wconf 87' lang='lat' dir='ltr'><strong>omnes</strong></span> <span class='ocrx_word' id='word_1_145' title='bbox 1228 1750 1399 1820; x_wconf 86' lang='lat' dir='ltr'><strong>constaret,</strong></span> 
     </span>
     <span class='ocr_line' id='line_1_19' title="bbox 310 1827 1400 1913; baseline -0.005 -19"><span class='ocrx_word' id='word_1_146' title='bbox 310 1832 393 1894; x_wconf 90' lang='lat' dir='ltr'><strong>viam</strong></span> <span class='ocrx_word' id='word_1_147' title='bbox 415 1829 564 1892; x_wconf 88' lang='lat' dir='ltr'><strong>exercitui</strong></span> <span class='ocrx_word' id='word_1_148' title='bbox 587 1827 707 1892; x_wconf 90' lang='lat' dir='ltr'><strong>nullam</strong></span> <span class='ocrx_word' id='word_1_149' title='bbox 730 1849 809 1906; x_wconf 83' lang='lat' dir='ltr'><strong>erse,</strong></span> <span class='ocrx_word' id='word_1_150' title='bbox 832 1827 943 1913; x_wconf 88' lang='lat' dir='ltr'><strong>paucis</strong></span> <span class='ocrx_word' id='word_1_151' title='bbox 963 1837 996 1892; x_wconf 90' lang='lat' dir='ltr'><strong>ct</strong></span> <span class='ocrx_word' id='word_1_152' title='bbox 1020 1828 1174 1912; x_wconf 85' lang='lat' dir='ltr'><strong>expeditis</strong></span> <span class='ocrx_word' id='word_1_153' title='bbox 1187 1827 1400 1912; x_wconf 78' lang='lat' dir='ltr'><strong>&#39;‘perdifficil-</strong></span> 
     </span>
     <span class='ocr_line' id='line_1_20' title="bbox 310 1911 1400 1996; baseline -0.004 -18"><span class='ocrx_word' id='word_1_154' title='bbox 310 1915 446 1978; x_wconf 89' lang='lat' dir='ltr'><strong>limum⁰</strong></span> <span class='ocrx_word' id='word_1_155' title='bbox 460 1913 593 1991; x_wconf 87' lang='lat' dir='ltr'><strong>aditum,</strong></span> <span class='ocrx_word' id='word_1_156' title='bbox 608 1921 646 1976; x_wconf 92' lang='lat' dir='ltr'><strong>ut</strong></span> <span class='ocrx_word' id='word_1_157' title='bbox 660 1933 804 1976; x_wconf 89' lang='lat' dir='ltr'><strong>sermone</strong></span> <span class='ocrx_word' id='word_1_158' title='bbox 818 1912 962 1976; x_wconf 85' lang='lat' dir='ltr'><strong>familiari</strong></span> <span class='ocrx_word' id='word_1_159' title='bbox 975 1913 1129 1976; x_wconf 88' lang='lat' dir='ltr'><strong>minorem</strong></span> <span class='ocrx_word' id='word_1_160' title='bbox 1144 1912 1244 1976; x_wconf 89' lang='lat' dir='ltr'><strong>filium</strong></span> <span class='ocrx_word' id='word_1_161' title='bbox 1259 1911 1400 1996; x_wconf 91' lang='lat' dir='ltr'><strong>permul-</strong></span> 
     </span>
     <span class='ocr_line' id='line_1_21' title="bbox 311 1995 1400 2084; baseline -0.006 -20"><span class='ocrx_word' id='word_1_162' title='bbox 311 2007 405 2078; x_wconf 90' lang='lat' dir='ltr'><strong>ceret,</strong></span> <span class='ocrx_word' id='word_1_163' title='bbox 420 2019 515 2084; x_wconf 88' lang='lat' dir='ltr'><strong>quem</strong></span> <span class='ocrx_word' id='word_1_164' title='bbox 537 2005 690 2062; x_wconf 85' lang='lat' dir='ltr'><strong>statuerat</strong></span> <span class='ocrx_word' id='word_1_165' title='bbox 713 2019 778 2060; x_wconf 92' lang='lat' dir='ltr'><strong>nou</strong></span> <span class='ocrx_word' id='word_1_166' title='bbox 800 1997 914 2062; x_wconf 88' lang='lat' dir='ltr'><strong>ducere</strong></span> <span class='ocrx_word' id='word_1_167' title='bbox 930 2019 1047 2076; x_wconf 88' lang='lat' dir='ltr'><strong>secum,</strong></span> <span class='ocrx_word' id='word_1_168' title='bbox 1063 1998 1202 2082; x_wconf 90' lang='lat' dir='ltr'><strong>primum</strong></span> <span class='ocrx_word' id='word_1_169' title='bbox 1223 1996 1337 2080; x_wconf 82' lang='lat' dir='ltr'><strong>quaerit</strong></span> <span class='ocrx_word' id='word_1_170' title='bbox 1358 1995 1400 2059; x_wconf 86' lang='lat' dir='ltr'><strong>ab</strong></span> 
     </span>
     <span class='ocr_line' id='line_1_22' title="bbox 312 2084 1402 2167; baseline -0.006 -17"><span class='ocrx_word' id='word_1_171' title='bbox 312 2107 360 2163; x_wconf 87' lang='lat' dir='ltr'><strong>eo,</strong></span> <span class='ocrx_word' id='word_1_172' title='bbox 378 2085 475 2157; x_wconf 63' lang='lat' dir='ltr'><strong>Qum</strong></span> <span class='ocrx_word' id='word_1_173' title='bbox 500 2090 588 2148; x_wconf 81' lang='lat' dir='ltr'><strong>touta</strong></span> <span class='ocrx_word' id='word_1_174' title='bbox 606 2084 769 2167; x_wconf 82' lang='lat' dir='ltr'><strong>difficultas</strong></span> <span class='ocrx_word' id='word_1_175' title='bbox 791 2084 911 2147; x_wconf 67' lang='lat' dir='ltr'><strong>itinere</strong></span> <span class='ocrx_word' id='word_1_176' title='bbox 925 2089 1127 2166; x_wconf 79' lang='lat' dir='ltr'><strong>proponatur,</strong></span> <span class='ocrx_word' id='word_1_177' title='bbox 1141 2088 1243 2144; x_wconf 79' lang='lat' dir='ltr'><strong>atram</strong></span> <span class='ocrx_word' id='word_1_178' title='bbox 1259 2099 1402 2162; x_wconf 84' lang='lat' dir='ltr'><strong>perreve-</strong></span> 
     </span>
     <span class='ocr_line' id='line_1_23' title="bbox 312 2167 1402 2250; baseline -0.005 -17"><span class='ocrx_word' id='word_1_179' title='bbox 312 2170 442 2234; x_wconf 83' lang='lat' dir='ltr'><strong>raudum</strong></span> <span class='ocrx_word' id='word_1_180' title='bbox 464 2171 506 2232; x_wconf 81' lang='lat' dir='ltr'><strong>sit</strong></span> <span class='ocrx_word' id='word_1_181' title='bbox 528 2171 561 2232; x_wconf 84' lang='lat' dir='ltr'><strong>ia</strong></span> <span class='ocrx_word' id='word_1_182' title='bbox 575 2170 703 2250; x_wconf 80' lang='lat' dir='ltr'><strong>incepto,</strong></span> <span class='ocrx_word' id='word_1_183' title='bbox 718 2189 759 2230; x_wconf 84' lang='lat' dir='ltr'><strong>aa</strong></span> <span class='ocrx_word' id='word_1_184' title='bbox 776 2169 1013 2232; x_wconf 80' lang='lat' dir='ltr'><strong>abstinendum?</strong></span> <span class='ocrx_word' id='word_1_185' title='bbox 1056 2169 1092 2230; x_wconf 72' lang='lat' dir='ltr'><strong>sa·</strong></span> <span class='ocrx_word' id='word_1_186' title='bbox 1101 2173 1213 2249; x_wconf 79' lang='lat' dir='ltr'><strong>perpet</strong></span> <span class='ocrx_word' id='word_1_187' title='bbox 1228 2172 1328 2228; x_wconf 82' lang='lat' dir='ltr'><strong>tamea</strong></span> <span class='ocrx_word' id='word_1_188' title='bbox 1342 2167 1402 2243; x_wconf 85' lang='lat' dir='ltr'><strong>ire,</strong></span> 
     </span>
     <span class='ocr_line' id='line_1_24' title="bbox 313 2250 1403 2336; baseline -0.005 -18"><span class='ocrx_word' id='word_1_189' title='bbox 313 2277 373 2318; x_wconf 74' lang='lat' dir='ltr'><strong>reon</strong></span> <span class='ocrx_word' id='word_1_190' title='bbox 392 2275 482 2336; x_wconf 81' lang='lat' dir='ltr'><strong>porse</strong></span> <span class='ocrx_word' id='word_1_191' title='bbox 506 2254 640 2317; x_wconf 67' lang='lat' dir='ltr'><strong>chiniaci</strong></span> <span class='ocrx_word' id='word_1_192' title='bbox 660 2275 694 2316; x_wconf 83' lang='lat' dir='ltr'><strong>se</strong></span> <span class='ocrx_word' id='word_1_193' title='bbox 715 2255 748 2316; x_wconf 82' lang='lat' dir='ltr'><strong>iu</strong></span> <span class='ocrx_word' id='word_1_194' title='bbox 773 2254 884 2316; x_wconf 81' lang='lat' dir='ltr'><strong>talibus</strong></span> <span class='ocrx_word' id='word_1_195' title='bbox 905 2253 994 2316; x_wconf 80' lang='lat' dir='ltr'><strong>rebus</strong></span> <span class='ocrx_word' id='word_1_196' title='bbox 1015 2250 1214 2334; x_wconf 72' lang='lat' dir='ltr'><strong>&#39;‘Antipatri:</strong></span> <span class='ocrx_word' id='word_1_197' title='bbox 1237 2251 1298 2332; x_wconf 76' lang='lat' dir='ltr'><strong>qut,</strong></span> <span class='ocrx_word' id='word_1_198' title='bbox 1320 2270 1403 2313; x_wconf 73' lang='lat' dir='ltr'><strong>saeva</strong></span> 
     </span>
     <span class='ocr_line' id='line_1_25' title="bbox 314 2334 1403 2420; baseline -0.006 -18"><span class='ocrx_word' id='word_1_199' title='bbox 314 2345 489 2420; x_wconf 73' lang='lat' dir='ltr'><strong>tenpestate</strong></span> <span class='ocrx_word' id='word_1_200' title='bbox 494 2339 644 2419; x_wconf 70' lang='lat' dir='ltr'><strong>jactatam,</strong></span> <span class='ocrx_word' id='word_1_201' title='bbox 658 2358 747 2418; x_wconf 68' lang='lat' dir='ltr'><strong>mmm</strong></span> <span class='ocrx_word' id='word_1_202' title='bbox 757 2339 790 2400; x_wconf 82' lang='lat' dir='ltr'><strong>in</strong></span> <span class='ocrx_word' id='word_1_203' title='bbox 801 2339 904 2401; x_wconf 86' lang='lat' dir='ltr'><strong>eudem</strong></span> <span class='ocrx_word' id='word_1_204' title='bbox 913 2357 1098 2400; x_wconf 74' lang='lat' dir='ltr'><strong>accesseram</strong></span> <span class='ocrx_word' id='word_1_205' title='bbox 1109 2357 1179 2399; x_wconf 83' lang='lat' dir='ltr'><strong>euos</strong></span> <span class='ocrx_word' id='word_1_206' title='bbox 1193 2355 1292 2398; x_wconf 79' lang='lat' dir='ltr'><strong>omues</strong></span> <span class='ocrx_word' id='word_1_207' title='bbox 1306 2334 1403 2396; x_wconf 75' lang='grc' dir='ltr'><strong>Ιιαὸιι-</strong></span> 
     </span>
     <span class='ocr_line' id='line_1_26' title="bbox 313 2421 1404 2504; baseline -0.005 -18"><span class='ocrx_word' id='word_1_208' title='bbox 313 2425 397 2501; x_wconf 84' lang='lat' dir='ltr'><strong>isset,</strong></span> <span class='ocrx_word' id='word_1_209' title='bbox 405 2425 587 2504; x_wconf 76' lang='lat' dir='ltr'><strong>precepisse</strong></span> <span class='ocrx_word' id='word_1_210' title='bbox 609 2423 712 2484; x_wconf 81' lang='lat' dir='ltr'><strong>liberis</strong></span> <span class='ocrx_word' id='word_1_211' title='bbox 734 2423 896 2500; x_wconf 81' lang='lat' dir='ltr'><strong>diceretur,</strong></span> <span class='ocrx_word' id='word_1_212' title='bbox 909 2428 944 2484; x_wconf 82' lang='lat' dir='ltr'><strong>ut</strong></span> <span class='ocrx_word' id='word_1_213' title='bbox 959 2428 988 2484; x_wconf 85' lang='lat' dir='ltr'><strong>et</strong></span> <span class='ocrx_word' id='word_1_214' title='bbox 1011 2422 1070 2502; x_wconf 75' lang='lat' dir='ltr'><strong>ipsi</strong></span> <span class='ocrx_word' id='word_1_215' title='bbox 1085 2422 1297 2496; x_wconf 76' lang='lat' dir='ltr'><strong>meniairseat,</strong></span> <span class='ocrx_word' id='word_1_216' title='bbox 1311 2425 1341 2482; x_wconf 82' lang='lat' dir='ltr'><strong>et</strong></span> <span class='ocrx_word' id='word_1_217' title='bbox 1356 2421 1404 2482; x_wconf 71' lang='lat' dir='ltr'><strong>aa</strong></span> 
     </span>
     <span class='ocr_line' id='line_1_27' title="bbox 308 2503 1405 2589; baseline -0.003 -20"><span class='ocrx_word' id='word_1_218' title='bbox 308 2510 442 2589; x_wconf 66' lang='lat' dir='ltr'><strong>posteris</strong></span> <span class='ocrx_word' id='word_1_219' title='bbox 450 2506 627 2586; x_wconf 80' lang='lat' dir='ltr'><strong>proderent,</strong></span> <span class='ocrx_word' id='word_1_220' title='bbox 641 2526 678 2567; x_wconf 83' lang='lat' dir='ltr'><strong>ne</strong></span> <span class='ocrx_word' id='word_1_221' title='bbox 692 2507 759 2586; x_wconf 74' lang='lat' dir='ltr'><strong>pau</strong></span> <span class='ocrx_word' id='word_1_222' title='bbox 772 2525 839 2568; x_wconf 86' lang='lat' dir='ltr'><strong>cum</strong></span> <span class='ocrx_word' id='word_1_223' title='bbox 853 2513 918 2568; x_wconf 80' lang='lat' dir='ltr'><strong>tota</strong></span> <span class='ocrx_word' id='word_1_224' title='bbox 936 2507 1129 2587; x_wconf 74' lang='lat' dir='ltr'><strong>pertissimi</strong></span> <span class='ocrx_word' id='word_1_225' title='bbox 1146 2508 1180 2568; x_wconf 82' lang='lat' dir='ltr'><strong>r&#39;a</strong></span> <span class='ocrx_word' id='word_1_226' title='bbox 1193 2505 1281 2567; x_wconf 80' lang='lat' dir='ltr'><strong>rebus</strong></span> <span class='ocrx_word' id='word_1_227' title='bbox 1303 2503 1405 2566; x_wconf 76' lang='lat' dir='ltr'><strong>dubiis</strong></span> 
     </span>
     <span class='ocr_line' id='line_1_28' title="bbox 309 2589 1407 2672; baseline -0.001 -19"><span class='ocrx_word' id='word_1_228' title='bbox 309 2591 485 2672; x_wconf 69' lang='lat' dir='ltr'><strong>periclitari</strong></span> <span class='ocrx_word' id='word_1_229' title='bbox 500 2589 634 2650; x_wconf 79' lang='lat' dir='ltr'><strong>cuderet.</strong></span> <span class='ocrx_word' id='word_1_230' title='bbox 667 2591 834 2652; x_wconf 87' lang='lat' dir='ltr'><strong>Memorem</strong></span> <span class='ocrx_word' id='word_1_231' title='bbox 848 2610 919 2671; x_wconf 77' lang='lat' dir='ltr'><strong>erpo</strong></span> <span class='ocrx_word' id='word_1_232' title='bbox 933 2611 966 2652; x_wconf 82' lang='lat' dir='ltr'><strong>se</strong></span> <span class='ocrx_word' id='word_1_233' title='bbox 977 2592 1122 2671; x_wconf 82' lang='lat' dir='ltr'><strong>precepti</strong></span> <span class='ocrx_word' id='word_1_234' title='bbox 1136 2589 1209 2670; x_wconf 66' lang='lat' dir='ltr'><strong>ejuq</strong></span> <span class='ocrx_word' id='word_1_235' title='bbox 1224 2589 1299 2652; x_wconf 84' lang='lat' dir='ltr'><strong>duos</strong></span> <span class='ocrx_word' id='word_1_236' title='bbox 1311 2589 1407 2652; x_wconf 63' lang='lat' dir='ltr'><strong>emm</strong></span> 
     </span>
     <span class='ocr_line' id='line_1_29' title="bbox 307 2673 1402 2756; baseline 0 -21"><span class='ocrx_word' id='word_1_237' title='bbox 307 2675 394 2755; x_wconf 82' lang='lat' dir='ltr'><strong>filios</strong></span> <span class='ocrx_word' id='word_1_238' title='bbox 408 2693 467 2734; x_wconf 81' lang='lat' dir='ltr'><strong>aon</strong></span> <span class='ocrx_word' id='word_1_239' title='bbox 481 2673 707 2734; x_wconf 67' lang='lat' dir='ltr'><strong>commutarem</strong></span> <span class='ocrx_word' id='word_1_240' title='bbox 728 2673 762 2734; x_wconf 84' lang='lat' dir='ltr'><strong>ia</strong></span> <span class='ocrx_word' id='word_1_241' title='bbox 779 2675 878 2736; x_wconf 81' lang='lat' dir='ltr'><strong>aleam</strong></span> <span class='ocrx_word' id='word_1_242' title='bbox 898 2674 972 2754; x_wconf 68' lang='lat' dir='ltr'><strong>ejuq</strong></span> <span class='ocrx_word' id='word_1_243' title='bbox 987 2677 1039 2756; x_wconf 82' lang='lat' dir='ltr'><strong>qui</strong></span> <span class='ocrx_word' id='word_1_244' title='bbox 1045 2679 1278 2756; x_wconf 80' lang='lat' dir='ltr'><strong>proponeretur,</strong></span> <span class='ocrx_word' id='word_1_245' title='bbox 1293 2692 1402 2745; x_wconf 79' lang='lat' dir='ltr'><strong>cusae,-</strong></span> 
     </span>
     <span class='ocr_line' id='line_1_30' title="bbox 315 2755 1405 2838; baseline -0.001 -18"><span class='ocrx_word' id='word_1_246' title='bbox 315 2765 355 2834; x_wconf 83' lang='lat' dir='ltr'><strong>et,</strong></span> <span class='ocrx_word' id='word_1_247' title='bbox 370 2757 511 2838; x_wconf 82' lang='lat' dir='ltr'><strong>quonium</strong></span> <span class='ocrx_word' id='word_1_248' title='bbox 526 2755 669 2836; x_wconf 54' lang='lat' dir='ltr'><strong>mearent</strong></span> <span class='ocrx_word' id='word_1_249' title='bbox 676 2755 779 2836; x_wconf 80' lang='lat' dir='ltr'><strong>filium</strong></span> <span class='ocrx_word' id='word_1_250' title='bbox 792 2777 892 2820; x_wconf 78' lang='lat' dir='ltr'><strong>secum</strong></span> <span class='ocrx_word' id='word_1_251' title='bbox 906 2759 1039 2836; x_wconf 83' lang='lat' dir='ltr'><strong>duceret,</strong></span> <span class='ocrx_word' id='word_1_252' title='bbox 1054 2761 1198 2822; x_wconf 74' lang='lat' dir='ltr'><strong>minoren</strong></span> <span class='ocrx_word' id='word_1_253' title='bbox 1212 2758 1255 2820; x_wconf 83' lang='lat' dir='ltr'><strong>ad</strong></span> <span class='ocrx_word' id='word_1_254' title='bbox 1266 2755 1405 2820; x_wconf 66' lang='lat' dir='ltr'><strong>subdditi</strong></span> 
     </span>
     <span class='ocr_line' id='line_1_31' title="bbox 315 2840 1405 2924; baseline 0 -20"><span class='ocrx_word' id='word_1_255' title='bbox 315 2843 379 2924; x_wconf 79' lang='lat' dir='ltr'><strong>spei</strong></span> <span class='ocrx_word' id='word_1_256' title='bbox 393 2847 422 2904; x_wconf 85' lang='lat' dir='ltr'><strong>et</strong></span> <span class='ocrx_word' id='word_1_257' title='bbox 438 2841 606 2904; x_wconf 72' lang='lat' dir='ltr'><strong>notoriam</strong></span> <span class='ocrx_word' id='word_1_258' title='bbox 620 2843 706 2922; x_wconf 73' lang='lat' dir='ltr'><strong>repat</strong></span> <span class='ocrx_word' id='word_1_259' title='bbox 720 2843 915 2906; x_wconf 71' lang='lat' dir='ltr'><strong>remissiorem</strong></span> <span class='ocrx_word' id='word_1_260' title='bbox 929 2844 962 2905; x_wconf 82' lang='lat' dir='ltr'><strong>in</strong></span> <span class='ocrx_word' id='word_1_261' title='bbox 975 2844 1190 2906; x_wconf 80' lang='lat' dir='ltr'><strong>Macedoniam</strong></span> <span class='ocrx_word' id='word_1_262' title='bbox 1203 2863 1275 2906; x_wconf 79' lang='lat' dir='ltr'><strong>esee.</strong></span> <span class='ocrx_word' id='word_1_263' title='bbox 1327 2840 1405 2904; x_wconf 92' lang='lat' dir='ltr'><strong>Nou</strong></span> 
     </span>
     <span class='ocr_line' id='line_1_32' title="bbox 316 2924 1405 3009; baseline -0.004 -17"><span class='ocrx_word' id='word_1_264' title='bbox 316 2925 446 2992; x_wconf 78' lang='lat' dir='ltr'><strong>fallebat</strong></span> <span class='ocrx_word' id='word_1_265' title='bbox 461 2924 671 3004; x_wconf 84' lang='lat' dir='ltr'><strong>Demetrium,</strong></span> <span class='ocrx_word' id='word_1_266' title='bbox 687 2925 755 2988; x_wconf 90' lang='lat' dir='ltr'><strong>able</strong></span> <span class='ocrx_word' id='word_1_267' title='bbox 814 2927 821 2940; x_wconf 88' lang='lat'>&#39;</span> <span class='ocrx_word' id='word_1_268' title='bbox 838 2947 882 3005; x_wconf 86' lang='lat' dir='ltr'><strong>se,</strong></span> <span class='ocrx_word' id='word_1_269' title='bbox 896 2948 936 2990; x_wconf 85' lang='lat' dir='ltr'><strong>ne</strong></span> <span class='ocrx_word' id='word_1_270' title='bbox 951 2927 1075 2990; x_wconf 86' lang='lat' dir='ltr'><strong>adesset</strong></span> <span class='ocrx_word' id='word_1_271' title='bbox 1096 2926 1236 3004; x_wconf 89' lang='lat' dir='ltr'><strong>consilio,</strong></span> <span class='ocrx_word' id='word_1_272' title='bbox 1250 2946 1352 3009; x_wconf 90' lang='lat' dir='ltr'><strong>quum</strong></span> <span class='ocrx_word' id='word_1_273' title='bbox 1369 2924 1405 2988; x_wconf 88' lang='lat' dir='ltr'><strong>in</strong></span> 
     </span>
     <span class='ocr_line' id='line_1_33' title="bbox 317 3009 1405 3096; baseline -0.002 -20"><span class='ocrx_word' id='word_1_274' title='bbox 317 3019 492 3096; x_wconf 89' lang='lat' dir='ltr'><strong>conspectu</strong></span> <span class='ocrx_word' id='word_1_275' title='bbox 506 3009 648 3074; x_wconf 90' lang='lat' dir='ltr'><strong>locorum</strong></span> <span class='ocrx_word' id='word_1_276' title='bbox 664 3032 741 3074; x_wconf 90' lang='lat' dir='ltr'><strong>cons</strong></span> <span class='ocrx_word' id='word_1_277' title='bbox 776 3019 866 3090; x_wconf 86' lang='lat' dir='ltr'><strong>taret,</strong></span> <span class='ocrx_word' id='word_1_278' title='bbox 882 3022 968 3094; x_wconf 64' lang='lat' dir='ltr'><strong>quat</strong></span> <span class='ocrx_word' id='word_1_279' title='bbox 982 3012 1124 3096; x_wconf 87' lang='lat' dir='ltr'><strong>proxime</strong></span> <span class='ocrx_word' id='word_1_280' title='bbox 1139 3011 1251 3074; x_wconf 89' lang='lat' dir='ltr'><strong>itinera</strong></span> <span class='ocrx_word' id='word_1_281' title='bbox 1263 3010 1304 3072; x_wconf 94' lang='lat' dir='ltr'><strong>ad</strong></span> <span class='ocrx_word' id='word_1_282' title='bbox 1317 3031 1405 3074; x_wconf 86' lang='lat' dir='ltr'><strong>mare</strong></span> 
     </span>
     <span class='ocr_line' id='line_1_34' title="bbox 318 3095 1406 3180; baseline 0 -22"><span class='ocrx_word' id='word_1_283' title='bbox 318 3095 541 3158; x_wconf 87' lang='lat' dir='ltr'><strong>Hadriaticum</strong></span> <span class='ocrx_word' id='word_1_284' title='bbox 556 3103 651 3177; x_wconf 86' lang='lat' dir='ltr'><strong>atque</strong></span> <span class='ocrx_word' id='word_1_285' title='bbox 668 3095 792 3158; x_wconf 89' lang='lat' dir='ltr'><strong>Italiam</strong></span> <span class='ocrx_word' id='word_1_286' title='bbox 807 3096 968 3171; x_wconf 86' lang='lat' dir='ltr'><strong>ducerent,</strong></span> <span class='ocrx_word' id='word_1_287' title='bbox 985 3117 1119 3180; x_wconf 84' lang='lat' dir='ltr'><strong>quaeque</strong></span> <span class='ocrx_word' id='word_1_288' title='bbox 1132 3095 1207 3160; x_wconf 90' lang='lat' dir='ltr'><strong>belli</strong></span> <span class='ocrx_word' id='word_1_289' title='bbox 1219 3095 1299 3158; x_wconf 83' lang='lat' dir='ltr'><strong>ratio</strong></span> <span class='ocrx_word' id='word_1_290' title='bbox 1320 3103 1406 3158; x_wconf 89' lang='lat' dir='ltr'><strong>esset</strong></span> 
     </span>
     <span class='ocr_line' id='line_1_35' title="bbox 316 3179 1406 3264; baseline -0.001 -22"><span class='ocrx_word' id='word_1_291' title='bbox 316 3179 433 3242; x_wconf 81' lang='lat' dir='ltr'><strong>futura.</strong></span> <span class='ocrx_word' id='word_1_292' title='bbox 458 3179 514 3242; x_wconf 90' lang='lat' dir='ltr'><strong>sed</strong></span> <span class='ocrx_word' id='word_1_293' title='bbox 535 3200 600 3242; x_wconf 91' lang='lat' dir='ltr'><strong>nou</strong></span> <span class='ocrx_word' id='word_1_294' title='bbox 617 3179 720 3242; x_wconf 91' lang='lat' dir='ltr'><strong>solum</strong></span> <span class='ocrx_word' id='word_1_295' title='bbox 735 3181 910 3264; x_wconf 85' lang='lat' dir='ltr'><strong>parendum</strong></span> <span class='ocrx_word' id='word_1_296' title='bbox 923 3181 1006 3264; x_wconf 87' lang='lat' dir='ltr'><strong>patri</strong></span> <span class='ocrx_word' id='word_1_297' title='bbox 1021 3189 1101 3259; x_wconf 91' lang='lat' dir='ltr'><strong>turn,</strong></span> <span class='ocrx_word' id='word_1_298' title='bbox 1112 3181 1168 3243; x_wconf 85' lang='lat' dir='ltr'><strong>sed</strong></span> <span class='ocrx_word' id='word_1_299' title='bbox 1183 3179 1277 3242; x_wconf 87' lang='lat' dir='ltr'><strong>etiam</strong></span> <span class='ocrx_word' id='word_1_300' title='bbox 1292 3179 1406 3242; x_wconf 88' lang='lat' dir='ltr'><strong>adsen-</strong></span> 
     </span>
     <span class='ocr_line' id='line_1_36' title="bbox 316 3261 1405 3349; baseline 0.001 -25"><span class='ocrx_word' id='word_1_301' title='bbox 316 3261 460 3325; x_wconf 91' lang='lat' dir='ltr'><strong>tiendum</strong></span> <span class='ocrx_word' id='word_1_302' title='bbox 488 3269 564 3339; x_wconf 86' lang='lat' dir='ltr'><strong>erat,</strong></span> <span class='ocrx_word' id='word_1_303' title='bbox 587 3283 627 3324; x_wconf 90' lang='lat' dir='ltr'><strong>ne</strong></span> <span class='ocrx_word' id='word_1_304' title='bbox 650 3262 786 3326; x_wconf 90' lang='lat' dir='ltr'><strong>invitum</strong></span> <span class='ocrx_word' id='word_1_305' title='bbox 817 3285 925 3349; x_wconf 90' lang='lat' dir='ltr'><strong>parere</strong></span> <span class='ocrx_word' id='word_1_306' title='bbox 952 3264 1164 3349; x_wconf 90' lang='lat' dir='ltr'><strong>suspicionem</strong></span> <span class='ocrx_word' id='word_1_307' title='bbox 1188 3265 1312 3326; x_wconf 83' lang='lat' dir='ltr'><strong>faceret.</strong></span> <span class='ocrx_word' id='word_1_308' title='bbox 1357 3262 1405 3325; x_wconf 90' lang='lat' dir='ltr'><strong>Ut</strong></span> 
     </span>
     <span class='ocr_line' id='line_1_37' title="bbox 316 3344 1406 3432; baseline 0 -23"><span class='ocrx_word' id='word_1_309' title='bbox 316 3354 423 3409; x_wconf 86' lang='lat' dir='ltr'><strong>tamen</strong></span> <span class='ocrx_word' id='word_1_310' title='bbox 438 3346 497 3408; x_wconf 90' lang='lat' dir='ltr'><strong>iter</strong></span> <span class='ocrx_word' id='word_1_311' title='bbox 520 3344 548 3408; x_wconf 93' lang='lat' dir='ltr'><strong>ei</strong></span> <span class='ocrx_word' id='word_1_312' title='bbox 573 3352 681 3408; x_wconf 89' lang='lat' dir='ltr'><strong>tutum</strong></span> <span class='ocrx_word' id='word_1_313' title='bbox 705 3347 739 3409; x_wconf 90' lang='lat' dir='ltr'><strong>in</strong></span> <span class='ocrx_word' id='word_1_314' title='bbox 762 3348 983 3412; x_wconf 90' lang='lat' dir='ltr'><strong>Macedoniam</strong></span> <span class='ocrx_word' id='word_1_315' title='bbox 1005 3357 1097 3427; x_wconf 88' lang='lat' dir='ltr'><strong>esset,</strong></span> <span class='ocrx_word' id='word_1_316' title='bbox 1110 3349 1221 3426; x_wconf 90' lang='lat' dir='ltr'><strong>Didas,</strong></span> <span class='ocrx_word' id='word_1_317' title='bbox 1236 3369 1275 3411; x_wconf 85' lang='lat' dir='ltr'><strong>ex</strong></span> <span class='ocrx_word' id='word_1_318' title='bbox 1289 3355 1406 3432; x_wconf 77' lang='lat' dir='ltr'><strong>praeto-</strong></span> 
     </span>
     <span class='ocr_line' id='line_1_38' title="bbox 316 3429 1407 3530; baseline 0 -37"><span class='ocrx_word' id='word_1_319' title='bbox 316 3430 405 3494; x_wconf 90' lang='lat' dir='ltr'><strong>ribus</strong></span> <span class='ocrx_word' id='word_1_320' title='bbox 429 3429 523 3514; x_wconf 86' lang='lat' dir='ltr'><strong>regiis</strong></span> <span class='ocrx_word' id='word_1_321' title='bbox 542 3451 637 3508; x_wconf 90' lang='lat' dir='ltr'><strong>unus,</strong></span> <span class='ocrx_word' id='word_1_322' title='bbox 652 3431 708 3515; x_wconf 93' lang='lat' dir='ltr'><strong>qui</strong></span> <span class='ocrx_word' id='word_1_323' title='bbox 728 3432 864 3495; x_wconf 76' lang='lat' dir='ltr'><strong>Paeoniae</strong></span> <span class='ocrx_word' id='word_1_324' title='bbox 887 3441 1031 3517; x_wconf 87' lang='lat' dir='ltr'><strong>praeerat,</strong></span> <span class='ocrx_word' id='word_1_325' title='bbox 1048 3433 1160 3518; x_wconf 88' lang='lat' dir='ltr'><strong>jussus</strong></span> <span class='ocrx_word' id='word_1_326' title='bbox 1183 3440 1232 3494; x_wconf 88' lang='lat' dir='ltr'><strong>est</strong></span> <span class='ocrx_word' id='word_1_327' title='bbox 1255 3430 1407 3530; x_wconf 88' lang='lat' dir='ltr'><strong>prosequi</strong></span> 
     </span>
     <span class='ocr_line' id='line_1_39' title="bbox 317 3514 1408 3600; baseline 0.002 -24"><span class='ocrx_word' id='word_1_328' title='bbox 317 3535 390 3577; x_wconf 90' lang='lat' dir='ltr'><strong>eum</strong></span> <span class='ocrx_word' id='word_1_329' title='bbox 405 3535 478 3578; x_wconf 92' lang='lat' dir='ltr'><strong>cum</strong></span> <span class='ocrx_word' id='word_1_330' title='bbox 493 3514 617 3578; x_wconf 91' lang='lat' dir='ltr'><strong>modico</strong></span> <span class='ocrx_word' id='word_1_331' title='bbox 631 3515 788 3600; x_wconf 87' lang='lat' dir='ltr'><strong>praesidio.</strong></span> <span class='ocrx_word' id='word_1_332' title='bbox 834 3517 932 3580; x_wconf 90' lang='lat' dir='ltr'><strong>Hune</strong></span> <span class='ocrx_word' id='word_1_333' title='bbox 947 3539 1073 3600; x_wconf 92' lang='lat' dir='ltr'><strong>quoque</strong></span> <span class='ocrx_word' id='word_1_334' title='bbox 1089 3517 1232 3595; x_wconf 88' lang='lat' dir='ltr'><strong>Perseus,</strong></span> <span class='ocrx_word' id='word_1_335' title='bbox 1246 3524 1328 3578; x_wconf 77' lang='lat' dir='ltr'><strong>sicut</strong></span> <span class='ocrx_word' id='word_1_336' title='bbox 1339 3515 1408 3598; x_wconf 89' lang='lat' dir='ltr'><strong>ple-</strong></span> 
     </span>
     <span class='ocr_line' id='line_1_40' title="bbox 316 3599 1407 3684; baseline 0 -22"><span class='ocrx_word' id='word_1_337' title='bbox 316 3620 431 3682; x_wconf 90' lang='lat' dir='ltr'><strong>rosque</strong></span> <span class='ocrx_word' id='word_1_338' title='bbox 446 3599 546 3684; x_wconf 87' lang='lat' dir='ltr'><strong>patris</strong></span> <span class='ocrx_word' id='word_1_339' title='bbox 565 3599 748 3680; x_wconf 90' lang='lat' dir='ltr'><strong>amicorum,</strong></span> <span class='ocrx_word' id='word_1_340' title='bbox 761 3621 800 3663; x_wconf 85' lang='lat' dir='ltr'><strong>ex</strong></span> <span class='ocrx_word' id='word_1_341' title='bbox 822 3622 886 3684; x_wconf 94' lang='lat' dir='ltr'><strong>quo</strong></span> <span class='ocrx_word' id='word_1_342' title='bbox 901 3601 987 3664; x_wconf 85' lang='lat' dir='ltr'><strong>haud</strong></span> <span class='ocrx_word' id='word_1_343' title='bbox 1011 3600 1145 3664; x_wconf 88' lang='lat' dir='ltr'><strong>dubium</strong></span> <span class='ocrx_word' id='word_1_344' title='bbox 1168 3600 1219 3664; x_wconf 92' lang='lat' dir='ltr'><strong>cui</strong></span> <span class='ocrx_word' id='word_1_345' title='bbox 1241 3621 1315 3662; x_wconf 88' lang='lat' dir='ltr'><strong>uam</strong></span> <span class='ocrx_word' id='word_1_346' title='bbox 1336 3621 1407 3664; x_wconf 90' lang='lat' dir='ltr'><strong>esse</strong></span> 
     </span>
     <span class='ocr_line' id='line_1_41' title="bbox 318 3684 1409 3770; baseline 0.002 -24"><span class='ocrx_word' id='word_1_347' title='bbox 318 3694 467 3768; x_wconf 88' lang='lat' dir='ltr'><strong>coeperat,</strong></span> <span class='ocrx_word' id='word_1_348' title='bbox 481 3685 523 3748; x_wconf 87' lang='lat' dir='ltr'><strong>ad</strong></span> <span class='ocrx_word' id='word_1_349' title='bbox 542 3707 647 3770; x_wconf 91' lang='lat' dir='ltr'><strong>quem,</strong></span> <span class='ocrx_word' id='word_1_350' title='bbox 661 3685 706 3748; x_wconf 90' lang='lat' dir='ltr'><strong>ita</strong></span> <span class='ocrx_word' id='word_1_351' title='bbox 727 3684 876 3748; x_wconf 89' lang='lat' dir='ltr'><strong>inclinato</strong></span> <span class='ocrx_word' id='word_1_352' title='bbox 897 3685 980 3770; x_wconf 87' lang='lat' dir='ltr'><strong>regis</strong></span> <span class='ocrx_word' id='word_1_353' title='bbox 1003 3684 1118 3763; x_wconf 88' lang='lat' dir='ltr'><strong>animo,</strong></span> <span class='ocrx_word' id='word_1_354' title='bbox 1134 3686 1218 3748; x_wconf 84' lang='lat' dir='ltr'><strong>haere</strong></span> <span class='ocrx_word' id='word_1_355' title='bbox 1242 3685 1299 3748; x_wconf 80' lang='lat' dir='ltr'><strong>&#39;tas</strong></span> <span class='ocrx_word' id='word_1_356' title='bbox 1316 3685 1409 3770; x_wconf 75' lang='lat' dir='ltr'><strong>regui</strong></span> 
     </span>
    </p>
   </div>
   <div class='ocr_carea' id='block_1_5' title="bbox 536 3808 1213 3870">
    <p class='ocr_par' dir='ltr' id='par_1_5' title="bbox 536 3808 1213 3870">
     <span class='ocr_line' id='line_1_42' title="bbox 536 3808 1213 3870; baseline 0.012 -17"><span class='ocrx_word' id='word_1_357' title='bbox 536 3813 550 3841; x_wconf 86' lang='lat'><strong>⁰</strong></span> <span class='ocrx_word' id='word_1_358' title='bbox 557 3823 600 3870; x_wconf 80' lang='lat' dir='ltr'><strong>per</strong></span> <span class='ocrx_word' id='word_1_359' title='bbox 610 3811 765 3868; x_wconf 66' lang='lat' dir='ltr'><strong>difficillimam</strong></span> <span class='ocrx_word' id='word_1_360' title='bbox 777 3809 849 3854; x_wconf 83' lang='lat' dir='ltr'><strong>Grou.</strong></span> <span class='ocrx_word' id='word_1_361' title='bbox 862 3809 931 3856; x_wconf 77' lang='lat' dir='ltr'><strong>Creu.</strong></span> <span class='ocrx_word' id='word_1_362' title='bbox 1060 3814 1136 3870; x_wconf 74' lang='lat' dir='ltr'><strong>Pquae</strong></span> <span class='ocrx_word' id='word_1_363' title='bbox 1148 3808 1213 3856; x_wconf 64' lang='lat' dir='ltr'><strong>End·</strong></span> 
     </span>
    </p>
   </div>
   <div class='ocr_carea' id='block_1_6' title="bbox 154 3917 1411 4362">
    <p class='ocr_par' dir='ltr' id='par_1_6' title="bbox 154 3917 1409 4108">
     <span class='ocr_line' id='line_1_43' title="bbox 155 3917 1408 3982; baseline 0.001 -17"><span class='ocrx_word' id='word_1_364' title='bbox 155 3925 227 3966; x_wconf 74' lang='lat' dir='ltr'><strong>totum</strong></span> <span class='ocrx_word' id='word_1_365' title='bbox 239 3919 317 3964; x_wconf 79' lang='lat' dir='ltr'><strong>autern</strong></span> <span class='ocrx_word' id='word_1_366' title='bbox 329 3917 417 3978; x_wconf 71' lang='lat' dir='ltr'><strong>agitrre</strong></span> <span class='ocrx_word' id='word_1_367' title='bbox 435 3927 512 3978; x_wconf 82' lang='lat' dir='ltr'><strong>posset</strong></span> <span class='ocrx_word' id='word_1_368' title='bbox 530 3920 650 3980; x_wconf 81' lang='lat' dir='ltr'><strong>suspicari,</strong></span> <span class='ocrx_word' id='word_1_369' title='bbox 663 3920 763 3967; x_wconf 81' lang='lat' dir='ltr'><strong>inscium</strong></span> <span class='ocrx_word' id='word_1_370' title='bbox 831 3919 861 3972; x_wconf 78' lang='lat'><strong>7⁵</strong></span> <span class='ocrx_word' id='word_1_371' title='bbox 879 3917 1025 3982; x_wconf 73' lang='lat' dir='ltr'><strong>&#39;ArttgoatJ</strong></span> <span class='ocrx_word' id='word_1_372' title='bbox 1045 3919 1189 3980; x_wconf 74' lang='lat' dir='ltr'><strong>Antigonum</strong></span> <span class='ocrx_word' id='word_1_373' title='bbox 1207 3921 1240 3966; x_wconf 78' lang='lat' dir='ltr'><strong>ric</strong></span> <span class='ocrx_word' id='word_1_374' title='bbox 1254 3920 1318 3966; x_wconf 88' lang='lat' dir='ltr'><strong>nude</strong></span> <span class='ocrx_word' id='word_1_375' title='bbox 1330 3921 1408 3966; x_wconf 83' lang='lat' dir='ltr'><strong>nomi-</strong></span> 
     </span>
     <span class='ocr_line' id='line_1_44' title="bbox 154 3983 1408 4044; baseline 0.002 -15"><span class='ocrx_word' id='word_1_376' title='bbox 154 3983 235 4036; x_wconf 80' lang='lat' dir='ltr'><strong>suiue,</strong></span> <span class='ocrx_word' id='word_1_377' title='bbox 253 3989 407 4043; x_wconf 68' lang='lat' dir='ltr'><strong>preterquam</strong></span> <span class='ocrx_word' id='word_1_378' title='bbox 429 3991 542 4041; x_wconf 79' lang='lat' dir='ltr'><strong>quantum</strong></span> <span class='ocrx_word' id='word_1_379' title='bbox 562 3997 591 4028; x_wconf 83' lang='lat' dir='ltr'><strong>er</strong></span> <span class='ocrx_word' id='word_1_380' title='bbox 609 3985 696 4030; x_wconf 82' lang='lat' dir='ltr'><strong>sceiere</strong></span> <span class='ocrx_word' id='word_1_381' title='bbox 715 3983 762 4030; x_wconf 78' lang='lat' dir='ltr'><strong>ire·</strong></span> <span class='ocrx_word' id='word_1_382' title='bbox 798 3991 882 4030; x_wconf 83' lang='lat' dir='ltr'><strong>natum</strong></span> <span class='ocrx_word' id='word_1_383' title='bbox 894 3983 1048 4042; x_wconf 73' lang='lat' dir='ltr'><strong>intelligimur</strong></span> <span class='ocrx_word' id='word_1_384' title='bbox 1065 3985 1180 4044; x_wconf 86' lang='lat' dir='ltr'><strong>inclytum</strong></span> <span class='ocrx_word' id='word_1_385' title='bbox 1198 3983 1264 4029; x_wconf 80' lang='lat' dir='ltr'><strong>illum</strong></span> <span class='ocrx_word' id='word_1_386' title='bbox 1279 3985 1408 4032; x_wconf 78' lang='lat' dir='ltr'><strong>Alexandri</strong></span> 
     </span>
     <span class='ocr_line' id='line_1_45' title="bbox 156 4045 1409 4108; baseline 0.002 -16"><span class='ocrx_word' id='word_1_387' title='bbox 156 4056 230 4094; x_wconf 68' lang='lat' dir='ltr'><strong>terna</strong></span> <span class='ocrx_word' id='word_1_388' title='bbox 241 4045 394 4092; x_wconf 78' lang='lat' dir='ltr'><strong>accusationis</strong></span> <span class='ocrx_word' id='word_1_389' title='bbox 406 4045 533 4105; x_wconf 75' lang='lat' dir='ltr'><strong>colligeret.</strong></span> <span class='ocrx_word' id='word_1_390' title='bbox 799 4048 883 4093; x_wconf 85' lang='lat' dir='ltr'><strong>ducem</strong></span> <span class='ocrx_word' id='word_1_391' title='bbox 904 4048 944 4106; x_wconf 85' lang='lat' dir='ltr'><strong>qui</strong></span> <span class='ocrx_word' id='word_1_392' title='bbox 963 4048 1089 4094; x_wconf 73' lang='lat' dir='ltr'><strong>maximam</strong></span> <span class='ocrx_word' id='word_1_393' title='bbox 1111 4055 1196 4108; x_wconf 67' lang='lat' dir='ltr'><strong>prater</strong></span> <span class='ocrx_word' id='word_1_394' title='bbox 1218 4055 1307 4094; x_wconf 79' lang='lat' dir='ltr'><strong>eeteros</strong></span> <span class='ocrx_word' id='word_1_395' title='bbox 1326 4061 1409 4095; x_wconf 80' lang='lat' dir='ltr'><strong>omues</strong></span> 
     </span>
    </p>

    <p class='ocr_par' dir='ltr' id='par_1_7' title="bbox 156 4105 1411 4235">
     <span class='ocr_line' id='line_1_46' title="bbox 188 4105 1409 4171; baseline -0.001 -13"><span class='ocrx_word' id='word_1_396' title='bbox 188 4111 220 4166; x_wconf 82' lang='lat'><strong>7³</strong></span> <span class='ocrx_word' id='word_1_397' title='bbox 237 4105 348 4170; x_wconf 75' lang='lat' dir='ltr'><strong>&#39;Scribil</strong></span> <span class='ocrx_word' id='word_1_398' title='bbox 372 4107 472 4156; x_wconf 74' lang='lat' dir='ltr'><strong>Litteras</strong></span> <span class='ocrx_word' id='word_1_399' title='bbox 491 4123 505 4155; x_wconf 82' lang='grc' dir='ltr'>ι</span> <span class='ocrx_word' id='word_1_400' title='bbox 526 4109 647 4167; x_wconf 78' lang='lat' dir='ltr'><strong>Romanis,</strong></span> <span class='ocrx_word' id='word_1_401' title='bbox 667 4111 764 4170; x_wconf 79' lang='lat' dir='ltr'><strong>quibus·</strong></span> <span class='ocrx_word' id='word_1_402' title='bbox 799 4109 1046 4171; x_wconf 82' lang='lat' dir='ltr'><strong>potentiamsdeptus,</strong></span> <span class='ocrx_word' id='word_1_403' title='bbox 1062 4111 1086 4156; x_wconf 90' lang='lat' dir='ltr'><strong>iu</strong></span> <span class='ocrx_word' id='word_1_404' title='bbox 1103 4125 1183 4170; x_wconf 72' lang='lat' dir='ltr'><strong>pugna</strong></span> <span class='ocrx_word' id='word_1_405' title='bbox 1200 4111 1324 4170; x_wconf 77' lang='lat' dir='ltr'><strong>adipsum</strong></span> <span class='ocrx_word' id='word_1_406' title='bbox 1343 4119 1409 4157; x_wconf 85' lang='lat' dir='ltr'><strong>octo-</strong></span> 
     </span>
     <span class='ocr_line' id='line_1_47' title="bbox 156 4173 1411 4235; baseline 0.001 -15"><span class='ocrx_word' id='word_1_407' title='bbox 156 4175 242 4220; x_wconf 87' lang='lat' dir='ltr'><strong>cumei</strong></span> <span class='ocrx_word' id='word_1_408' title='bbox 255 4174 467 4220; x_wconf 78' lang='lat' dir='ltr'><strong>consuetudoerat.</strong></span> <span class='ocrx_word' id='word_1_409' title='bbox 795 4173 905 4233; x_wconf 72' lang='lat' dir='ltr'><strong>genutius</strong></span> <span class='ocrx_word' id='word_1_410' title='bbox 923 4173 1021 4229; x_wconf 87' lang='lat' dir='ltr'><strong>cecidit;</strong></span> <span class='ocrx_word' id='word_1_411' title='bbox 1038 4176 1103 4234; x_wconf 83' lang='lat' dir='ltr'><strong>eujus</strong></span> <span class='ocrx_word' id='word_1_412' title='bbox 1125 4175 1211 4235; x_wconf 81' lang='lat' dir='ltr'><strong>posteri</strong></span> <span class='ocrx_word' id='word_1_413' title='bbox 1228 4175 1252 4220; x_wconf 90' lang='lat' dir='ltr'><strong>in</strong></span> <span class='ocrx_word' id='word_1_414' title='bbox 1270 4175 1411 4222; x_wconf 76' lang='lat' dir='ltr'><strong>Macedouis</strong></span> 
     </span>
    </p>

    <p class='ocr_par' dir='ltr' id='par_1_8' title="bbox 158 4231 1411 4362">
     <span class='ocr_line' id='line_1_48' title="bbox 189 4231 1409 4299; baseline 0.001 -16"><span class='ocrx_word' id='word_1_415' title='bbox 189 4237 220 4292; x_wconf 77' lang='grc'><strong>74</strong></span> <span class='ocrx_word' id='word_1_416' title='bbox 238 4239 283 4285; x_wconf 83' lang='lat' dir='ltr'><strong>Per</strong></span> <span class='ocrx_word' id='word_1_417' title='bbox 304 4239 459 4297; x_wconf 68' lang='lat' dir='ltr'><strong>difficillimus·</strong></span> <span class='ocrx_word' id='word_1_418' title='bbox 487 4231 586 4297; x_wconf 80' lang='lat' dir='ltr'><strong>editum]</strong></span> <span class='ocrx_word' id='word_1_419' title='bbox 622 4236 684 4296; x_wconf 78' lang='lat' dir='ltr'><strong>Lege</strong></span> <span class='ocrx_word' id='word_1_420' title='bbox 711 4251 764 4283; x_wconf 86' lang='lat' dir='ltr'><strong>cum</strong></span> <span class='ocrx_word' id='word_1_421' title='bbox 799 4245 942 4296; x_wconf 78' lang='lat' dir='ltr'><strong>regnarunt;</strong></span> <span class='ocrx_word' id='word_1_422' title='bbox 960 4253 1029 4298; x_wconf 88' lang='lat' dir='ltr'><strong>quem</strong></span> <span class='ocrx_word' id='word_1_423' title='bbox 1046 4237 1085 4284; x_wconf 87' lang='lat' dir='ltr'><strong>hie</strong></span> <span class='ocrx_word' id='word_1_424' title='bbox 1103 4237 1201 4299; x_wconf 86' lang='lat' dir='ltr'><strong>proinde</strong></span> <span class='ocrx_word' id='word_1_425' title='bbox 1214 4237 1337 4298; x_wconf 78' lang='lat' dir='ltr'><strong>Philippus</strong></span> <span class='ocrx_word' id='word_1_426' title='bbox 1352 4253 1409 4284; x_wconf 79' lang='lat' dir='ltr'><strong>auc·</strong></span> 
     </span>
     <span class='ocr_line' id='line_1_49' title="bbox 158 4297 1411 4362; baseline 0.004 -17"><span class='ocrx_word' id='word_1_427' title='bbox 158 4301 283 4356; x_wconf 82' lang='lat' dir='ltr'><strong>Gronovio,</strong></span> <span class='ocrx_word' id='word_1_428' title='bbox 295 4317 336 4362; x_wconf 79' lang='lat' dir='ltr'><strong>per</strong></span> <span class='ocrx_word' id='word_1_429' title='bbox 347 4301 486 4360; x_wconf 57' lang='lat' dir='ltr'><strong>difficillima</strong></span> <span class='ocrx_word' id='word_1_430' title='bbox 505 4297 612 4346; x_wconf 79' lang='lat' dir='ltr'><strong>&#39;Sensus</strong></span> <span class='ocrx_word' id='word_1_431' title='bbox 623 4309 667 4352; x_wconf 83' lang='lat' dir='ltr'><strong>eat,</strong></span> <span class='ocrx_word' id='word_1_432' title='bbox 679 4314 764 4360; x_wconf 80' lang='lat' dir='ltr'><strong>paucos</strong></span> <span class='ocrx_word' id='word_1_433' title='bbox 797 4309 871 4346; x_wconf 82' lang='lat' dir='ltr'><strong>torem</strong></span> <span class='ocrx_word' id='word_1_434' title='bbox 889 4301 981 4360; x_wconf 75' lang='lat' dir='ltr'><strong>generis</strong></span> <span class='ocrx_word' id='word_1_435' title='bbox 1000 4301 1035 4349; x_wconf 87' lang='lat' dir='ltr'><strong>sui</strong></span> <span class='ocrx_word' id='word_1_436' title='bbox 1053 4316 1107 4348; x_wconf 88' lang='lat' dir='ltr'><strong>eum</strong></span> <span class='ocrx_word' id='word_1_437' title='bbox 1126 4302 1195 4348; x_wconf 78' lang='lat' dir='ltr'><strong>trude</strong></span> <span class='ocrx_word' id='word_1_438' title='bbox 1214 4309 1238 4348; x_wconf 83' lang='lat' dir='ltr'><strong>et</strong></span> <span class='ocrx_word' id='word_1_439' title='bbox 1257 4302 1411 4354; x_wconf 78' lang='lat' dir='ltr'><strong>veneratione</strong></span> 
     </span>
    </p>
   </div>
   <div class='ocr_carea' id='block_1_7' title="bbox 157 4363 912 4474">
    <p class='ocr_par' dir='ltr' id='par_1_9' title="bbox 157 4363 912 4474">
     <span class='ocr_line' id='line_1_50' title="bbox 157 4363 912 4426; baseline 0.005 -18"><span class='ocrx_word' id='word_1_440' title='bbox 157 4372 181 4408; x_wconf 82' lang='lat' dir='ltr'><strong>et</strong></span> <span class='ocrx_word' id='word_1_441' title='bbox 192 4365 312 4422; x_wconf 79' lang='lat' dir='ltr'><strong>expeditos</strong></span> <span class='ocrx_word' id='word_1_442' title='bbox 330 4365 485 4413; x_wconf 77' lang='lat' dir='ltr'><strong>concredere</strong></span> <span class='ocrx_word' id='word_1_443' title='bbox 505 4378 580 4426; x_wconf 84' lang='lat' dir='ltr'><strong>posse,</strong></span> <span class='ocrx_word' id='word_1_444' title='bbox 597 4365 637 4412; x_wconf 81' lang='lat' dir='ltr'><strong>sed</strong></span> <span class='ocrx_word' id='word_1_445' title='bbox 655 4379 697 4424; x_wconf 85' lang='lat' dir='ltr'><strong>per</strong></span> <span class='ocrx_word' id='word_1_446' title='bbox 715 4363 765 4410; x_wconf 78' lang='lat' dir='ltr'><strong>locs</strong></span> <span class='ocrx_word' id='word_1_447' title='bbox 798 4365 912 4412; x_wconf 77' lang='lat' dir='ltr'><strong>nominat.</strong></span> 
     </span>
     <span class='ocr_line' id='line_1_51' title="bbox 158 4427 300 4474; baseline 0.021 -2"><span class='ocrx_word' id='word_1_448' title='bbox 158 4427 300 4474; x_wconf 79' lang='lat' dir='ltr'><strong>difficillima.</strong></span> 
     </span>
    </p>
   </div>
   <div class='ocr_carea' id='block_1_8' title="bbox 0 0 1582 4982">
    <p class='ocr_par' dir='ltr' id='par_1_10' title="bbox 0 0 1582 4982">
     <span class='ocr_line' id='line_1_52' title="bbox 0 0 1582 4982; baseline 0 0"><span class='ocrx_word' id='word_1_449' title='bbox 0 0 1582 4982; x_wconf 95' lang='lat' dir='ltr'><strong> </strong></span> 
     </span>
    </p>
   </div>
  </div>
 </body>
</html>
