3094 4954
339 293 430 357 LIB.
453 287 636 356 XXXVII.
666 289 763 352 CAP.
785 289 951 354 XXXIX.
1292 294 1355 356 113

105 463 161 527 que
174 441 333 526 regiorum
344 461 461 524 magno
474 447 592 502 terrore
607 459 643 500 ac
657 437 799 500 tumultu
812 437 975 502 advenere.
1010 437 1191 522 ’aliquanto
1205 455 1233 501 u.
1247 455 1272 501 c.
1283 455 1336 502 sea.

104 526 272 612 pauciores,
295 525 352 622 qui
373 525 407 587 in
430 523 565 586 statione
586 529 686 598 eraut,
710 522 775 584 duo
794 530 920 584 tumene
938 522 1036 585 millia
1050 545 1108 608 per
1122 545 1155 587 sc
1166 529 1190 606 ⁶,
1204 520 1232 564 Α·
1245 519 1270 565 ⁰·
1285 519 1335 567 ¹⁰⁰·

105 611 187 674 nullo
201 616 431 672 smunrmento
444 615 619 670 castrorum
634 606 733 669 milite
748 614 887 685 avocato,
900 615 933 669 et
970 607 1048 670 rimo
1060 630 1189 691 aequum

104 695 245 780 pnelium
256 694 445 770 sustinuere,
455 699 497 768 et,
507 698 666 754 crescente
677 690 856 768 certamine,
866 712 907 775 pe
930 629 1059 754 ulemnt
1071 693 1189 774 hostes,

105 789 227 842 centum
241 799 281 840 ex
295 778 345 840 his
360 777 482 853 occisis,
497 782 626 838 centum
642 775 738 837 ferme
753 774 865 860 captis.
907 713 970 840 l’er
983 777 1188 859 quatriduum

104 863 268 946 insequens
282 863 448 925 instructis
462 859 622 942 utrimque
637 857 717 920 acies
736 879 795 943 pro
809 858 891 922 vallo
915 867 1038 923 stetere.
1075 865 1187 946 quinto

105 948 151 1010 die
173 947 310 1010 Romani
331 964 512 1031 processere
536 943 570 1006 in
591 943 732 1006 medium
755 943 867 1090 Ἥί.
910 945 1088 1008 Antiochus
1108 949 1188 1013 nihil

104 1031 257 1116 promovit
272 1030 373 1114 signa,
387 1029 432 1092 ita
449 1037 487 1091 ut
505 1026 636 1093 extremi
653 1026 760 1090 minus
813 1027 820 1041 '
846 1048 863 1090 e
880 1029 977 1113 pedes
999 1030 1111 1096 avallo
1130 1034 1186 1098 ab·

103 1123 214 1179 essent.

142 1199 308 1264 XXXIX.
331 1197 463 1275 Consul,
477 1203 646 1281 postquam
659 1195 825 1262 detrectari
839 1205 996 1262 certamen
1010 1199 1099 1280 vidit,
1112 1224 1186 1286 pos-

102 1293 167 1347 tero
180 1283 231 1346 die
246 1282 280 1345 in
295 1281 463 1346 consilium
481 1280 655 1358 advocavit,
679 1282 761 1354 Quid
779 1282 839 1344 sibi
853 1280 1030 1360 faciendum
1051 1293 1137 1364 esset,
1158 1290 1186 1350 st

101 1369 269 1432 Antiochus
275 1367 437 1448 meandi
451 1367 568 1447 copiam
582 1365 797 1445 confeceret?
837 1367 959 1429 Instare
973 1369 1106 1432 latacen.
1132 1378 1187 1434 out

100 1452 154 1516 ssd
160 1451 293 1534 pellibus
306 1451 458 1514 habendos
469 1451 581 1514 milites
592 1449 675 1530 fore,
696 1455 759 1526 ont,
778 1451 807 1512 ei
830 1451 991 1514 concedere
1013 1455 1046 1515 tn
1061 1454 1187 1518 hiberna

101 1538 216 1614 oedou,
231 1535 431 1617 dffereadson
443 1555 507 1598 esse
518 1537 551 1598 ia
564 1540 699 1598 esteten
719 1535 835 1598 bellum.
879 1534 1015 1598 Nullum
1034 1558 1186 1622 umquam

101 1621 223 1684 hostem
238 1619 375 1683 Romani
393 1640 483 1702 reque
507 1626 752 1682 contemserunt.
789 1618 1020 1683 conclamatum
1045 1623 1186 1707 undique

99 1713 157 1784 est,
171 1705 293 1768 duce-ct
307 1705 465 1785 eetesaplc,
476 1709 506 1767 et
515 1709 652 1766 uteretur
662 1703 773 1766 ardore
785 1704 933 1766 militum:
948 1704 1013 1788 qui,
1023 1713 1185 1791 tamquam

98 1811 162 1854 non
176 1789 386 1874 pugnandum
400 1809 475 1850 cum
488 1795 538 1850 tot
550 1787 691 1850 millibus
706 1787 856 1866 hostium,
878 1788 934 1852 sed
956 1811 1015 1874 par
1033 1813 1185 1854 numerus

96 1895 248 1962 pecorum
261 1872 469 1936 trucidandus
483 1879 576 1950 esset,
592 1893 650 1956 per
667 1871 778 1949 fossas,
800 1893 858 1956 per
871 1873 988 1936 vallum
1012 1884 1114 1940 castro
1137 1875 1185 1939 in·

96 1959 209 2024 vadere
231 1958 332 2042 parati
354 1964 454 2034 erant,
477 1955 504 2018 si
526 1955 560 2018 in
580 1955 729 2041 proelium
747 1956 847 2020 hostis
862 1979 926 2020 non
941 1959 1048 2023 exiret.
1092 1959 1184 2024 ¹⁰Cn.

97 2042 271 2120 Domitius,
294 2041 334 2105 ad
356 2041 586 2126 explorandum
610 2039 679 2120 iter,
704 2047 737 2104 et
760 2061 824 2124 qua
846 2049 935 2125 parte
964 2043 1042 2107 adiri
1066 2043 1184 2107 vallum

96 2126 239 2189 hostium
253 2134 371 2211 posset,
384 2124 512 2203 missus,
525 2132 696 2210 postquam
708 2125 815 2188 omnia
829 2133 913 2188 certa
927 2127 1044 2206 retulit,
1057 2136 1186 2211 postero

95 2211 148 2276 die
163 2211 298 2308 propius
311 2217 411 2272 caetra
423 2209 601 2308 admoveri·
613 2209 744 2308 placuit.
780 2209 873 2272 tertio
886 2209 978 2292 signa
995 2210 1027 2273 in
1045 2211 1186 2307 medium

95 2294 659 2464 tttffithtfflstt
676 2300 866 2440 &tt-tt
886 2293 1187 2442 ..ltffitltltt

95 2463 303 2528 detrectando
316 2471 483 2543 certamen,
497 2471 530 2527 et
542 2463 684 2528 hostium
699 2483 788 2547 spem
802 2469 940 2546 augeret,
954 2471 986 2526 et
997 2463 1064 2548 ipse
1080 2485 1117 2527 co
1140 2464 1186 2527 ias
1200 2475 1268 2524 aaa

94 2547 210 2613 eduxit
218 2573 228 2627 ;
250 2549 271 2580 ¹¹
280 2557 403 2614 tantum
418 2569 604 2633 progressus
619 2547 656 2612 a‘
668 2547 788 2625 castris,
802 2555 839 2610 ut
855 2546 1076 2612 dimicatumm
1090 2487 1186 2636 adpa-
1199 2543 1317 2618 ΜΨ

93 2641 191 2698 reret.
236 2633 379 2698 Romana
392 2633 474 2697 acies
488 2633 584 2696 unius
597 2653 696 2717 prope
710 2632 819 2696 formae
834 2631 905 2710 fuit,
926 2640 958 2696 et
972 2633 1138 2698 hominum
1153 2643 1186 2698 et
1197 2606 1327 2652 ¹¹¹⁸¹¹⁸¹¹¹⁰¹⁸

94 2739 256 2782 armorum
270 2739 395 2803 genere.
433 2719 455 2750 ¹¹
465 2718 538 2782 duoe
562 2717 701 2802 legiones
725 2718 888 2795 Romsnae,
909 2718 981 2782 duee
1005 2718 1125 2782 socitlm
1148 2741 1185 2784 ao
1198 2737 1312 2783 nomana.

93 2802 205 2866 Latini
229 2803 367 2868 nominis
392 2811 501 2866 erante
524 2802 621 2900 quina
637 2801 737 2867 millia
753 2809 786 2865 et
804 2801 1036 2900 quadringenos
1052 2803 1185 2889 singulas

93 2886 268 2952 habebant
311 2887 447 2952 Romani
461 2887 598 2952 mediam
612 2885 721 2964 aciem,
743 2905 862 2950 cornus
876 2885 983 2949 Latmi
997 2895 1185 2954 tenueruntr

92 2973 295 3036 hastatorum
332 2971 413 3036 rima
425 2971 526 3056 signa,
540 2970 654 3034 deinde
667 2970 850 3069 principum
864 2977 971 3033 erant:
993 2969 1092 3032 triarii
1113 2991 1188 3054 pos-

91 3065 217 3124 nemos
231 2993 429 3124 claudebant.
472 3057 573 3123 Extra
587 3055 669 3118 hanc
681 3055 778 3120 velutr
787 3057 909 3139 juetam
930 3053 1039 3132 aciem,
1059 3075 1079 3117 a
1098 3062 1189 3139 parte

92 3141 227 3204 dextera
248 3139 361 3204 consul
385 3140 577 3204 Achaeorum
601 3139 737 3203 carnatis
758 3138 909 3204 inmixtos
932 3137 1096 3202 auxiliares
1120 3139 1188 3204 Eu-

90 3223 210 3303 menis,
238 3225 300 3288 tria
320 3223 419 3288 millia
444 3225 540 3288 ferme
563 3223 718 3309 peditum,
742 3232 867 3307 aequata
891 3224 993 3290 fronte
1018 3223 1186 3292 instmxit:

91 3309 182 3372 ultra
195 3330 250 3372 eos
265 3309 409 3392 equitum
423 3309 529 3372 minus
544 3309 604 3372 tria
618 3307 716 3372 millia
730 3307 898 3392 obposuit3
919 3325 958 3370 ex
980 3308 1096 3392 quibus
1120 3309 1187 3371 Eu-

90 3393 200 3458 menis
223 3393 409 3478 octingenti,
433 3393 574 3477 reliquus
596 3393 699 3456 omnis
726 3393 885 3476 equitatus
913 3392 1076 3458 Βοιιιιιιιιιι
1102 3401 1186 3458 erat:

316 3585 323 3600 .
345 3605 347 3608 ,
501 3547 642 3614 doltqaaato
650 3553 907 3618 pcaetmstsstottm
917 3559 989 3608 eram,
1002 3559 1024 3600 et
1034 3557 1107 3606 terrea
1115 3567 1158 3616 per
1168 3569 1191 3606 se

373 3618 508 3666 'educert
518 3624 595 3665 castro
606 3615 683 3664 Bekk.
810 3611 842 3662 fe
854 3615 928 3666 tiron.

123 3769 289 3828 Mimante
304 3767 471 3828 puetoresqet
489 3769 513 3812 ta
527 3768 624 3814 statim
635 3771 710 3818 erant.
744 3779 789 3812 nus
804 3765 866 3812 vices
886 3779 939 3816 sues
963 3767 1028 3814 obire
1047 3769 1110 3827 apud
1131 3765 1227 3816 fratrem
1248 3771 1352 3830 jusserat

88 3827 423 3890 ὀιοιωιιιὲῠίιιμηι]
442 3831 510 3876 liene
524 3830 647 3876 lectionem
663 3829 711 3879 ele·
743 3843 844 3888 eumque
866 3829 963 3879 coneilio
986 3832 1077 3889 Jurere,
1100 3831 1157 3878 dum
1177 3833 1228 3892 ipse
1252 3835 1351 3887 abesset.

87 3895 259 3956 pesinimsm
276 3894 380 3954 protecto
394 3893 490 3940 exhibet
502 3893 560 3942 Vict-
573 3895 654 3950 coder,
665 3893 710 3940 nisi
743 3893 842 3940 testibus
860 3893 921 3940 l'lut
940 3893 964 3939 in
977 3893 1151 3955 Apophthegm.
1166 3904 1190 3942 et
1200 3895 1311 3958 Appisno
1326 3897 1352 3943 in

88 3959 158 4019 qnod
229 3957 275 4004 tert
291 3953 331 4014 ιη’,
351 3957 376 4004 id
394 3965 437 4012 en.
456 3963 537 4013 um,
557 3971 599 4016 pro
616 3963 709 4004 testeae.
743 3957 795 4016 Syr.

88 4023 140 4069 Sed
159 4037 178 4068 r
209 4029 299 4068 easts-
318 4020 473 4082 preferebant
491 4021 548 4068 editi
568 4029 622 4066 sate
641 4021 712 4066 Gele·
779 4017 804 4066 ll
829 4019 923 4066 Teutam
938 4035 1069 4082 progressos
1084 4039 1100 4070 e
1116 4025 1242 4079 castrinat
1256 4023 1352 4069 dimm-

88 4087 171 4140 nismr,
189 4086 241 4145 ipso
260 4093 326 4134 teste.
360 4085 392 4131 Et
410 4084 449 4130 elii
469 4098 562 4144 quoque
582 4085 648 4130 MSS.
661 4084 711 4130 leo.
744 4089 819 4130 taraus
837 4082 970 4146 oypcreret]
997 4086 1050 4132 Non
1072 4087 1164 4146 longius
1187 4099 1353 4146 progressuss

88 4151 218 4196 Gronosio
231 4149 352 4194 memorati
365 4163 448 4208 perum
459 4149 547 4194 abeunt
558 4149 588 4194 sb
599 4161 628 4194 es
638 4147 713 4206 scrip·
744 4147 833 4202 eastris,
844 4162 915 4206 quern
934 4157 1048 4207 quantum
1066 4165 1159 4197 necesse
1174 4159 1233 4206 eret,
1244 4157 1270 4194 ut
1281 4148 1352 4194 dimi·

88 4222 234 4272 eunqssm
247 4223 447 4272 representamus.
481 4211 594 4262 Gelenius
611 4211 714 4257 eamin-
743 4219 989 4271 catorumappsreret.
1018 4214 1173 4261 Gronoviane
1183 4213 1298 4258 editiones
1309 4211 1352 4258 he·

87 4287 276 4335 veneratqusrn
296 4285 376 4335 postes
395 4275 495 4321 editores
515 4275 588 4322 securi
605 4273 712 4322 fuerant:
744 4274 934 4321 henteeostrs's:
951 4277 1070 4322 mendose.

86 4341 223 4402 Aliquem
233 4341 353 4400 pactores
368 4341 502 4388 instatere
520 4344 593 4394 ercet,
604 4346 627 4386 et
638 4345 714 4386 temes
778 4337 809 4385 12
825 4333 1271 4416 Daategs'caesltonomefflaaesoettm]
1290 4337 1353 4398 hege

83 4419 221 4515 ,elren
240 4462 365 4527 Desstttss]
386 4465 455 4512 Hune
472 4463 604 4512 Domitium
622 4464 712 4512 arnes-
745 4401 1241 4526 lih'mahoiodiiilirsii‘dohnrsilnihiddhm
1252 4403 1282 4448 'd
1293 4404 1355 4450 κιο·

183 4545 267 4592 vola.
283 4547 339 4590 111.
1155 4547 1167 4592 1
