3108 4982
383 1237 648 1320 EPITOME
690 1236 848 1320 LIBRI
887 1237 976 1321 XL.

135 1627 267 1702 QUUM
296 1629 459 1710 Philippus
489 1626 622 1690 'liberos
651 1645 764 1704 eorum,
793 1647 867 1709 quos
894 1627 1057 1707 occiderat,
1087 1631 1226 1712 conquiri

131 1713 250 1778 obsideo
259 1713 414 1794 jssssisset,
435 1713 605 1790 lbeocmuu,
619 1732 680 1793 pra
696 1712 799 1774 liberis
812 1713 876 1775 suis
890 1719 920 1776 et
932 1715 1049 1776 sororis
1064 1715 1226 1779 admodum

123 1800 231 1880 puer-is
243 1800 341 1862 uerita
352 1799 435 1880 repis
445 1797 609 1874 libidinem,
618 1798 754 1877 prolatis
764 1799 796 1860 in
807 1797 936 1860 medium
943 1799 1059 1880 pladiis
1069 1805 1099 1862 et
1103 1803 1225 1882 pocula,

129 1885 162 1946 in
185 1905 242 1966 quo
265 1889 334 1946 erut
357 1902 511 1960 uenenum,
534 1883 633 1944 suasit
650 1882 700 1960 iis,
722 1888 757 1944 ut
776 1883 925 1946 inminens
944 1883 1107 1948 ludibrium
1129 1893 1225 1949 morte

128 1969 315 2050 effisperent:
339 1967 421 2049 quod
440 1987 530 2048 quum
546 1967 761 2050 permunisset,
783 1968 851 2048 ipsu
865 1989 897 2030 se
912 1988 979 2032 cum
995 1970 1062 2032 uiro
1076 1991 1093 2032 e
1107 1973 1178 2033 novi
1193 1973 1225 2034 iu

128 2074 213 2115 mare
222 2053 441 2134 precipitavit.
486 2051 662 2114 certamino
682 2053 763 2114 inter
776 2053 914 2134 Philippi
932 2053 1122 2118 Macedonio
1143 2057 1225 2138 repis

129 2139 239 2200 liberos
260 2137 375 2200 Persen
397 2143 426 2199 et
450 2137 640 2199 Demetrium
660 2135 857 2216 reseruntur:
881 2143 910 2200 et
930 2142 964 2198 ut
980 2136 1097 2217 fraude
1107 2139 1225 2220 fratris

127 2223 179 2284 sui
193 2222 368 2284 Demetrius
380 2219 514 2302 condetis
528 2221 714 2298 criminibus,
735 2222 817 2283 inter
837 2241 902 2302 quc
919 2224 1110 2286 ucmaatione
1116 2226 1225 2304 purri-

128 2307 206 2369 cidii
229 2311 260 2368 et
281 2303 427 2385 adsectati
448 2307 544 2388 repni,
562 2307 698 2388 primum
710 2306 838 2386 petitus,
858 2305 902 2368 ud
919 2307 1068 2385 ultimum,
1083 2309 1225 2388 quoniam

124 2391 232 2473 populi
254 2391 386 2454 Romani
414 2392 530 2454 omnm
558 2395 637 2468 erut,
665 2409 776 2453 aecem
803 2396 927 2454 necotm
956 2395 1021 2465 est,·
1043 2411 1225 2474 repnumque

128 2475 320 2538 Macedonio
343 2481 461 2539 mortuo
483 2477 626 2558 Pbitippo
650 2475 694 2538 od
714 2475 831 2539 Persen
853 2475 981 2538 deuenit.
1024 2477 1103 2540 Item
1121 2497 1172 2540 res
1191 2479 1225 2541 in

129 2560 295 2641 Liguribus
309 2566 338 2623 et
351 2561 384 2623 in
398 2561 550 2642 Hispania
560 2565 668 2624 contra
682 2560 874 2624 Celtiberoso
886 2561 1225 2642 compluribusseliciter

126 2650 233 2726 pestus
247 2647 385 2708 continet.
413 2645 503 2708 Libri
518 2645 626 2708 Numa
639 2645 786 2726 Pompilii
799 2646 833 2709 in
847 2665 922 2728 apro
936 2645 974 2710 L.
987 2647 1104 2710 Petillii
1118 2647 1225 2711 scsibc

128 2729 186 2792 cub
206 2729 346 2794 laniculo
367 2751 388 2792 o
410 2729 575 2792 cuboribue
590 2730 669 2812 apri,
684 2732 717 2794 in
730 2751 806 2794 arcu
821 2731 942 2812 lapideo
957 2733 1063 2811 clausi,
1076 2739 1107 2796 et
1124 2734 1224 2797 Greci

128 2821 158 2877 et
181 2813 298 2892 Latini,
318 2815 432 2877 iscumti
452 2821 543 2888 eunt;
565 2816 599 2877 in
620 2815 728 2896 quibus
748 2836 838 2896 ouum
853 2817 959 2897 plura,
982 2837 1047 2898 qua
1060 2817 1223 2882 dissoluen-

128 2899 238 2961 dorum
251 2899 440 2980 relipiouum,
448 2905 578 2980 praetor,
592 2899 636 2962 ad
648 2919 734 2981 mem
745 2899 840 2962 delati
851 2907 950 2978 munt,
964 2903 1094 2983 lepissct,
1100 2903 1223 2983 juravit

127 2984 257 3062 seruului,
272 2991 379 3048 contra
393 2983 608 3065 rempublicam
622 3005 695 3062 csse,
715 2989 750 3048 ut
765 2986 936 3068 leperentur
949 2993 1199 3068 immemorque
1211 3015 1221 3050 .-

128 3073 159 3130 et
173 3088 213 3130 eu
226 3071 482 3132 seuutuscmssulto
497 3070 530 3132 in
546 3069 674 3132 Comitio
694 3071 795 3132 emisti
814 3074 894 3132 sunt.
941 3069 1065 3132 Colonia
1080 3072 1223 3152 Aquileia

129 3153 258 3216 deductu
273 3159 328 3216 eet.
359 3153 529 3235 Philippus,
544 3154 723 3236 apritudine
736 3155 831 3217 animi
845 3151 1006 3234 condectus,
1021 3155 1103 3236 quod
1113 3157 1222 3220 Deme-

128 3239 222 3300 trium
236 3237 349 3318 silium,
364 3237 460 3318 fulcis
484 3239 591 3302 Persei
613 3239 740 3302 alteritus
756 3239 822 3321 filii
848 3239 1048 3302 delationibus
1074 3241 1221 3322 inpulsus,

127 3343 240 3386 venem
260 3323 440 3402 sustulisset,
461 3329 490 3386 et
514 3324 551 3388 de
566 3343 658 3405 pana
671 3325 779 3388 Persei
792 3325 947 3407 copitooit,
966 3326 1115 3407 ualuitque
1128 3327 1221 3390 Anti-

124 3427 246 3592 iili
255 3413 525 3574 mm
538 3429 849 3576 malim
871 3412 1220 3577 {tntillum

127 3583 218 3660 ειμι.

160 3727 172 3775 1
192 3727 288 3774 liberos
305 3741 380 3775 emm
397 3743 452 3790 quoe
470 3730 494 3775 tn
511 3729 606 3776 otum&
625 3729 738 3775 mblltset-
772 3728 895 3774 verborum
915 3735 1031 3773 structum
1061 3730 1165 3792 legitima
1192 3733 1230 3784 cit.
1271 3737 1382 3800 Βοςὶωιιι

126 3807 212 3840 m
229 3793 342 3840 misum
360 3791 469 3916 tuom}
488 3793 628 3840 Dubimmus
643 3792 739 3864 sin-hec
770 3792 915 3840 mbiltecinos
926 3792 1030 3840 iunctm.
