3108 4982
413 373 420 385 =
532 337 620 402 LIB.
643 338 716 404 XL.
747 339 844 404 cAP.
868 341 910 405 X.

1333 348 1397 409 253

130 489 241 552 tudine
255 493 370 551 natura
381 489 449 568 ipssa
462 487 594 566 subjicit,
609 493 643 551 ut
658 489 820 568 homimum,
831 510 905 571 assos
915 510 1075 572 numquam
1089 491 1231 569 uiderim,
1246 509 1274 556 υ.
1285 511 1311 556 c.
1324 511 1379 565 cro.

121 574 225 654 fidem
240 580 343 636 tarsen
356 573 521 653 inplorent)
538 575 612 634 milii
627 593 752 655 quoqae,
759 573 883 654 serrum
896 577 930 637 in
943 595 990 638 me
1011 577 1152 638 strictum
1166 595 1231 638 cer-
1245 575 1272 620 ¹⁴·
1285 575 1311 621 0·
1327 575 1379 622 ¹8²·

129 661 229 736 nenti,
243 678 345 721 vocem
359 658 480 719 mittere
494 657 606 729 liceat,·
622 678 683 738 per
698 665 737 734 te,
745 660 942 740 patriumque
951 680 1067 738 nomm,
1078 661 1160 741 qnod
1166 662 1231 722 utri

130 743 272 806 nostram
286 743 423 804 sanctius
435 742 488 818 sil,
493 741 564 820 jum
571 742 695 822 pridem
711 744 815 821 sentis,
837 745 883 806 ita
905 765 953 806 me
975 745 1094 821 audias,
1110 763 1230 822 precor,

132 833 291 908 tumueram
305 828 343 903 si,
357 845 429 889 ooce
442 831 473 888 et
487 828 722 907 comploratione
735 833 885 890 nocturna
905 830 1033 906 eucitus,
1048 829 1121 890 milii
1134 831 1230 910 quim-

134 913 218 974 tanti
231 911 451 987 interveniam,
466 911 655 973 Demetrium
669 931 736 973 cum
751 913 880 975 cernatis
893 919 980 976 nocte
998 914 1177 994 intempesto
1196 915 1230 976 in

134 995 280 1058 curuato
303 1015 368 1058 meo
390 995 644 1075 deprehendisses.
677 995 762 1078 quod
775 1002 839 1058 tum
858 996 1044 1078 vociferarer
1057 999 1091 1060 in
1105 1017 1139 1060 re
1145 1017 1229 1078 pru-

133 1083 214 1143 seats'
222 1079 366 1162 pavidus,
380 1081 438 1142 lsoc
451 1099 531 1142 nunc
538 1085 663 1160 postero
672 1080 722 1142 die
736 1101 855 1161 queror.
877 1083 998 1159 Frater,
1013 1103 1074 1145 non
1089 1083 1111 1114 '⁴
1122 1084 1228 1145 menis-

134 1167 270 1228 santium
284 1165 317 1226 in
330 1165 425 1226 vicem
430 1163 501 1244 jam
514 1164 568 1226 diu
582 1165 710 1226 uiuimus
724 1167 805 1227 inter
818 1185 882 1229 noe.
903 1187 1032 1248 repnare
1045 1169 1148 1248 utique
1161 1169 1227 1232 viss

134 1251 206 1312 nuic
219 1251 284 1330 spei
299 1255 358 1312 tue
372 1248 473 1311 obstat
480 1253 556 1311 etas
567 1269 644 1326 mea,
656 1249 755 1312 obstat
764 1250 899 1331 pontium
903 1251 969 1330 jus,
981 1251 1080 1313 obstat
1094 1257 1228 1315 vetustus

135 1335 326 1396 Macedonis
334 1353 407 1409 neos,
416 1333 515 1396 obstat
528 1353 598 1396 uero
608 1333 972 1414 etiampatrisjucliciam.
996 1335 1125 1398 '‘Huck
1141 1342 1227 1400 tran-

135 1419 287 1496 scendere,
301 1419 362 1481 nisi
370 1437 431 1498 per
442 1438 540 1480 meum
552 1419 738 1499 sarspcsinem,
751 1439 810 1481 non
818 1425 917 1500 potes.
945 1421 1045 1482 omnia
1058 1421 1176 1482 moliris
1197 1427 1226 1484 et

138 1509 247 1566 tentas.
273 1503 372 1565 asum
384 1523 438 1565 seu
453 1522 528 1565 cara
542 1523 619 1579 mea,
633 1523 686 1565 seu
699 1501 839 1582 fortuna,
853 1505 968 1566 restitit
975 1505 1150 1585 parricidio
1165 1511 1226 1570 tuo.

139 1585 305 1650 Hestema¹
320 1587 369 1650 die
392 1589 427 1650 in
450 1588 639 1664 lustratione,
654 1593 684 1650 et
708 1587 846 1665 decursu,
870 1594 900 1652 et
924 1589 1087 1652 simulacro
1109 1589 1226 1654 ludicro

130 1691 253 1752 pupna,
270 1669 427 1752 fimestum
442 1691 542 1753 prope
555 1671 832 1752 proeliumsecisti:
856 1693 911 1736 nec
925 1693 972 1736 me
984 1673 1072 1736 aliud
1090 1693 1110 1736 u
1130 1681 1227 1738 morte

136 1756 311 1834 vindicavit,
326 1777 417 1837 qisam
431 1755 512 1838 quod
523 1777 571 1818 me
585 1777 623 1819 ac
635 1777 715 1820 oscos
728 1758 810 1820 vinci
817 1778 931 1838 passus
944 1777 1020 1822 sum.
1057 1758 1108 1822 Ab
1122 1761 1226 1823 hostili

129 1839 558 1922 proelio,tamquamfraterno
572 1841 649 1918 lusu,
658 1844 841 1922 pertrahere
853 1863 901 1906 ose
914 1843 958 1906 acl
966 1863 1081 1906 coersam
1093 1845 1224 1907 uoluisti.

138 1927 255 2004 Credis,
270 1947 327 2002 me,
336 1931 440 2006 pater,
455 1926 536 1988 ister
548 1927 677 1988 inermes
698 1928 837 1990 conuiuas
859 1935 1046 1991 cenaturum
1059 1927 1169 2010 fluisse,
1184 1931 1228 1992 ad

135 2031 223 2092 cumn
245 2012 360 2073 aromati
384 2012 577 2074 comissatum
603 2013 772 2074 venerunt?
802 2012 902 2075 credis
933 2011 1082 2076 ’‘nilsilo
1110 2015 1226 2096 plactiis

135 2101 223 2158 nocte
241 2096 411 2175 periculum
422 2093 564 2175 finissem,
588 2115 675 2176 quem
698 2096 857 2174 mitur,
880 2103 910 2159 te
923 2098 1118 2178 inspectante,
1128 2119 1226 2179 prope

137 2179 339 2242 occiderunt?
383 2179 464 2252 Quiri
486 2181 542 2242 lsoc
564 2181 670 2258 noctis,
691 2180 765 2262 qnid
781 2181 921 2243 inimicus
942 2181 986 2243 ad
1006 2181 1131 2259 iratum,
1153 2183 1228 2264 quid

137 2261 305 2344 eumsemo
318 2263 646 2345 suicisctisjnoenibus
660 2265 769 2327 amne?
815 2265 977 2328 Corwiuam
999 2285 1047 2327 me
1068 2266 1124 2328 tibi
1147 2287 1225 2329 oons-

135 2349 259 2412 mitlere
272 2368 365 2411 assem
378 2369 436 2412 non
447 2370 515 2412 sum
522 2376 532 2422 ,·
557 2351 781 2412 comissatorem
796 2355 905 2412 tecum
919 2351 1048 2412 armastis
1062 2351 1226 2414 uersientem

135 2435 308 2514 recipiam?
351 2433 387 2496 Si
410 2440 518 2514 aperta
530 2434 632 2514 janua
647 2431 770 2515 fismset,
787 2433 885 2516 fisnsss
902 2453 1000 2497 meam
1016 2454 1150 2515 parares
1171 2437 1228 2498 lsoe

137 2523 280 2598 tempore,
288 2524 391 2600 pater,
407 2539 464 2600 quo
479 2525 649 2600 metuam
662 2519 761 2581 auam.
792 2519 883 2582 Nihil
894 2541 958 2602 epo,
973 2525 1127 2601 tamquam
1138 2541 1227 2583 acceo

136 2607 234 2679 sator,
249 2605 407 2666 minsinose
420 2601 440 2634 '⁷
451 2623 505 2666 nec
525 2603 617 2666 clabia
639 2605 825 2686 arpumentis
845 2605 1010 2688 collipendo
1034 2625 1101 2687 apo.
1148 2607 1230 2678 Quid

137 2687 245 2750 euim?
264 2694 353 2769 nepai
366 2707 399 2750 se
413 2708 481 2750 cum
495 2688 686 2751 multitudiue
700 2691 815 2753 uenisse
837 2689 882 2753 acl
893 2691 1025 2771 januam
1042 2697 1166 2753 mam?
1187 2713 1228 2754 an

127 2769 220 2852 serra
243 2772 413 2836 subcinctos
449 2792 549 2836 secum
578 2773 706 2854 suisset
762 2775 842 2847 Quos
869 2777 1071 2852 nominavero,
1099 2795 1227 2840 arcesse.

131 2863 259 2936 possunt
279 2858 399 2938 pridem
421 2859 522 2920 omnia
545 2858 666 2936 andere,
689 2860 741 2940 qni
764 2861 821 2922 lsoc
843 2861 911 2922 assei
932 2865 1022 2933 sunt,·
1044 2880 1105 2922 non
1127 2866 1229 2923 tamen

136 2940 288 3003 audebunt
302 2961 423 3024 nepare.
467 2943 502 3004 Si
517 2943 714 3023 deprenensus
727 2945 811 3006 intra
831 2944 921 3006 limen
939 2964 1036 3005 meum
1056 2963 1123 3005 cum
1138 2943 1228 3024 serra

135 3024 445 3172 mdgffmo'
461 3025 483 3058 ¹⁸
490 3047 549 3108 pro
564 3027 722 3108 manifesto
737 3028 882 3100 trabere&
896 3026 1034 3108 fatentes
1041 3047 1103 3108 pro
1123 3029 1229 3108 ‹lepre-

180 3192 225 3256 X.
245 3193 421 3258 Ecsecrare
442 3215 522 3258 smne
543 3197 738 3276 cupiditatem
757 3197 853 3278 repat,
869 3202 899 3258 et
922 3193 1054 3278 '’firma-s
1066 3194 1229 3276 fraternas

169 3333 184 3373 ¹
195 3339 250 3386 Hse
261 3341 334 3387 Gran.
348 3341 414 3388 (ires.
560 3337 566 3374 ¹
581 3343 690 3390 Hesterno
703 3341 800 3402 Kreyss.
813 3341 888 3389 Bekis.
1033 3348 1055 3376 ¹²³
1065 3345 1163 3403 periculi
1173 3347 1229 3392 ssilsi

128 3399 206 3464 ssime
218 3403 283 3451 End.
411 3409 427 3439 ¹¹
437 3407 533 3453 esstllm
545 3405 622 3453 seui.
770 3409 784 3438 ⁰
795 3405 839 3453 ins.
850 3421 896 3454 ress
909 3405 1002 3467 Kreyss.
1017 3407 1093 3456 Beki.

135 3539 159 3578 ts
176 3533 322 3592 patrianss
340 3529 431 3594 mers]
462 3533 524 3594 Lege
541 3547 595 3580 cum
615 3533 750 3587 Gronovius
782 3535 896 3594 sequitur,
913 3535 1016 3594 pstulat
1032 3535 1057 3582 in
1075 3537 1104 3583 tis
1124 3551 1177 3597 quse
1194 3539 1337 3599 precedunt,
1350 3539 1391 3598 ssi,

134 3597 172 3642 siss
190 3602 266 3642 sstsss
369 3612 441 3644 ssesss
457 3600 546 3644 mittere
562 3599 630 3652 licet,-
650 3613 702 3658 psr,
721 3605 750 3652 te,
783 3599 820 3644 vel
831 3601 894 3644 mitit.
928 3598 956 3644 ln
970 3600 1030 3646 Vict.
1041 3601 1121 3647 codice
1133 3609 1198 3649 exist
1212 3606 1275 3660 milit,
1287 3605 1328 3652 sed
1340 3615 1392 3666 post

133 3660 326 3718 psit-nmen
341 3663 432 3708 ...ita
449 3676 483 3708 sss
499 3663 682 3722 antiaupreesr.
717 3663 751 3707 'te
784 3657 969 3720 verbumssisse.

135 3735 272 3782 preeorper
283 3723 386 3782 utrium
399 3725 584 3780 cornemium
595 3726 686 3780 sudtss,
698 3733 750 3771 ten·
816 3724 847 3779 27
866 3725 914 3770 Nec
931 3725 1002 3771 dsiis
1023 3729 1163 3786 urgemus
1179 3727 1315 3792 muigmsto]
1342 3731 1392 3779 Nee

135 3799 208 3846 quam
236 3793 280 3832 ete.
315 3786 367 3832 via
397 3801 475 3847 suprs.
499 3787 589 3834 xxix.
615 3789 652 3836 lu
688 3789 750 3834 'Sic
781 3788 904 3834 inserendo
920 3801 950 3832 ex
969 3791 1115 3848 argumentis
1128 3805 1169 3852 per
1187 3795 1390 3842 rstiocinstionem

135 3849 327 3904 [xxiiim.
345 3850 442 3912 Peregs
454 3851 750 3914 te,fili‚qseessqssjsra
782 3851 885 3899 trsetstis
897 3851 970 3896 dubis
982 3855 1132 3901 consecutis.
1166 3855 1221 3904 Non
1238 3867 1389 3917 agamenes-

135 3911 330 3973 literssjsegast
339 3917 481 3973 parentibus,
490 3931 578 3975 precer.
782 3915 893 3968 ionibus.
903 3915 981 3974 inquit
989 3915 1093 3972 Perseus,
1102 3933 1183 3978 premo
1195 3935 1269 3976 reum,
1278 3935 1331 3981 quse
1342 3921 1390 3967 tere

167 3977 202 4022 24
219 3977 391 4024 comisantium
412 3979 438 4024 is
459 3975 540 4040 mern]
570 3979 598 4025 ln
621 3979 703 4036 vicem,
724 3979 748 4025 in
781 3979 872 4038 sliquid
883 3979 949 4025 dubii
961 3979 1105 4040 relinquunt.
1126 3983 1389 4045 Fsclmqunipsenon

136 4053 229 4085 norem
241 4039 427 4087 comissantium.
781 4051 859 4101 neget,
871 4056 953 4101 urguo.

167 4103 201 4148 25
218 4101 462 4166 Hsetrasssessstsrs]
483 4105 748 4165 Vics.tiberlsac.1.ege
813 4107 845 4154 28
862 4107 909 4152 Pro
927 4103 1045 4166 mastfisto
1063 4105 1169 4169 lateres]
1194 4109 1271 4156 Potest
1290 4109 1389 4169 intelligi

135 4179 191 4212 eum
203 4167 398 4214 Gronorioias:
415 4169 500 4215 eadem
517 4183 602 4230 nempe
619 4171 749 4230 modoque
781 4171 829 4228 iae,
842 4169 904 4230 quod
916 4171 1042 4230 precessit.
1077 4171 1135 4218 Fere
1147 4179 1225 4219 umen
1238 4173 1331 4218 metim:
1348 4190 1390 4232 pra

136 4227 199 4275 inire
209 4243 229 4276 e.
244 4229 282 4284 ll,
294 4233 334 4292 ost
351 4235 521 4280 transscendere
532 4230 633 4294 sestisat
649 4233 750 4281 ordinem
782 4232 907 4295 manifestis
924 4235 1024 4282 haberes.
1059 4235 1154 4281 Τισίεω
1171 4236 1186 4280 Ι.
1203 4235 1246 4282 Xl.
1260 4236 1323 4282 Anu.
1334 4251 1353 4282 s.
1365 4237 1389 4292 o,

134 4296 222 4340 aetsus.
781 4304 804 4345 st
811 4300 888 4354 mtsrl,
896 4299 936 4359 qui
943 4313 986 4343 son
991 4295 1106 4358 judicium
1115 4295 1208 4359 (quippe
1217 4300 1240 4344 is
1249 4297 1388 4362 meit'sstos)

168 4357 201 4404 26
218 4357 287 4404 Nun
302 4371 318 4404 a
330 4359 419 4419 gladiis
440 4365 503 4406 noeis
520 4361 645 4420 periculus·
660 4355 749 4422 sulem]
781 4363 822 4408 set
831 4377 919 4420 possam
931 4363 1002 4407 stetui
1012 4363 1126 4408 sidebant.
1160 4363 1243 4409 onos.

135 4421 257 4468 emnem
275 4421 326 4468 iss.
346 4423 494 4469 Gronoviuss
520 4425 750 4484 sintpertus
815 4425 846 4472 29
865 4421 1087 4484 Fariesfratsmss]
1106 4425 1389 4476 Fueissultricesirster·

8 4503 10 4520 ›
133 4481 377 4544 ntselntlstfsisss.
405 4487 485 4532 Recte.
520 4487 749 4534 Neeenimtotsrsri
782 4487 1053 4535 mmmdiscordisrum.

133 4557 212 4610 potest
223 4549 283 4596 nisu
294 4581 300 4594 .
313 4581 319 4596 .
332 4581 338 4596 .
350 4583 356 4596 .
368 4551 512 4611 periculum
528 4559 552 4597 et
563 4549 593 4597 ri
604 4567 676 4611 quen,
688 4553 750 4612 quot
