3118 5002
407 317 494 382 LlB.
518 317 629 383 XLII.
659 319 755 384 CAP.
778 319 939 384 XXXVI.
1288 325 1351 386 357

87 465 299 526 adolescentes
307 465 540 528 mittodoerm
548 467 782 548 osopistrotuum
788 472 967 546 secretusque
975 468 1186 529 auctoritatem
1201 479 1228 526 υ.
1239 482 1265 527 c.
1278 482 1332 529 est.

86 569 220 629 usmeom
229 547 382 629 feceritis,
397 569 477 611 smne
491 571 605 631 quoque
619 552 652 612 s'o
659 557 813 631 potestate
835 557 958 612 senatus
972 570 1010 611 oc
1032 551 1186 612 consutum
1199 545 1227 590 Α·
1240 545 1266 591 ⁰·
1281 546 1332 600 ¹7¹·

87 653 168 732 esse,
183 639 213 696 et
227 634 329 696 omnio
344 635 470 695 honesto
485 635 551 698 loco
566 635 683 712 duem,
695 635 801 716 quibus
810 635 1023 714 rempublicam
1033 633 1185 714 defensori

87 723 281 864 MXXXV.
306 801 387 863 Hteo
408 799 464 863 ubi
486 800 576 878 dixit,
589 801 813 863 conlaudatum
831 800 941 863 multis
955 799 1058 863 verbis
1073 801 1184 863 consul
1198 804 1282 851 tarem

1196 869 1343 918 centuriones

90 905 136 947 ex
150 885 299 948 concione
311 885 346 948 in
361 892 507 948 senatum
517 884 618 948 duxit.
664 885 715 948 Ibi
733 905 860 1031 qpoque
880 885 909 946 ei
934 905 973 946 ex
997 883 1182 982 auctoritate
1196 929 1248 979 eos

734 991 744 1031 ι

92 977 226 1032 senatus
249 969 358 1054 grstiae
384 977 473 1047 acte,
494 968 677 1052 tribunique
700 991 733 1032 m
768 976 850 1032 tures
874 968 908 1031 in
934 968 1056 1053 legione
1081 989 1183 1052 pnma

92 1053 236 1138 primum
250 1053 352 1152 pilum
366 1053 494 1116 virtutis
515 1073 627 1116 caussa
650 1053 679 1116 ei
703 1053 918 1137 adsignarunt.
952 1053 1046 1116 ceteri
1072 1061 1182 1116 centu-

93 1137 211 1216 riones,
224 1159 342 1201 omissa
356 1137 575 1222 adpellstioue,
590 1137 630 1200 ed
645 1138 802 1200 delectum
815 1137 998 1201 obedienter
1011 1138 1182 1222 responde·

92 1231 181 1285 reiut.
225 1221 300 1288 Quo
329 1221 484 1285 maturius
509 1222 543 1284 in
572 1221 749 1306 provincias
779 1221 982 1306 magistratus
1003 1221 1181 1307 proficisce-

93 1315 215 1385 rentur,
230 1307 354 1370 Latinae
370 1305 522 1370 Kalendis
533 1305 641 1370 Juniis
652 1307 756 1370 lisere:
771 1327 870 1390 eoque
880 1305 1023 1368 sollemni
1032 1307 1180 1390 perlecto,

94 1391 135 1455 C.
148 1391 316 1455 Lucretius
338 1399 466 1476 praetor,
487 1390 647 1469 omnibus,
661 1411 733 1474 quoe
758 1391 799 1453 ud
821 1390 953 1453 classem
975 1411 1057 1475 opus
1080 1399 1180 1470 erent,

91 1475 279 1562 praemissis,
295 1475 501 1538 Brundisium
516 1483 564 1538 est
578 1475 748 1559 profectus.
793 1475 912 1537 Praeter
934 1496 988 1538 eos
1014 1475 1179 1554 exercitus,

91 1581 178 1644 quos
193 1559 338 1623 consules
352 1559 586 1644 comparebant,
602 1559 641 1623 C.
656 1559 797 1644 Sulpicio
814 1559 927 1622 Galbae
942 1559 1069 1642 praetori
1083 1581 1180 1643 nego-

91 1645 177 1708 tium
204 1643 324 1722 dutum,
353 1653 390 1708 ut
417 1653 553 1728 quatuor
581 1643 720 1728 legiones
748 1643 897 1706 scriberet
928 1643 1065 1706 tubanas
1089 1642 1179 1726 justo

92 1751 231 1876 titt
246 1729 411 1877 stit.
424 1727 832 1898 btssbtqttae'ssbtt
849 1727 1179 1875 .tt{¹¹fi‘...i.?lt¹.3.⁰t

540 1859 552 1892 ‚
818 1859 826 1874 ,
1165 1851 1180 1862 .

93 1899 145 1962 nis
166 1898 334 1983 imperaret
361 1898 542 1982 quindecim
569 1835 667 1960 millii
686 1897 841 1982 peditum,
863 1897 948 1959 mille
970 1905 1003 1959 et
1025 1897 1179 1960 ducentos

93 1983 226 2066 equites.
272 1984 305 2046 Is
327 1983 483 2046 exereitus
503 1982 552 2046 uti
575 1990 705 2066 paratus
723 1989 816 2059 esset,
831 2003 895 2078 quo
918 1989 1046 2044 senatus
1068 2002 1181 2045 censu-

93 2067 181 2131 isset.
225 2067 261 2130 P.
287 2067 410 2132 Licinio
432 2066 554 2130 consuli
568 2067 609 2129 od
632 2065 803 2128 exercitum
825 2065 947 2128 civilem
969 2065 1179 2148 socialemque

92 2151 217 2236 petenti
231 2151 337 2215 addita
350 2151 475 2229 auxilia,
491 2151 647 2236 Ligurum
663 2150 761 2212 ”duo
775 2149 883 2227 millis,
899 2149 1066 2212 Cretenses
1081 2149 1179 2232 segit-

93 2236 177 2313 tarii,
195 2235 343 2317 (incertus
357 2255 518 2314 numerus,
534 2235 720 2318 ”quantum
738 2233 840 2318 rogati
861 2233 997 2296 suxilia⁰
1013 2232 1180 2296 Cretenses

93 2321 266 2404 misissent)
284 2320 434 2384 Numidae
447 2320 524 2383 item
539 2319 661 2403 equites
681 2317 914 2402 elephantique.
959 2317 998 2380 In
1022 2337 1091 2380 eam
1113 2337 1180 2378 rem

94 2405 190 2504 legati
213 2405 253 2468 sd
283 2405 487 2468 Masinissam
511 2403 856 2550 Kurthaqiniensesque
879 2400 978 2480 missi,
1003 2401 1042 2465 L.
1067 2401 1181 2464 Postu-

92 2511 179 2554 mius
192 2489 339 2569 Albinus,
355 2489 397 2556 Q.
411 2487 621 2552 'terentinae
658 2488 716 2566 leo,
732 2486 770 2550 C.
784 2486 935 2550 Aburius.
990 2485 1029 2548 In
1053 2485 1180 2549 Cretam

93 2574 172 2637 item
185 2573 303 2658 legatos
317 2583 381 2638 tres
396 2573 440 2636 ire
451 2573 580 2658 placuit,
591 2574 631 2636 A.
642 2571 842 2636 Postumium
851 2571 1015 2650 Albinum,
1031 2569 1053 2603 ¹⁴
1063 2569 1101 2635 C.
1116 2570 1181 2634 De-

94 2657 236 2734 cimium,
251 2661 290 2722 A.
306 2658 466 2722 Licinium
482 2659 630 2722 Nervam.

138 2743 299 2807 XXXVI.
322 2744 383 2806 Per
396 2743 481 2806 idem
493 2751 621 2826 tempus
634 2741 729 2826 legati
744 2741 784 2804 ab
798 2763 872 2826 rege
888 2741 1001 2804 Perseo
1015 2747 1180 2804 venerunt.

93 2849 148 2889 eos
164 2827 229 2890 ”in
252 2827 407 2912 oppidum
429 2827 598 2890 intromitti
623 2847 688 2889 non
708 2826 837 2910 placuit,
851 2847 952 2909 quum
972 2825 1040 2910 jam
1061 2825 1181 2888 bellum

93 2911 161 2995 regi
175 2933 284 2975 eorum
298 2921 331 2974 et
346 2911 578 2976 Macedonibus
598 2919 631 2974 et
653 2917 782 2973 senatus
805 2911 972 2988 decresset,
987 2916 1019 2971 et
1041 2909 1181 2992 populus

87 2995 249 3080 jussisset.
291 2995 313 3028 '⁸
324 2996 363 3059 ln
377 2997 478 3060 oedem
494 2995 636 3059 Bellonae
649 2995 682 3057 in
698 3002 843 3056 senatum
853 2993 1025 3055 introducti
1034 2993 1079 3054 ite
1086 2991 1182 3054 verbe
1195 3005 1300 3064 ιεμιῑι

93 3081 255 3142 tecenmte
278 3081 396 3143 iserosi
411 3083 525 3144 Perseo
539 3100 650 3162 repeto,
665 3079 739 3160 quid
751 3081 784 3140 io
797 3077 1011 3140 Macedonium
1031 3077 1182 3138 coercitus
1195 3069 1285 3116 rerem.

94 3167 297 3246 trasssportoti
319 3172 425 3228 esseut.
471 3167 507 3228 Si
530 3166 681 3245 inpetrari
703 3183 723 3224 o
745 3167 852 3225 cessato
873 3167 984 3242 posset,
1005 3166 1040 3222 ut
1058 3161 1083 3221 ii
1096 3179 1182 3221 reoc-

94 3255 212 3326 cerstur,
226 3269 327 3332 sepem
341 3250 378 3312 de
391 3251 523 3330 injuriis,
536 3251 564 3312 si
578 3269 654 3330 quos
667 3249 759 3310 sociis
763 3246 871 3327 socios
884 3250 1090 3327 quererentur,
1098 3243 1181 3306 orbi·

95 3339 183 3395 trotu
194 3340 317 3396 emistus
329 3333 560 3415 satisfacturum
572 3352 645 3396 esse.
689 3331 744 3415 Sp.
761 3329 928 3408 Carvilius,
943 3329 983 3392 ad
997 3349 1066 3392 eam
1080 3327 1182 3412 ipsam

94 3437 224 3479 remex
251 3417 376 3482 Graecia
396 3417 547 3480 remissus
571 3416 611 3480 ab
636 3416 697 3479 Cu.
720 3415 848 3494 Sicinio,
862 3414 896 3477 in
918 3421 1030 3478 senatu
1050 3421 1126 3476 erat.
1155 3411 1182 3474 is

97 3501 310 3564 Perrhaebiam
339 3509 553 3587 expugnatum
589 3500 694 3578 armis,
722 3499 896 3562 'l'hessaliae
931 3498 1052 3582 aliquot
1086 3497 1182 3560 urbes

95 3593 217 3670 captos,
232 3593 345 3664 cetero,
358 3607 431 3670 quse
445 3593 501 3650 tut
515 3592 631 3669 ageret,
641 3592 697 3646 aut
705 3591 830 3668 pararet
840 3603 906 3661 rex,
917 3604 1017 3666 quum
1027 3587 1181 3666 argueret,

512 3747 524 3776 o
534 3741 624 3788 ossilla
632 3739 677 3787 del.
691 3739 758 3786 cres.

128 3877 159 3924 2l
178 3877 255 3938 lisque
266 3885 361 3939 quatem
371 3879 472 3924 tribum
483 3879 579 3924 seilitess
590 3893 618 3924 es
628 3882 708 3924 muts
740 3883 791 3920 esst
801 3887 831 3920 es
843 3885 993 3918 numerorum
1004 3871 1065 3918 uotis
1077 3873 1140 3920 llll.

97 3943 241 4002 tegeret,qst
249 3938 383 4002 prement]
413 3941 463 3988 llos
481 3941 619 3988 nomnium.
647 3939 708 3985 Nsm
772 3937 804 3984 23
838 3937 951 3986 &ntea
977 3938 1053 3997 segeti
1081 3937 1196 3984 Cretenses
1222 3932 1345 3994 abissent]

97 4021 125 4050 ss
139 4019 204 4051 more
215 4005 282 4051 solito
294 4005 381 4050 tribuni
393 4005 489 4050 alternis
501 4003 674 4064 imperitabant,
683 4011 709 4047 ut
742 4001 818 4058 Vulgo
838 4003 913 4060 rogati
933 4001 1029 4046 asside
1063 4000 1185 4059 Expunsit
1205 3999 1347 4057 superilusm

96 4071 245 4114 observatum
265 4077 300 4114 est
315 4069 345 4114 sd
361 4067 439 4114 ixi.
452 4067 521 4114 etl.
554 4066 602 4114 Sed
613 4067 658 4124 his,
668 4066 708 4124 qui
741 4079 820 4110 rocem
833 4063 951 4111 Gronovio
962 4071 1056 4110 sumere
1067 4065 1177 4108 Clericus.

95 4145 125 4176 es
136 4139 220 4177 seustu
231 4131 348 4190 leguntur,
361 4131 430 4178 dstur
448 4131 558 4177 nimirum
574 4132 604 4176 ob
623 4129 706 4188 ampli·
771 4129 802 4174 tt
820 4129 845 4173 0.
859 4123 996 4186 Desinisn]
1014 4127 1041 4172 C.
1055 4127 1172 4172 Decimius
1183 4122 1244 4170 intre
1256 4123 1346 4169 Xblll.

95 4209 161 4240 orem
170 4195 290 4254 dignitatis
297 4197 396 4254 gradum
405 4194 590 4242 extrsordinsris
598 4203 706 4252 potentes.
742 4191 778 4244 ll,
790 4193 816 4236 tit
827 4199 918 4250 pretor.
953 4190 1012 4236 inde
1023 4190 1122 4248 sumpsit
1132 4189 1176 4234 boe
1183 4199 1267 4232 nomen
1280 4185 1347 4242 Sipo-

96 4257 148 4304 Nisi
158 4258 334 4304 tortemendum
342 4267 376 4304 est
386 4259 409 4304 in
420 4272 525 4312 numero,
535 4257 707 4316 legendumque
740 4255 799 4304 nius.
813 4269 885 4313 quum
898 4254 962 4313 prius
972 4253 1011 4298 hic
1022 4253 1138 4312 legeretur
1151 4251 1176 4296 G.
1188 4249 1289 4294 mm

94 4323 436 4382 quatuoretsigs'etttriissse.
471 4320 611 4367 'serenior
620 4320 706 4366 tribum
772 4319 803 4363 ts
821 4313 975 4376 Iseppidsss]
995 4316 1045 4361 Vid.
1058 4311 1349 4371 neumatetusuprs.

93 4388 234 4431 cresbantur
246 4385 270 4431 in
282 4385 385 4444 singulas
397 4385 507 4444 legiones.
773 4381 805 4427 26
821 4382 851 4428 Ite
861 4383 930 4426 aden
943 4375 1055 4436 Bellona]
1073 4377 1157 4422 Scribit
1174 4375 1306 4422 Gronovius
1325 4379 1349 4422 t'et

126 4450 161 4495 tt
177 4449 229 4494 Deo
240 4445 324 4508 millis]
343 4449 405 4494 Olim
417 4449 536 4506 iegebetur
549 4449 635 4493 inemec
648 4447 709 4491 seille
741 4449 804 4491 aede:
822 4455 846 4490 et
857 4459 913 4490 essse
924 4444 956 4489 sic
967 4444 1026 4488 solet
1038 4440 1124 4486 Livius.

94 4515 174 4560 uetitis.
204 4513 310 4558 Correxit
320 4511 437 4572 Sigonius.
464 4513 534 4558 Error
543 4525 628 4570 nempe
640 4519 708 4554 nutus
