3108 4982
495 295 583 360 LlB.
605 291 679 360 XL.
708 293 805 358 CAP.
827 293 905 358 XX.
1346 302 1410 365 263

151 463 258 510 unum
280 441 402 508 indicta
421 449 481 506 est
504 441 618 508 iisdem
639 441 822 508 auctoribus
846 449 879 504 et
900 450 1030 506 senatass
1053 443 1188 524 censuit,
1212 449 1245 507 et
1257 459 1286 508 u.
1299 459 1325 508 c.
1336 461 1392 518 ιιι.

152 529 303 592 consules
317 527 496 604 edisenrnt,
509 535 547 590 ut
567 548 626 612 per
642 534 742 590 totam
759 526 883 590 Italiam
896 527 1038 591 triduum
1053 529 1244 616 supplicatio
1257 527 1284 572 Α·
1298 526 1324 573 ⁰·
1337 527 1390 575 ¹⁸¹·

151 622 186 676 et
199 613 286 676 leriae
301 619 418 676 essent.
463 611 655 674 Pestilentiae
676 619 766 674 tanta
777 611 826 674 vis
847 619 923 690 erat,
937 620 986 690 ut,
998 633 1099 696 quum
1113 623 1244 699 propter

152 697 364 760 defectionem
380 695 564 774 Corsorum,
582 695 764 779 bellumque
788 695 828 759 ab
855 695 1025 760 Iliensibus
1048 699 1243 763 concitatum

153 781 190 844 in
205 781 358 859 Sardinia,
369 788 442 844 octo
456 779 556 844 millia
567 780 712 864 peditum
722 801 761 843 ex
776 780 868 844 sociis
880 780 986 844 Latini
995 781 1133 846 nominis
1147 783 1242 848 scribi

153 865 336 949 placuisset,
362 873 395 928 et
423 873 581 928 trecentos
607 864 739 948 equites,
769 885 850 948 quos
875 865 924 929 M.
949 866 1095 930 Pinarius
1123 877 1242 952 praetor·

155 970 263 1012 secum
278 949 312 1012 in
328 949 507 1014 Sardiniam
528 949 694 1033 trajiceret,
707 956 833 1012 tantum
857 949 1023 1014 hominum
1038 951 1241 1018 demortuum

154 1055 233 1112 esee,
247 1043 374 1096 tantum
387 1033 506 1116 ubique
520 1055 678 1118 aegrorum
692 1033 838 1096 consules
856 1034 1118 1114 renunciaverint,
1133 1036 1200 1100 ⁶·ut
1213 1038 1240 1101 is

152 1139 307 1182 numerus
329 1117 411 1181 effici
433 1117 571 1182 militum
591 1139 657 1182 non
679 1115 828 1202 potuerit.
855 1119 942 1201 quod
963 1118 1070 1182 deerat
1092 1119 1241 1202 militum,

152 1223 278 1266 sumere
300 1224 319 1264 a
333 1202 393 1266 Cn.
409 1201 519 1265 Baebio
539 1202 740 1290 proconsule,
754 1201 810 1288 qui
825 1201 906 1265 Pisis
920 1201 1117 1283 hibernabat,
1128 1205 1240 1288 jussus

151 1295 281 1371 prtetor,
297 1293 392 1370 atque
406 1286 480 1350 inde
501 1285 535 1349 in
557 1287 734 1351 Sardiniam
748 1285 900 1370 trajicere.
943 1287 982 1351 L.
998 1287 1143 1352 Duronio
1181 1311 1240 1354 rre-

151 1370 226 1448 tori,
240 1371 293 1434 cui
313 1370 476 1456 provincis
489 1371 608 1455 Apulia
627 1379 783 1449 evenerat,
799 1370 920 1434 ad'ecta
934 1369 974 1433 de
989 1311 1240 1438 Bacchanalibus

153 1455 290 1602 ‘¹³42sp
303 1465 352 1518 est
361 1480 369 1520 ι
377 1540 384 1553 ⁸
392 1455 485 1540 cujus
499 1455 625 1603 millun
639 1455 786 1538 quaedsm
796 1463 884 1603 vadat
897 1455 1017 1554 semina
1030 1477 1068 1604 εἰ
1080 1457 1240 1542 prioribus

154 1559 228 1686 ir.
274 1561 571 1713 ‘timente
590 1548 787 1709 {Mitt
800 1559 1036 1711 insiliit?
1053 1543 1241 1690 statii

153 1707 256 1772 ullum
268 1709 440 1794 perduotae.
469 1709 503 1772 id
522 1729 684 1807 persecare
705 1730 824 1772 novum
846 1717 1024 1796 praetorem,
1039 1731 1079 1773 ne
1101 1719 1240 1797 serperet

151 1792 267 1856 iterum
282 1793 389 1892 latius,
405 1795 514 1857 Patres
523 1802 700 1878 jusserunt.
723 1794 768 1858 Et
782 1794 794 1857 l
852 1804 888 1856 s⁰
903 1793 943 1858 de
956 1795 1079 1859 ambitu
1092 1797 1239 1860 consules

150 1878 811 2048 uiqctofraetqqetiqqqqtqghqqepiqpsqqutruq
824 1885 1078 2027 idutrbtduxerunt.
1111 1965 1237 2050 Regum
1252 1981 1392 2042 Legationes

149 2047 282 2132 primas,
290 2047 456 2127 Eumenis,
466 2055 498 2112 et
508 2047 683 2112 Ariarathis
698 2047 908 2134 Cappadocis,
921 2055 954 2110 et
969 2048 1139 2112 Pharnacis
1154 2051 1238 2114 Pon·
1251 2046 1328 2093 '⁸⁶'-

152 2131 220 2194 tioi.
248 2153 308 2196 nec
321 2133 405 2196 ultra
425 2132 599 2231 quidquam
614 2133 659 2196 eie
679 2153 869 2217 responsum
889 2140 948 2209 est,
963 2151 1059 2215 quam
1073 2133 1238 2213 missuros,

176 2215 211 2278 ui
244 2215 284 2279 de
319 2217 536 2282 connoversns
572 2239 683 2280 eorum
719 2223 955 2300 cognoscerent,
990 2223 1237 2300 statuerentque.

288 2302 465 2368 moniorum
480 2301 593 2366 deinde
607 2300 753 2364 exsulum
772 2309 805 2364 et
817 2299 1008 2364 Achaeorum
1022 2299 1118 2383 legati
1139 2300 1239 2364 intro-

149 2385 340 2450 ductisunt.
369 2395 402 2450 et
426 2407 500 2472 spes
523 2387 598 2451 data
621 2385 784 2449 exsulibus
810 2392 869 2462 est,
883 2383 1077 2469 scripturum
1091 2395 1238 2450 senatum

150 2471 289 2549 Achaeis,
302 2479 342 2534 ut
352 2471 603 2536 restituerentur.
640 2469 661 2504 '⁰
670 2469 781 2534 Achaei
792 2469 831 2533 de
844 2469 992 2533 Messene
1004 2477 1141 2554 recepta,
1152 2491 1238 2534 com-

196 2554 324 2639 sitisque
339 2555 384 2620 ihi
397 2557 503 2635 rebus,
514 2577 589 2620 cum
603 2556 740 2620 adsensu
753 2555 883 2618 Patrum
897 2562 1121 2640 exposuerunt.
1164 2553 1239 2620 sta

150 2575 235 2702 lonii
258 2661 300 2724 po
320 2661 395 2724 rege
415 2641 631 2708 Macedonum
651 2641 716 2706 duo
739 2639 834 2726 legati
848 2645 1012 2717 venerunt,
1029 2637 1184 2704 Philocles
1205 2647 1238 2704 et

147 2724 221 2809 Ape
245 2745 288 2803 es,
303 2725 394 2788 nulla
405 2745 501 2811 super
513 2747 558 2804 re,
572 2747 645 2810 quse
658 2725 699 2789 ab
717 2734 829 2788 senatu
850 2725 988 2810 petenda
1001 2733 1101 2788 esset:
1124 2745 1237 2809 specu-

147 2807 250 2872 latum
264 2810 366 2894 magis
389 2810 639 2894 inquisitumque
662 2809 751 2873 missi
775 2809 796 2844 '¹
807 2809 846 2872 de
869 2809 918 2889 iis,
942 2831 1078 2893 quorum
1103 2810 1237 2874 Perseus

147 2893 351 2958 Demetrium
374 2895 588 2959 insimulasset
609 2915 801 2972 sermonum,
816 2915 891 2957 cum
915 2893 1077 2972 Romanis,
1100 2895 1237 2958 maxime

147 2997 226 3040 cnm
252 2979 291 3044 Τ.
320 2979 483 3058 Quinctio,
509 2981 661 3044 adversus
694 2979 823 3042 fratrem
849 2978 889 3040 de
917 2997 1015 3060 regno
1044 2977 1235 3042 habitorum.

150 3061 234 3140 Hos,
259 3071 422 3148 tamquam
445 3065 576 3142 medios,
605 3085 664 3128 nec
687 3063 722 3126 in
744 3062 873 3126 alterius
897 3061 1036 3124 fauorem
1057 3060 1236 3142 inclinatos,

146 3146 278 3210 miserat
289 3169 356 3212 rex.
377 3158 468 3212 erant
481 3158 588 3214 autem
602 3157 635 3212 et
647 3147 681 3212 hi
696 3147 800 3212 Persei
814 3146 932 3210 fraudis
942 3145 1112 3210 infratrem
1126 3143 1236 3208 minis-

146 3231 190 3294 tri
204 3239 237 3294 et
250 3233 429 3318 participes.
473 3233 666 3312 Demetrius,
681 3231 703 3265 '¹
714 3232 868 3312 omnium,
879 3240 1091 3318 preterquam
1105 3227 1236 3294 fraterni

595 3368 690 3430 ⁴’legen
702 3366 778 3414 sets.

181 3475 214 3524 ott
235 3478 412 3526 vrum
474 3481 755 3542 'misna-asportent.
787 3477 855 3526 avide
878 3477 1076 3538 exspectantibus,
1099 3491 1170 3537 quesn
1192 3478 1283 3526 exitum
1307 3480 1397 3528 bellum

150 3541 218 3592 Quos
237 3543 317 3588 deerat
337 3544 433 3590 suitilan
474 3545 617 3590 Postremsm
640 3557 721 3592 rocem
742 3557 756 3590 e
787 3544 898 3589 adversus
915 3541 1043 3590 Messenios
1062 3541 1197 3588 habiturum
1213 3550 1287 3590 esset:
1313 3543 1396 3604 iisque,

147 3604 256 3662 margine
266 3605 387 3665 irrepsisse
399 3607 545 3654 crediderim.
578 3607 738 3653 Gsoncrros.
787 3605 945 3664 simulatque
965 3605 1046 3650 Rome
1069 3606 1188 3662 cognitum
1210 3605 1280 3652 suerit
1302 3621 1339 3654 res
1362 3621 1392 3654 es

180 3667 215 3714 ω
231 3669 258 3714 1,.
272 3667 518 3731 Ρηίισιιρκωηι]
535 3669 584 3720 Qui
595 3670 691 3717 biennio
703 3679 758 3716 snte
789 3669 906 3715 sententis
925 3668 1016 3714 Aeheis
1034 3669 1179 3728 processisse,
1201 3669 1280 3716 Patres
1302 3670 1395 3730 signifi·

145 3739 236 3792 pretor
254 3731 338 3786 iuerat,
357 3747 385 3780 ec
406 3734 513 3793 proximo
531 3748 594 3781 enno
613 3733 758 3794 provincius
789 3746 860 3788 casse,
875 3731 921 3778 sibi
940 3745 1001 3778 eure
1017 3729 1096 3786 inisse,
1107 3745 1137 3778 ne
1152 3731 1275 3792 quisquam
1286 3747 1316 3779 ea
1329 3735 1397 3781 ltslis

146 3795 260 3853 Apuliam
271 3795 369 3854 imperio
381 3805 504 3856 prorogato
512 3797 652 3843 obtinuerat.
671 3797 699 3842 si
711 3797 757 3842 im·
789 3809 854 3842 srme
876 3801 917 3840 aut
937 3794 1081 3841 numentum
1105 3795 1228 3843 Messenen
1250 3797 1394 3856 importaret.

145 3858 618 3920 periensprorogstumesseepperettum
629 3873 658 3908 es
667 3861 696 3906 iis
704 3875 757 3920 qun
792 3859 848 3906 line
866 3857 946 3918 roryu
960 3858 1016 3917 [ος.
1027 3857 1066 3913 tl.
1077 3865 1101 3904 et
1116 3859 1155 3906 bb
1190 3858 1227 3905 Ex
1246 3859 1283 3906 his
1298 3867 1396 3920 apparet

145 3920 187 3966 hie
198 3921 316 3976 dicuntur,
324 3931 373 3968 turn
385 3937 414 3969 es
426 3938 455 3970 eo
466 3924 530 3986 quod
538 3925 684 3984 precedente
695 3938 758 3970 enno
791 3923 903 3969 Romanis
914 3931 970 3970 tunc
981 3921 1005 3967 in
1017 3935 1060 3969 usu
1072 3937 1122 3968 esse
1133 3923 1229 3983 cepisse
1240 3931 1302 3969 artes
1313 3924 1395 3984 priscus

146 3983 260 4044 Apuliam
272 3999 341 4032 nemo
351 3997 479 4046 pratorum
489 3987 584 4036 sortitus
596 3987 678 4034 iuerat.
701 3987 756 4034 vid
789 3985 852 4032 iliius
863 3985 1016 4046 simplicitatis
1027 3999 1110 4046 parum
1121 4000 1243 4032 memores.

144 4061 166 4093 e.
182 4047 204 4100 l.
216 4061 296 4110 supra.
820 4049 847 4104 71
868 4049 904 4096 De
919 4051 949 4095 lie
966 4063 1057 4110 quorem
1069 4049 1165 4096 Perseus
1181 4049 1319 4095 Demetrius·
1337 4051 1394 4096 issi·

178 4110 212 4164 7⁰
228 4113 307 4159 Arici
318 4113 347 4160 de
355 4111 458 4161 Messene
468 4119 559 4176 recepto
570 4147 577 4160 .
588 4147 595 4162 .
606 4129 655 4160 cars
665 4127 757 4162 ames
788 4115 894 4160 ssskssei
912 4109 1046 4172 maura]
1065 4111 1100 4160 De
1117 4113 1147 4159 iis
1166 4112 1319 4170 sermonibus,
1334 4127 1394 4172 quo-

144 4173 243 4222 Pstnss
264 4173 425 4238 upomrsst]
453 4177 508 4224 Vld.
530 4185 578 4224 not.
601 4177 624 4234 ii,
645 4179 675 4224 ad
694 4193 713 4224 c.
733 4177 757 4232 2,
789 4191 841 4222 rum
853 4185 1050 4230 sermonumad

144 4251 224 4296 snpra,
236 4247 258 4286 et
270 4239 349 4286 conier
367 4253 403 4295 es,
414 4255 466 4300 quas
486 4241 527 4288 illc
544 4243 594 4288 ioco
612 4255 642 4287 es
658 4241 757 4300 Polybio
819 4240 851 4294 72
869 4241 978 4295 Omnium,
984 4245 1135 4300 preterquam
1139 4233 1244 4298 fraterni
1254 4237 1346 4286 sceleris
1355 4271 1375 4285 ..
1386 4270 1392 4284 .

143 4301 276 4358 retulimus,
288 4317 342 4348 cum
359 4303 388 4350 lis
399 4319 452 4364 qun
463 4305 502 4350 hic
513 4313 653 4352 narrentur:
671 4305 755 4364 quibus
786 4299 893 4366 igneus]
912 4303 984 4348 Vetus
996 4303 1063 4350 lectio
1080 4309 1137 4356 erat,
1149 4309 1208 4346 teste
1219 4299 1345 4356 Groncrio,
1358 4299 1394 4362 (et

142 4375 169 4410 et
188 4365 247 4412 lllnd
274 4365 377 4426 adjicere
397 4383 444 4414 non
464 4367 549 4415 inutile
568 4368 646 4423 suerit,
666 4369 755 4428 priores
787 4365 1011 4414 assentiturvictor.
1023 4363 1107 4424 codes)
1117 4369 1271 4424 preterquam
1285 4361 1393 4425 sestertio

143 4428 286 4476 Achsorum
298 4431 396 4490 legstos,
414 4445 515 4490 quorum
531 4433 620 4478 mentio
640 4431 700 4478 istu
718 4439 754 4477 est
784 4433 883 4478 scelere:
900 4442 971 4488 quem
982 4427 1046 4473 idem
1063 4427 1108 4473 hoc
1125 4427 1195 4473 modo
1213 4429 1325 4487 esponit;
1345 4429 1391 4476 De-

141 4506 207 4540 sono
227 4495 383 4554 precedente,
403 4503 506 4542 retentos
524 4509 575 4542 esse
594 4497 624 4542 sb
641 4495 753 4542 Romanis
785 4495 896 4541 mettium
907 4490 1022 4546 omnium,
1033 4505 1086 4550 que
1097 4491 1127 4538 de
1138 4503 1162 4537 se
1177 4499 1278 4552 petrem,
1289 4491 1392 4550 inuern,
