3118 5002
441 322 529 388 Llll.
552 321 664 387 XLII.
696 320 792 386 CAP.
815 321 911 387 xxt.
1319 329 1381 392 346

125 469 335 557 plicationem
350 469 661 568 obsecrationemque
680 468 869 567 habendam,
890 469 1027 534 victimis
1046 471 1219 558 majoribus
1233 493 1298 541 uc.
1309 496 1364 544 rao.

127 555 372 624 sacrificandum
385 562 419 618 et
433 555 466 617 in
481 553 639 639 Capitoho
655 555 776 632 Romoe,
795 564 828 617 et
846 575 879 617 ιιι
900 553 1074 639 Campania
1091 557 1132 620 ad
1153 557 1218 620 Mi·
1232 559 1262 606 A·
1273 559 1299 606 0·
1313 559 1365 615 17²

127 661 234 704 nervae
260 639 525 724 promontorium,
552 638 797 702 renunciaruntr
820 637 912 712 ludos
958 660 992 702 er
1017 639 1125 704 decem
1150 641 1217 706 dies

127 725 150 789 J
152 725 204 788 ovi
219 724 341 808 optimo
354 722 491 787 maximo
505 723 609 807 primo
622 743 747 821 quoque
762 722 813 786 die
829 661 998 786 faciendos.
1040 723 1090 787 Ea
1111 725 1218 790 omnia

127 829 204 871 cunr
219 829 294 871 cura
308 807 400 870 facta.
435 807 617 890 Aruspiees‚
630 806 970 870 rabonumversurum
981 807 1015 870 id
1024 807 1216 894 prodigium,

128 893 401 977 prolationemque
428 890 542 954 finium
569 899 602 954 et
629 889 794 954 interitum
821 891 1030 976 perduellium
1058 894 1216 977 portendi,

127 975 361 1062 responderunt
369 1001 378 1054 ;
393 975 480 1058 quod
494 996 533 1038 ex
547 975 694 1039 hostibus
708 975 809 1060 spolia
823 975 958 1039 ibissent
972 997 1008 1040 ea
1018 985 1129 1056 rostra,
1143 999 1215 1062 quae

126 1069 300 1146 tempestas
323 1059 506 1145 disjecisset.
548 1061 770 1138 Accesserant,
794 1057 899 1144 “quae
923 1061 1121 1125 cumularent
1143 1063 1216 1126 reli-

126 1145 238 1228 giones
252 1143 377 1208 animis.
421 1143 589 1222 Saturniae,
610 1143 798 1207 nunciatum
820 1151 897 1222 erat,
917 1145 1069 1229 sanguine
1087 1167 1145 1230 per
1159 1147 1215 1211 tri-

127 1231 227 1292 duum
242 1229 276 1292 in
292 1228 411 1314 oppido
424 1227 563 1325 pluisse;
584 1227 715 1292 Calatire
730 1227 855 1291 asinum
869 1227 1024 1313 tripedem
1038 1238 1160 1310 natum,
1182 1241 1215 1297 ct

126 1322 255 1377 taurum
279 1333 354 1376 cunr
399 1333 518 1396 uroque
541 1311 644 1376 vaccis
670 1333 736 1377 uno
759 1312 826 1376 ictu
851 1312 992 1376 fulminis
1009 1314 1213 1381 exanimatos.

125 1398 257 1460 Auximi
270 1405 354 1460 terra
367 1333 496 1482 pluisse.
533 1396 660 1460 Horum
675 1418 718 1481 qu
762 1418 802 1460 ue
817 1397 1032 1482 prodigiorum
1043 1419 1155 1462 caussa
1163 1421 1214 1464 res

126 1481 243 1545 divinae
258 1481 359 1559 factae,
372 1489 405 1544 et
419 1503 480 1566 sup
504 1481 609 1546 litatio
624 1503 726 1545 unum
764 1481 825 1544 'em
840 1481 988 1606 serieque
1001 1481 1128 1547 habitae.

170 1565 268 1630 XXI.
290 1564 444 1629 Consules
513 1565 546 1629 id
560 1573 687 1650 tempus
702 1566 736 1628 in
750 1565 928 1650 provincias
974 1587 1040 1630 non
1063 1567 1213 1647 exierant,

125 1650 202 1733 quia
224 1671 338 1734 neque,
362 1649 409 1712 uti
432 1649 471 1713 de
496 1651 545 1713 M.
570 1650 704 1735 Popillio
727 1651 889 1730 referrent,
914 1650 1037 1714 senatui
1060 1651 1214 1736 obseque-

124 1735 252 1814 bantur,
265 1743 308 1813 et,
323 1733 403 1796 nibil
416 1733 503 1797 aliud
517 1734 683 1798 decernere
695 1735 795 1834 prius,
810 1743 965 1800 statutum
978 1735 1125 1800 Patribus
1135 1745 1213 1801 crat.

124 1821 229 1882 Aucta
243 1819 339 1882 etiam
353 1818 471 1882 invidia
485 1827 534 1882 est
549 1819 675 1904 Popillii
685 1819 784 1884 hteris
793 1819 873 1904 ejus,
886 1819 1003 1904 quibus
1013 1820 1127 1885 iterum
1138 1843 1213 1886 curn

125 1903 370 1967 Statiellatibus¹
385 1903 558 1987 Liguribus
571 1903 743 1988 proconsul
762 1903 783 1937 ⁸¹
790 1925 950 1990 pugnasse
972 1926 1006 1968 se
1019 1905 1155 1991 scripsit,
1176 1928 1213 1970 ao
1226 1913 1273 1988 1³5·
1283 1912 1309 1988 ip

124 2009 157 2050 se
185 1988 325 2051 decernm
349 1987 446 2050 millia
470 2009 579 2051 eorum
606 1989 767 2052 occidisse.
795 1997 926 2074 propter
946 1989 1038 2074 cujus
1065 1991 1212 2076 injuriam
1227 1977 1321 2087 Ἢ·

124 2071 198 2136 belli
220 2072 316 2136 ceteri
336 2093 462 2156 quoque
518 2072 525 2086 '
571 2095 644 2136 rum
667 2072 779 2158 populi
802 2074 843 2136 ad
864 2095 952 2136 armo
971 2074 1085 2139 ierunt.
1127 2055 1240 2139 Tum⁸
1296 2073 1303 2087 '

123 2177 199 2220 vero
214 2177 279 2220 non
298 2155 410 2220 absens
425 2157 520 2220 modo
563 2157 701 2242 opillius,
718 2157 774 2240 qui
792 2157 906 2221 deditis
922 2166 1031 2221 contra
1043 2159 1099 2243 jus
1113 2181 1150 2222 ac
1164 2159 1212 2223 sas

123 2241 245 2304 bellum
259 2240 426 2320 intulisset,
441 2249 474 2304 et
487 2251 616 2339 pacatos
630 2241 671 2306 ad
685 2241 850 2304 rebellium
864 2241 1036 2320 incitasset,
1056 2243 1113 2306 sed
1136 2265 1213 2306 con-

123 2326 219 2404 sules,
248 2325 334 2410 quod
355 2347 420 2390 non
445 2334 568 2390 exrrent
591 2326 624 2389 irr
644 2325 854 2424 provinciam,
872 2325 906 2388 in
930 2335 1042 2390 senatu
1055 2327 1140 2390 incre
1164 2327 1211 2392 iti.

124 2411 185 2474 hoc
199 2431 356 2474 consensu
379 2411 511 2474 Petrum
530 2431 654 2474 accensr
673 2411 722 2474 M.
735 2409 877 2473 Marcius
893 2410 1003 2474 Sermo
1018 2419 1051 2474 et
1065 2411 1106 2476 o.
1162 2433 1211 2474 ar-

123 2495 193 2557 cius
207 2495 321 2579 Scylla,
335 2493 584 2580 tribuniplebis,
599 2503 629 2558 et
645 2495 830 2560 consulibus
853 2495 986 2558 multam
1009 2517 1043 2559 se
1060 2496 1210 2576 dicturos,

123 2579 186 2641 nisi
201 2577 232 2641 in
244 2579 436 2677 provinciam
447 2581 579 2660 exirent,
589 2579 839 2658 denunciarunt;
854 2588 887 2644 et
896 2580 1102 2666 rogationem,
1113 2602 1210 2665 quam
1223 2606 1323 2664 rosseo
1334 2607 1363 2654 a.

123 2663 163 2726 de
179 2663 350 2748 Liguribus
365 2665 480 2728 deditis
494 2663 693 2750 promulgare
707 2665 740 2728 in
755 2665 860 2728 animo
874 2665 1038 2744 haberent,
1052 2665 1086 2728 in
1097 2674 1210 2729 senatu
1222 2670 1357 2717 saserna-

124 2747 306 2812 reeamnt.
343 2747 560 2828 sanciebatur,
569 2750 590 2784 ι·
599 2757 633 2814 a
648 2751 699 2832 qus
713 2771 752 2814 ee
761 2751 932 2814 satalon
947 2751 1058 2814 aare
1071 2753 1105 2814 e.
1119 2751 1210 2814 reer-
1223 2735 1271 2781 ¹³¹¹·-

121 2839 215 2896 talem
227 2836 387 2897 restitutas
398 2833 419 2865 ⁸¹
427 2841 499 2897 onte
512 2835 670 2898 Kalendas
685 2835 816 2899 Sextiles
823 2837 946 2916 primae
954 2842 1110 2914 senescet,
1125 2835 1211 2916 tujsrs

121 2918 189 2980 dolo
201 2919 282 2981 molo
295 2921 323 2982 is
334 2920 368 2982 in
381 2921 554 2982 sevitutem
567 2921 706 2996 verset,
719 2925 754 2982 stt
760 2919 888 3000 juratus
896 2926 1019 2982 sendus
1028 2921 1210 2998 decerneret,

121 3004 174 3082 qui
187 3023 254 3066 eam
267 3023 332 3066 rem
342 3010 487 3085 quereret
498 3003 816 3084 arrimodoerteretqae.
839 3003 891 3066 Ex
900 3002 1086 3066 auctoritate
1096 3003 1210 3066 deinde

121 3095 251 3150 senatus
266 3107 335 3150 eam
350 3087 545 3172 rogationem
559 3087 812 3172 promulgarunt.
858 3087 1045 3184 Priusquam
1091 3085 1211 3149 roficis-

119 3180 266 3234 cerentur
276 3173 432 3250 consules,
441 3172 478 3236 C.
490 3171 630 3236 Cicereio
640 3171 767 3257 praetori
775 3170 888 3256 prioris
896 3171 1017 3234 annrad
1029 3193 1057 3234 ae
1080 3193 1130 3234 ern
1137 3171 1210 3234 Bel·
1221 3189 1340 3238 creentur

119 3253 203 3318 lonre
212 3264 340 3319 senatus
354 3256 448 3320 datus
463 3265 521 3320 est.
558 3257 601 3336 Is,
617 3255 779 3342 expositis,
793 3277 871 3354 quas
886 3255 920 3318 iu
932 3255 1061 3319 Corsica
1074 3277 1124 3319 res
1138 3277 1209 3340 ges·
1220 3255 1250 3332 ‘¹5
1262 3257 1339 3303 ⁰⁰1³st

120 3339 223 3418 sisset,
238 3341 460 3425 postulatoque
476 3341 593 3404 frustra
610 3340 784 3425 triumpho,
799 3363 833 3404 ιιι
847 3349 956 3404 monte
968 3339 1104 3419 Albano,
1122 3340 1209 3425 quod
1219 3319 1349 3396 rnumpnar

112 3423 184 3508 jem
199 3424 233 3488 in
244 3445 365 3488 morem
379 3433 518 3504 venerat,
527 3434 564 3488 ut
579 3425 645 3490 sine
654 3425 783 3510 publica
791 3425 977 3490 auctoritate
989 3426 1087 3506 fieret,
1096 3425 1208 3488 trium·
1219 3391 1335 3494 ltili?

152 3553 315 3620 kpreor'aelass
327 3561 424 3622 Kreyss.
437 3561 516 3608 Belrk.
565 3629 580 3658 n
592 3555 768 3672 saggo&
780 3561 857 3608 sest.
985 3563 1007 3593 ¹¹¹
1018 3561 1112 3608 redactas
1125 3560 1184 3607 ltad.

117 3749 222 3810 precatio
241 3751 357 3810 quedam,
380 3764 450 3810 quam
473 3765 487 3797 e
510 3751 600 3796 Rostris
622 3750 729 3797 sacerdos
762 3751 827 3797 rabit
837 3750 897 3796 infra
909 3750 1009 3809 diligens
1027 3750 1105 3806 lector,
1117 3764 1182 3810 capp.
1196 3749 1235 3805 et,
1246 3749 1285 3806 28,
1296 3757 1320 3796 et
1330 3749 1370 3796 3⁰.

118 3813 226 3874 publicus
237 3823 366 3873 perageret.
391 3815 675 3874 Vidsrrpranostrumst.
689 3813 729 3861 tv.
763 3813 872 3860 'Sensus
882 3815 952 3873 hujus
963 3814 1096 3873 rogationis,
1105 3815 1144 3874 qui
1157 3815 1226 3874 paulo
1238 3814 1371 3874 impeditior

118 3892 138 3923 c.
151 3875 190 3931 Ἠ,
201 3885 226 3922 et
237 3877 332 3924 baeton.
345 3878 370 3923 in
382 3877 489 3929 Claudio.
501 3891 520 3924 c.
532 3879 571 3924 22
759 3877 832 3924 rideri
844 3885 928 3937 potest,
941 3878 1077 3937 perspicuus
1088 3879 1128 3925 liet
1141 3877 1258 3924 revocanti
1270 3877 1294 3922 in
1305 3877 1370 3922 ordi-

150 3939 183 3986 rto
199 3942 214 3970 ⁴
224 3941 280 3990 Qasr
288 3937 654 4002 mstorestrellgr'orsesam'rrss's]
668 3941 728 3990 Qun
760 3955 813 3986 nem
825 3943 927 4000 trajecta.
940 3955 969 3986 ex
986 3955 1050 3987 more
1062 3941 1098 3987 bis
1113 3941 1138 3986 ln
1157 3941 1261 3987 formulis
1276 3940 1370 3994 usitato,

118 4003 416 4063 magisscnragisanirnos
429 4005 553 4064 implerent
569 4005 728 4064 religionibus,
760 4004 870 4050 orationis
887 4005 998 4050 membra.
1033 4005 1065 4051 llt
1080 4007 1278 4066 iuratussenstus
1289 4003 1370 4048 decer·

119 4067 520 4126 novlsqrrelrscdlrlnetimorlbus.
761 4075 835 4122 neret,
857 4069 897 4126 qui
924 4069 1054 4128 inquireret
1079 4069 1320 4124 animadverteretque
1344 4065 1370 4109 in

150 4131 182 4185 67
199 4131 315 4191 Pagreus
326 4147 350 4178 se
364 4134 463 4191 rers'prs't,
476 4146 537 4178 sese
554 4133 629 4179 decern
643 4127 728 4192 mlta]
760 4145 824 4185 euro,
843 4133 908 4191 culus
929 4133 982 4178 dolo
1000 4131 1103 4178 maloin
1123 4131 1259 4176 servitutem
1279 4141 1370 4173 renun-

120 4196 189 4242 Forte
207 4197 303 4242 sedeelss
321 4195 401 4242 nlllla
441 4196 536 4254 lngrsta
553 4197 616 4242 enirn
634 4196 729 4241 auribus
761 4195 1054 4254 datusesset,quicunque
1071 4209 1101 4241 ex
1114 4192 1282 4238 Statiellisnon
1300 4191 1368 4237 resti·

116 4259 203 4305 sccidlt
219 4259 328 4318 repetitio
339 4260 427 4304 voculas
443 4273 467 4305 se
486 4267 533 4304 tarn
550 4259 687 4320 propinquls
703 4259 729 4304 in
761 4265 825 4304 tutus
843 4257 903 4305 l'oret
921 4259 946 4305 io
962 4259 1092 4306 libertatem
1110 4263 1165 4302 ante
1183 4253 1301 4300 Kalendas
1312 4255 1370 4301 Sea·

117 4323 180 4370 locis.
216 4322 383 4368 Pesrsourua
759 4321 818 4368 tiles.

148 4387 182 4432 68
203 4387 234 4433 Ut
250 4389 291 4447 qas'
307 4385 726 4446 cessassemusjmsmm·
791 4383 823 4432 69
841 4386 900 4432 Ante
924 4385 1041 4432 Kalendas
1064 4382 1160 4429 Sextiles
1178 4375 1277 4440 pristes]
1307 4379 1369 4427 Ante

116 4447 167 4511 tas]
186 4449 375 4496 Geminatiorrem
393 4450 514 4509 particule
531 4457 557 4496 st
573 4451 598 4494 in
613 4448 727 4510 ejusmodi
761 4447 878 4494 Kalendas
890 4448 989 4494 Sextiles
998 4445 1103 4505 proxime
1113 4451 1240 4492 secuturas.
1258 4445 1370 4492 Vidnot.

116 4514 224 4561 {emulis
231 4516 281 4574 tarn
293 4513 417 4572 aliquoties
431 4513 602 4570 annotavimus,
613 4521 637 4559 et
648 4513 727 4559 obser·
760 4512 800 4567 to,
811 4513 840 4560 ad
853 4513 868 4558 t
879 4511 971 4558 xxttt.
983 4524 1002 4555 c.
1014 4509 1053 4554 ³2.
