3094 4954
234 339 298 400 lss
797 331 891 396 ΤΙΤΙ
914 329 1030 432 letl

234 487 265 534 u.
274 487 301 534 c.
313 485 369 534 aas
397 487 437 531 ec
449 467 556 550 quibua
569 466 698 531 dicata
710 466 885 548 presentia,
907 469 1042 528 trecaota
1050 481 1111 544 per
1124 480 1220 524 auras
1233 461 1485 544 suspensionibus

235 551 301 598 Mi·
315 551 369 600 ¹⁸⁹·
398 553 510 634 aquis:
534 552 669 632 captivas
686 548 893 632 persiopaspsoe
916 549 1079 611 redderent
1101 547 1271 610 Romaiu:
1295 545 1428 609 ”urbem
1450 567 1484 608 ue

398 655 489 718 quam
503 633 647 716 sarrinia
666 636 714 698 sui
727 635 813 716 juris
828 633 981 714 facerent,
1002 651 1067 714 pisa
1083 636 1156 712 post
1178 631 1214 692 id
1234 637 1359 712 ternpus,
1381 651 1435 711 quo
1453 632 1484 692 T.

402 721 560 793 stiuctissr
575 719 744 800 trajecisset
758 720 791 780 ia
808 719 969 794 Graciam,
983 722 1037 779 aut
1050 718 1080 778 oi
1095 721 1186 795 capta
1200 715 1239 777 al
1249 715 1393 778 nomos
1402 722 1485 791 esset,

399 810 454 867 aut
467 805 620 867 voluntate
634 805 667 866 irs
681 804 849 866 amicitiam
862 803 1010 864 oeuhset:
1037 800 1230 896 Cephallenia
1244 801 1344 862 insula
1359 806 1486 898 utsrtra

391 887 1057 1056 iiiiii..33⁸;i.itt.‘¹tttff⁸i
1080 903 1311 1031 isitii:
1333 883 1487 1046 titii

400 1055 590 1141 permissum
605 1066 664 1119 est.
709 1055 809 1118 Parva
828 1053 1015 1138 disceptatio
1029 1053 1068 1116 de
1083 1051 1218 1115 urbibus
1238 1052 1351 1116 tenuit.
1386 1053 1487 1136 ”qua

401 1161 501 1224 quum
516 1140 568 1238 sui
578 1139 661 1288 {uris
674 1139 844 1224 aliquando
864 1138 1009 1215 hrissent,
1031 1135 1122 1200 avelli
1136 1135 1223 1199 velut
1242 1158 1261 1234 a
1279 1157 1408 1234 corpore
1426 1158 1488 1235 'suo

400 1222 1490 1372 rumimunt-t

401 1401 639 1562 tttffii
654 1393 771 1562 titi}
782 1393 1491 1559 ittttititttiidiititihi

401 1562 514 1645 iuerat)
531 1583 627 1646 quam
642 1569 753 1624 ceterae
767 1559 904 1644 regionis
919 1559 987 1646 ejus
1002 1559 1098 1624 urbes
1116 1565 1217 1637 eruut,
1240 1559 1365 1624 sublata
1385 1561 1493 1623 omnin

401 1655 581 1730 avectaque.
617 1645 698 1708 nihil
735 1653 866 1708 raeterea
879 1653 1001 1708 tactum
1014 1643 1215 1708 violatumve.

445 1729 488 1792 X.
511 1729 675 1792 Profectus
690 1667 734 1792 ah
745 1729 916 1793 Ambracia
933 1729 1048 1792 consul
1062 1728 1095 1792 in
1110 1729 1338 1792 mediterranea
1356 1729 1491 1808 AEtoliae,

402 1813 444 1876 ad
471 1815 575 1898 Argos
599 1813 882 1897 Amphilochium·
913 1813 1038 1898 (viginti
1063 1813 1127 1877 duo
1147 1813 1245 1876 millia
1264 1813 1305 1876 ab
1328 1813 1493 1878 Ambracia

402 1897 502 1980 abest)
525 1903 629 1960 castra
647 1897 766 1982 posuit.
803 1919 840 1962 eo
855 1899 984 1962 tandem
998 1897 1094 1982 legati
1109 1897 1221 1976 AEtoli,
1242 1897 1263 1930 ⁸⁴
1275 1898 1407 1962 mirante
1420 1920 1491 1962 sou-

402 1981 481 2060 sule,
495 1982 582 2065 quod
597 1989 806 2061 morarentur,
819 1990 985 2048 venerunt.
1020 1983 1111 2062 lude,
1122 1991 1292 2068 postquam
1306 1983 1494 2068 adprobasse

401 2087 513 2151 pacem
528 2066 699 2130 concilium
713 2067 896 2132 AEtolorum
911 2067 1043 2154 accepit,
1062 2067 1162 2152 jussis
1180 2068 1338 2153 proficisci
1362 2069 1494 2132 Romam

401 2151 445 2214 ad
465 2159 623 2230 senatum,
645 2152 873 2237 permissoque,
896 2161 981 2216 utet
996 2152 1123 2232 Rhodii,
1138 2161 1170 2216 et
1183 2153 1418 2224 Atheniensesb
1442 2154 1494 2216 de-

426 2243 581 2300 recatores
606 2236 698 2314 irent,
720 2237 805 2316 dato,
824 2237 879 2321 qui
899 2237 995 2301 simul
1018 2259 1092 2300 eum
1112 2238 1151 2300 iis
1171 2237 1432 2336 proficisceretur,
1455 2239 1494 2303 C.

401 2257 527 2385 iussio
543 2321 648 2402 fratre,
669 2321 737 2407 ipae
755 2322 788 2386 in
814 2322 1052 2408 Cephalleniam
1074 2321 1207 2421 trajecit.
1253 2323 1494 2408 Praeoccupatas

401 2426 493 2470 aures
507 2407 692 2506 animasque
707 2407 891 2493 principum
907 2408 1018 2472 Romae
1040 2406 1225 2471 criminibus
1248 2407 1387 2494 Philippi
1410 2407 1494 2472 inve-

401 2499 625 2574 nerunt3qu1,
652 2511 710 2574 per
735 2491 867 2576 legatos,
897 2513 954 2578 per
981 2491 1097 2570 literas,
1122 2495 1144 2526 ⁸⁸
1156 2491 1309 2578 Dolopas,
1331 2493 1495 2641 Amphilo-

401 2575 552 2658 chosque,
575 2583 608 2637 et
631 2575 856 2638 Athamaniam
881 2597 932 2640 ere
956 2585 1005 2640 tas
1029 2576 1089 2640 sibi
1117 2597 1264 2662 querens,
1311 2577 1382 2640 raesi
1407 2578 1495 2662 'aque

402 2678 469 2736 sua,
492 2666 655 2740 postremo
679 2658 776 2722 etiam
800 2659 903 2724 filium
925 2599 1038 2725 Xerses
1060 2683 1100 2725 ex
1121 2662 1291 2747 Amphiloc
1316 2663 1323 2676 '
1357 2662 1495 2760 pulsum,

401 2749 555 2806 averterat
565 2750 711 2806 senatum
721 2743 761 2807 ab
775 2744 940 2808 audiendis
974 2746 1231 2810 reaibuseorum.
1264 2747 1380 2811 Rhodii
1391 2756 1495 2811 tamen

400 2833 433 2888 et
447 2825 659 2890 Athenienses
673 2847 748 2891 eum
763 2828 889 2894 silentio
905 2851 946 2894 au
971 2831 1006 2894 'ti
1026 2839 1112 2896 suut.
1154 2831 1360 2896 Atheniensis
1374 2831 1495 2916 legatus

400 2909 501 2990 Lentu
514 2909 646 2976 Icesiae⁶
670 2913 766 2992 filius,
793 2913 973 2999 eloquentia
1002 2915 1097 2980 etiam
1123 2915 1239 2980 dicitur
1264 2917 1420 2980 movisse:
1444 2919 1495 3002 qui

399 2995 529 3082 vulgata
543 2997 760 3076 similitudine,
773 2999 854 3063 mari
869 3007 940 3064 tran
964 2999 1051 3080 uillo,
1064 3001 1152 3085 quod
1163 3001 1266 3066 ventis
1277 3001 1495 3080 concitaretur,

399 3082 626 3168 aequiparando
655 3083 895 3148 multitudinem
924 3022 1119 3165 AEtolorum,
1143 3107 1230 3164 usus,
1259 3107 1349 3168 quum
1378 3089 1412 3150 ia
1434 3087 1495 3168 fids

398 3167 544 3230 Romana
556 3169 917 3250 westmonasterium,
940 3171 963 3204 ¹⁶
973 3173 1067 3234 insita
1078 3173 1180 3254 petetis
1194 3173 1419 3253 tranquillitate
1434 3175 1495 3253 qui-

399 3270 463 3313 esse
477 3271 527 3314 eas
539 3251 661 3315 aiebats
677 3260 841 3336 postquam
856 3253 968 3337 ”flare
982 3255 1022 3318 ab
1035 3257 1115 3320 Asia
1133 3257 1232 3320 tuom
1247 3263 1276 3319 et
1290 3257 1495 3332 Dicaearchus

399 3334 438 3396 ab
450 3335 579 3416 Europa
593 3337 771 3401 Maereat
786 3345 816 3402 et
830 3341 1029 3404 Damocritus
1043 3342 1220 3424 capisserst,·
1243 3347 1307 3404 tum
1325 3343 1413 3404 illam
1427 3349 1495 3404 tem·

447 3473 544 3517 terrast
555 3471 631 3517 Bekis.
768 3477 780 3506 ¹
791 3489 864 3522 amma
877 3483 951 3524 tomas
965 3475 1025 3522 Bad.
1154 3481 1168 3510 Ι
1179 3477 1370 3536 Amphilochicum
1382 3477 1452 3524 Cres.

398 3527 446 3580 bes
454 3535 603 3583 Athenienses
613 3541 636 3583 et
647 3536 732 3584 madii
742 3537 815 3585 Grau.
828 3539 896 3586 Cras.
948 3543 961 3574 θ
972 3541 1073 3588 Hiereia
1085 3539 1161 3587 sera
1202 3535 1216 3574 ‘¹
1228 3542 1333 3588 Meretur
1343 3541 1419 3587 Gran.
1433 3543 1495 3586 Cres

266 3643 296 3690 sl
319 3643 400 3691 Urias·
418 3661 446 3693 aa
462 3661 529 3707 pean
538 3643 644 3708 saneta
660 3651 696 3696 asi
707 3647 849 3711 jerusase-
913 3651 945 3699 st
962 3652 1080 3700 lssraete.
1092 3683 1099 3698 .
1113 3683 1119 3698 .
1131 3647 1354 3714 paodnorarestar]
1375 3651 1423 3698 iiie
1435 3653 1493 3698 nobi

234 3705 297 3768 rest]
316 3708 523 3768 Nequamurbens
535 3713 849 3770 mnuibuerentsibi,etad
882 3723 909 3762 ut
931 3725 955 3762 at
976 3717 1104 3768 (trenusio,
1127 3717 1202 3776 magis
1223 3716 1326 3776 placeret
1346 3717 1411 3776 qaid.
1450 3717 1495 3762 Nos

235 3769 357 3818 formulam
373 3771 451 3832 ispum
465 3774 617 3822 AEtoiiearum
632 3777 763 3836 alligarent.
799 3779 849 3826 iios
882 3787 961 3826 tamen
977 3781 1074 3827 omnino
1090 3789 1206 3840 receptam
1230 3781 1353 3826 lectionem
1380 3779 1494 3839 improba

235 3835 642 3899 sertitLisiusaxGreeoi'oipbii,
661 3835 780 3888 erlharii
798 3856 847 3901 prp-
881 3857 941 3890 mus.
975 3843 1365 3900 via.notsa‚ratxxxtv.c.
1379 3842 1420 3896 57.

234 3893 322 3960 diplas
343 3895 412 3960 lxets
432 3896 461 3948 lr
482 3901 514 3963 τῇ
537 3901 712 3967 asprohsrelp
753 3904 782 3952 iu
808 3906 849 3953 ilio
913 3907 945 3955 ³5
962 3907 1069 3969 Dolopum
1082 3909 1288 3968 Amphilochosque,
1303 3909 1495 3955 stationarios

235 3961 328 4009 traderis
339 3964 414 4024 rapite
426 3966 528 4024 respexit
545 3968 624 4026 procul
644 3968 715 4014 dubio
727 3969 808 4015 consui
819 3971 849 4016 sd
881 3969 982 4033 semeae]
1000 3973 1024 4018 Si
1036 3972 1070 4018 ita
1077 3971 1170 4032 scripsit
1180 3971 1267 4028 Livius,
1276 3971 1351 4031 mapis
1362 3972 1394 4018 ad
1406 3984 1495 4016 aeneus

235 4026 287 4072 ilias
307 4027 433 4074 Thessalia
454 4031 530 4084 urbes,
553 4030 698 4086 Pharsalum,
722 4031 849 4090 Echinum,
881 4037 1072 4094 quamadsoaea
1082 4036 1297 4096 attenditprassus
1312 4036 1380 4095 quasi
1393 4035 1495 4082 dixisset

238 4089 376 4146 Leucadem,
388 4105 446 4150 quas
462 4091 506 4138 sibi
525 4107 572 4139 uon
588 4095 691 4141 redditae
705 4093 776 4142 tuisse
790 4098 850 4144 adea
883 4099 1011 4159 Dolopiam,
1033 4101 1263 4160 deputeturque,
1285 4105 1308 4146 at
1329 4099 1495 4146 Athanasius

235 4153 350 4213 indignati
371 4154 464 4202 fueraut
484 4157 564 4211 AEtali,
585 4165 611 4204 ut
629 4157 674 4204 hac
693 4159 729 4204 ira
746 4161 850 4207 maxime
882 4163 929 4209 Sed
941 4162 1036 4210 ianuae
1047 4164 1144 4210 dederat
1155 4171 1262 4224 ereptan-

236 4217 378 4264 Antiochum
397 4219 421 4265 iu
434 4219 548 4266 Gratiam
561 4229 676 4267 romunt.
712 4222 764 4269 vid.
780 4237 851 4286 supra
913 4225 946 4274 ³6
969 4227 1044 4273 Irrita
1073 4229 1149 4288 pestis
1176 4224 1357 4288 tranquillitate]
1393 4227 1435 4274 Sic
1468 4229 1495 4274 iii

236 4281 351 4328 XXXlil.
366 4281 396 4330 ts
406 4292 431 4330 et
441 4282 480 4339 st,
493 4293 517 4330 et
529 4284 640 4331 XXXIV.
652 4285 690 4340 Ἠ,
703 4293 747 4332 etc.
882 4288 999 4336 xxvln.
1012 4305 1032 4338 e.
1044 4291 1084 4346 2⁴,
1097 4293 1168 4338 isrlta
1178 4293 1289 4338 ama
1300 4291 1405 4338 titidiae.

266 4343 299 4390 32
317 4346 372 4395 Qasr
388 4362 455 4408 mass
471 4350 507 4394 sui
516 4345 594 4410 juria]
613 4349 743 4408 hagaeum
757 4350 849 4398 Murato
913 4353 945 4408 87
962 4352 1059 4416 'th]
1079 4355 1158 4400 Livius
1170 4355 1318 4414 persequitur
1326 4365 1433 4414 emptam
1448 4365 1495 4402 tras

235 4421 298 4466 qaae,
309 4425 381 4468 quassa
406 4408 464 4458 'Sui
468 4410 534 4472 juris
542 4420 620 4458 autem
632 4413 736 4472 intellige
743 4415 848 4461 AEtotiei.
882 4417 925 4462 tari
937 4417 1123 4474 similitudinem,
1134 4419 1284 4478 loquiturque
1295 4420 1325 4464 da
1337 4419 1395 4465 belii
1411 4421 1495 4466 AEtoii

267 4469 300 4516 88
317 4471 408 4518 Castam
428 4481 450 4520 rt
482 4478 631 4538 uirqaagirta
645 4474 730 4538 paeda]
758 4478 848 4526 hiarca-
881 4481 1044 4534 censitoribus,
1064 4489 1176 4540 tanquam
1205 4483 1235 4528 de
1257 4483 1333 4528 sentis
1360 4485 1495 4543 quibusdan

284 4549 287 4564 ·
300 4537 437 4582 nosnatium
449 4491 504 4596 tia,
516 4554 568 4585 eum
581 4539 689 4588 unciis&
881 4544 989 4592 violentie
1001 4547 1042 4605 qui
1053 4559 1126 4602 mare,
1137 4559 1180 4606 per
1190 4560 1215 4592 se
1228 4547 1393 4606 tranquillum,
1407 4550 1495 4608 agiten
