3108 4982
168 335 232 400 2⁷4
753 319 846 384 TlTl
878 315 992 384 LlVll

172 500 201 548 υ.
211 499 238 547 c.
249 497 304 554 571.
333 481 542 543 accessemnt.
586 471 627 538 lu
640 491 694 536 eos
708 469 832 536 duabus
846 469 948 554 portis
967 465 1102 531 Romani
1124 465 1324 552 emptionem
1340 467 1423 532 sece-

170 561 237 612 Ml
251 559 304 613 ¹⁸¹·
332 569 421 640 runt,
441 567 474 624 et
496 556 722 642 incompositos
745 554 848 618 adorti
871 553 1033 616 fuderunt.
1076 551 1181 618 ’θυαε
1202 567 1253 615 res
1272 552 1313 614 ad
1329 552 1425 616 resis-

332 646 467 710 tendum
489 664 543 708 eos
568 649 601 705 et
622 641 663 704 ad
687 638 912 725 capessendam
934 657 1077 722 pugnam
1091 635 1235 720 inpediit,
1256 637 1344 719 quod
1357 655 1423 699 non

332 751 398 794 uuo
412 727 548 814 agmine,
562 746 621 789 nec
635 725 676 788 ad
690 724 781 823 signa
795 724 975 807 frequentes
983 721 1163 798 veniebant,
1178 721 1287 784 eadem
1298 741 1424 804 magnae

332 814 416 900 perti
439 813 480 876 ad
502 811 612 896 fugem
633 809 728 872 saluti
748 808 818 873 fuit.
862 806 971 892 Sparsi
990 805 1076 869 enim
1092 813 1161 868 toto
1174 805 1294 889 passim
1310 825 1424 902 campo

334 921 368 962 se
383 897 597 962 diffuderuntr
619 915 678 957 neo
692 915 828 976 usquam
843 891 1001 955 confertos
1016 911 1070 953 eor
1084 889 1186 952 hostis
1205 889 1424 952 circumvenit.

334 989 441 1046 tamen
464 981 505 1044 ad
528 979 696 1044 duodecim
720 977 819 1041 millia
843 985 919 1040 sunt
939 977 1041 1038 caesa!
1062 981 1156 1058 capta
1182 973 1256 1057 plus
1282 973 1425 1056 quinque

334 1067 432 1132 millia
444 1064 620 1142 hominum,
641 1061 716 1146 equi
729 1059 962 1146 quadringenti,
983 1058 1074 1142 signa
1092 1057 1239 1120 militaria
1261 1058 1427 1141 sexaginta

335 1151 409 1214 duo.
445 1147 511 1216 Qui
525 1147 622 1234 palati
636 1169 654 1210 e
668 1147 744 1230 fuga
757 1148 887 1209 domum
903 1165 936 1206 se
950 1143 1153 1227 recipiebant,
1163 1142 1296 1204 alterum
1309 1163 1426 1226 agmen

336 1234 568 1300 Celtiberorum
595 1231 800 1309 venientium,
830 1229 1021 1292 deditionem
1057 1225 1238 1290 Contrebiae
1270 1233 1303 1288 et
1332 1246 1426 1288 suam

336 1319 457 1384 cladem
483 1317 650 1395 amando,
672 1322 862 1380 averterunt.
898 1311 1057 1396 extemplo
1075 1310 1109 1373 in
1124 1307 1211 1373 vicos
1233 1309 1426 1394 castellaque
1536 1312 1545 1343 l

336 1425 395 1468 sua
409 1424 520 1466 omnes
535 1401 599 1466 dila
621 1401 659 1464 si.
702 1400 844 1476 Flaccus,
865 1419 885 1460 a
907 1393 1080 1462 Contrebia
1095 1395 1266 1479 prolectas,
1279 1415 1337 1478 per
1350 1393 1426 1457 cel-

336 1488 482 1552 tiberiam
506 1508 548 1572 po
624 1483 753 1548 bundas
777 1483 865 1544 ducit
888 1481 900 1544 l
942 1482 1045 1544 'onesr
1068 1479 1192 1542 'multa
1213 1478 1341 1541 castella
1366 1478 1426 1542 ob-

335 1572 491 1657 pugnavit
499 1581 524 1650 ⁰,
587 1591 646 1632 nec
665 1567 898 1651 maximopere
951 1565 1153 1630 eltiberorum
1177 1563 1211 1626 in
1231 1562 1460 1626 deditionem·
1538 1590 1540 1599 ·

335 1656 432 1721 venit.

377 1737 540 1802 XXXIV.
564 1735 692 1799 Haecin
706 1734 848 1798 citeriore
865 1733 927 1797 His
951 1733 1022 1796 ania
1036 1753 1074 1796 co
1088 1751 1172 1796 anno
1226 1739 1284 1794 sta.
1327 1731 1374 1794 Et
1390 1731 1426 1794 in
1539 1711 1545 1735 ⁸

171 1821 222 1854 ⁰⁰⁰
247 1820 269 1854 ⁸
335 1822 493 1898 ulteriora,
515 1819 658 1884 Manlius
676 1827 797 1919 praetor
819 1839 916 1882 secun
977 1819 1017 1881 ali
1040 1825 1098 1881 uot
1117 1837 1185 1902 proe
1199 1817 1227 1880 'a
1241 1837 1315 1880 curn
1330 1815 1427 1880 Lusi·

334 1904 417 1970 tanis
431 1905 515 1970 fecit.
558 1904 705 1988 Aquileu
719 1904 842 1968 colonia
857 1903 1002 1968 Latinae
1045 1923 1095 1966 em
1109 1923 1193 1966 anno
1207 1902 1241 1965 in
1256 1921 1331 1986 agro
1347 1901 1428 1964 Gal·
1544 1928 1549 2001 ζ

334 1990 438 2055 lorum
452 1997 501 2054 est
514 1989 659 2054 deducta
694 1989 755 2053 trie
772 1987 872 2052 millia
892 1988 1038 2074 peditum
1062 1986 1284 2072 quinquagena
1300 1986 1426 2070 jugera,

335 2075 535 2140 centuriones
549 2081 692 2154 centena,
707 2081 840 2138 centena
859 2073 1060 2158 quadragena
1079 2071 1201 2154 equites
1225 2079 1427 2155 accepemnt.

335 2159 458 2224 tresviri
472 2159 684 2239 deduxerunt,
700 2159 735 2224 P.
745 2157 912 2223 Cornelius
927 2157 1034 2243 Scipio
1049 2155 1176 2234 Nasica,
1191 2155 1228 2219 C.
1240 2153 1427 2235 Flaminius,

336 2245 375 2310 L.
391 2244 534 2308 Manlius
562 2243 727 2308 Acidinus.
770 2243 871 2306 AEdes
895 2243 967 2306 duae
990 2261 1027 2305 eo
1052 2261 1136 2306 anno
1155 2239 1306 2304 dedicatae
1330 2247 1428 2304 suntr

336 2351 401 2394 unc
414 2329 548 2394 Veneris
561 2328 710 2414 Erycinae
723 2327 764 2392 ad
776 2337 902 2414 portam
917 2326 1074 2391 Collinam
1086 2349 1094 2389 ε
1117 2323 1274 2388 dedicavit
1295 2325 1334 2388 L.
1349 2325 1430 2388 Por-

336 2415 404 2478 cius
419 2415 459 2478 L.
471 2415 508 2478 F.
521 2413 653 2476 Licinus
672 2413 829 2477 duumvir.
868 2415 953 2494 (vota
966 2419 1033 2474 erat
1047 2411 1087 2475 ab
1102 2410 1232 2474 consule
1247 2409 1286 2473 L.
1302 2409 1428 2488 Porcio,
1543 2425 1549 2435 ·

368 2497 375 2513 ’
438 2498 506 2561 tino
520 2498 626 2580 bello.)
650 2497 757 2575 altera,
772 2497 806 2560 in
820 2497 889 2560 foro
904 2495 1040 2574 olitorio,
1062 2493 1203 2558 Pietatis.
1237 2515 1306 2558 enm
1324 2493 1428 2557 aedem

336 2579 566 2696 persen.
580 2580 702 2678 nnn
719 2580 1253 2742 Glblrllltlrltl‘tt‘
1273 2587 1430 2726 ⁸3²3?ss

171 2730 256 2827 ’Ἣ
335 2685 438 2812 billlffi
448 2683 788 2844 lppllrtlmlnlliuilrall,1
795 2749 850 2832 qui
865 2747 933 2833 ipse
948 2771 1017 2812 eam
1032 2750 1133 2812 aedem
1147 2685 1285 2826 voveriil:
1296 2768 1361 2831 quo
1376 2747 1428 2810 die

336 2853 410 2896 cum
428 2851 502 2916 rege
515 2831 675 2896 Antiocho
695 2831 736 2896 ad
748 2833 978 2918 Thermopylae
1002 2835 1234 2918 depugnasset:
1256 2833 1429 2896 locaverat-

336 2937 398 3001 que
418 2916 503 2980 idem
527 2937 567 2981 ex
586 2917 871 2982 senatusconsulto.
915 2917 976 2981 Per
996 2919 1122 2981 eosdem
1143 2917 1220 2996 dies,
1243 2917 1360 3002 quibus
1376 2919 1428 2981 hae

194 3003 254 3048 Μ
288 3016 316 3078 3¹·
335 3003 420 3066 redes
435 3001 587 3067 dedicatae
602 3011 688 3082 sunt,
704 3003 907 3066 LAEmiliua
923 3002 1053 3066 Paullus
1072 3001 1244 3087 proconsul
1266 3023 1307 3066 ex
1327 3001 1428 3086 lign-
1543 3018 1550 3034 ³

191 3099 220 3177 g„
239 3129 255 3178 ἱ.
287 3079 294 3112 ¹
335 3087 425 3187 ribus
435 3087 588 3186 ingaunis
598 3087 815 3173 triumphavit.
837 3087 1014 3151 'lhanstulit
1025 3107 1156 3150 coronas
1165 3105 1274 3149 aureas
1285 3086 1428 3170 quinque

336 3179 412 3235 etvr
446 3181 504 3236 ntr.
519 3181 741 3256 necpraeterea
774 3172 925 3256 uidquam
940 3171 1008 3234 auri
1022 3170 1300 3256 argentiqueineo
1313 3171 1427 3234 trium·
1542 3230 1544 3251 ,

334 3255 401 3340 pho
436 3263 535 3320 atum
571 3256 688 3339 captivi
712 3277 746 3319 m
781 3256 805 3318 ti
831 3256 991 3340 principes
1017 3256 1174 3340 Ligurum
1196 3263 1268 3318 ante
1296 3273 1427 3318 cunum
1541 3258 1550 3302 l

336 3339 434 3404 ducti.
457 3339 479 3374 ²¹
489 3339 560 3402 seris
574 3347 718 3403 trecenos
732 3339 887 3404 militibus
900 3340 1016 3404 divisit.
1047 3343 1217 3404 Auxerunt
1229 3339 1298 3424 ejus
1312 3339 1426 3402 trium-

211 3483 244 3514 un
335 3423 392 3509 phi
407 3424 524 3486 famem
538 3423 634 3506 legati
648 3423 816 3507 Ligurum,
830 3445 941 3509 paoem
954 3432 1141 3510 perpetuam
1159 3433 1303 3487 orantcsr
1325 3427 1372 3486 ito
1392 3425 1427 3486 ta

234 3545 279 3579 m.
335 3509 469 3572 animam
491 3509 648 3572 inductae
668 3509 818 3590 Liparum
835 3516 965 3592 pentem,
986 3509 1071 3572 uallo
1088 3527 1230 3591 amquam
1246 3527 1345 3586 osso,
1365 3509 1427 3571 ntes·

489 3669 743 3731 omnesne.
966 3671 1208 3732 immolarant·
1220 3669 1279 3716 asa.

201 3805 228 3884 Β.

168 3879 229 3932 Μ

169 3949 279 3996 pugnam,
292 3949 377 3994 nempe
388 3936 450 3996 qaod
467 3950 514 3982 non
532 3951 580 3982 ano
595 3937 689 3997 egmlm
701 3939 779 3985 wole-
811 3940 894 3987 Stura
904 3938 954 4000 ejas
972 3941 1056 3986 lrdtrle
1068 3936 1127 3999 salt,
1143 3939 1257 3986 Pvenute
1269 3939 1293 3983 ln
1303 3934 1359 3998 sm
1374 3943 1426 3984 ete·

170 4001 234 4055 henr,
246 4013 289 4046 nec
299 3999 435 4058 circnigna
450 4013 480 4044 ex
499 3999 622 4060 discipline
639 4002 778 4062 conpletur,
812 4009 869 4050 tato.

235 3805 317 3856 'Qua
328 3821 365 3855 rer
376 3839 383 3853 .
394 3837 402 3855 .
413 3841 419 3855 .
432 3806 522 3870 emm]
541 3809 631 3856 Eadem
640 3825 677 3858 res
688 3825 780 3871 magne
804 3807 859 3871 soro
870 3817 1024 3859 richmiro.-
1040 3819 1064 3858 et
1073 3811 1109 3857 bis
1121 3809 1181 3858 Phil.
1194 3809 1236 3856 IX.
1249 3824 1271 3855 n.
1291 3807 1328 3862 lo.
1340 3809 1426 3856 eadem
1544 3816 1548 3869 ξ

248 3871 317 3917 ueluti
336 3869 388 3928 ruit,
401 3885 454 3932 quar
473 3873 641 3932 impedimento
657 3873 733 3922 fueret
749 3875 780 3922 sd
811 3875 927 3922 locutione
939 3875 1019 3922 utitur.
1043 3873 1090 3921 'et
1107 3875 1156 3935 lpse
1176 3874 1264 3929 Livius,
1282 3869 1374 3919 Xlllll.
1386 3869 1425 3928 lo,
1545 3878 1551 3894 ⁸

168 4064 210 4109 sed
222 4063 311 4122 dlsJecri
323 4061 484 4122 dlssipetique.
845 4063 872 4114 ll
891 4067 916 4112 Ie
927 4061 990 4127 erot]
1009 4061 1122 4112 Referri
1138 4065 1158 4112 lc
1174 4065 1204 4111 ad
1221 4073 1311 4124 petrem
1329 4063 1425 4109 Glabri-
1541 4056 1543 4079 r

201 4127 311 4174 Multo
329 4127 422 4173 wlede
439 4123 588 4188 oppugnarit]
614 4125 694 4184 Nolle,
714 4135 741 4174 ut
756 4137 781 4176 et
813 4143 892 4185 onem,
904 4131 941 4176 cul
953 4129 1116 4188 staturposltr
1127 4137 1170 4184 ert,
1182 4141 1229 4175 non
1246 4127 1275 4174 ed
1288 4127 1370 4180 fllium.
1382 4127 1425 4185 qul

169 4191 295 4246 Gronovio,
307 4191 406 4250 placeret
419 4190 492 4248 magle
505 4193 647 4250 expugnarit.
812 4194 897 4253 posuit.
930 4195 1000 4244 Quod
1022 4201 1046 4239 et
1066 4193 1122 4239 satir
1144 4201 1208 4252 patet
1230 4205 1259 4238 ex
1282 4191 1338 4250 ipris
1363 4190 1425 4236 Livii
1537 4192 1542 4254 ζ

204 4253 234 4301 10
252 4255 307 4304 Quo
326 4258 399 4315 prim
418 4257 514 4300 mian
533 4281 578 4300 ...
597 4260 676 4300 statuo
696 4261 780 4302 oardto
813 4251 1426 4316 verbis,etclareomnlnoerprlnriturrValllax.

168 4313 215 4378 erl]
234 4317 382 4364 Aueolitnur
392 4317 512 4364 Gronovio
529 4315 625 4376 legenti,
636 4332 686 4378 pu
704 4321 780 4378 priseo
812 4321 827 4366 l.
841 4321 874 4366 ll.
887 4336 906 4367 c.
919 4323 943 4367 d.

168 4383 264 4427 ousiam
282 4388 370 4428 stolato
386 4388 469 4428 carolo
488 4387 529 4427 ert.
562 4381 667 4428 Statum
680 4389 779 4430 ararum
845 4383 875 4430 la
891 4386 957 4431 AEn‘r
979 4379 1089 4442 tretecor]
1107 4382 1155 4433 Qut
1172 4387 1267 4442 equent
1285 4381 1367 4426 uncias
1384 4395 1425 4426 er-

168 4443 303 4502 requenter
320 4445 401 4490 dixere
423 4453 520 4490 veteres.
561 4444 608 4491 Cic.
629 4459 671 4505 pro
691 4447 778 4504 Sestio,
810 4448 875 4506 genti
896 4455 1010 4496 ooetreter
1029 4455 1107 4494 lerose
1124 4459 1179 4493 arm
1193 4446 1264 4503 auls,
1284 4452 1311 4491 ut
1330 4452 1426 4504 vorant,

169 4519 191 4552 n.
204 4505 243 4562 aa,
256 4507 307 4554 Non
315 4507 400 4565 debito,
407 4510 461 4570 qais
472 4509 594 4570 aliquando
605 4516 683 4556 elom
693 4511 744 4558 huic
755 4511 779 4558 is
811 4511 903 4570 grossis.
