3086 4952
434 369 522 434 LIB.
546 366 708 434 XXXVI.
740 366 836 434 CAP.
860 369 921 434 lX.
1329 381 1368 442 51

113 522 282 608 copiasque
306 517 508 584 arcessendas
534 540 573 582 ex
595 517 673 582 Asia
702 517 928 604 Polyxenidam
954 518 1051 585 misit.
1094 521 1207 608 Legati
1221 543 1286 592 uc.
1299 543 1353 592 ool.

113 608 273 670 Larissam
295 605 337 668 ad
353 603 522 669 consilium
536 603 761 667 Thessalorum
784 611 861 666 sunt
881 603 980 684 missi,
1002 605 1025 637 '¹
1037 612 1070 670 et
1086 607 1206 672 AEtolis
1219 605 1248 654 Α·
1259 607 1287 663 ⁰·
1301 607 1352 658 ¹⁰¹·

112 691 389 776 Amynandroque
411 689 478 752 dies
502 687 544 751 ad
564 687 816 752 conveniendum
838 689 989 752 exercitui
1014 689 1132 756 Pheras
1155 699 1206 756 est

111 775 214 838 diuus
227 787 242 814 ¹
266 775 377 838 eodem
398 782 430 836 et
454 793 509 836 rex
532 793 606 835 cum
626 771 692 834 suis
711 772 810 858 copiis
828 773 994 838 confestim
1012 774 1108 838 venit
1153 777 1204 842 lbi

110 859 222 923 ”dum
248 859 438 957 opperitur!
458 857 702 942 Amynandrum
728 865 824 940 atque
852 858 988 937 AEtolos,
1018 859 1203 945 Philippum

112 943 422 1030 Megalopohtanum
437 963 511 1004 cum
526 941 652 1004 duobus
665 940 805 1004 millibus
819 942 986 1007 hominum
1004 943 1045 1006 ad
1069 944 1203 1030 legenda

109 1049 181 1092 ossa
205 1028 423 1091 Macedonum
446 1027 528 1088 circa
553 1025 818 1110 Cynoscephalas,
843 1027 900 1090 ubi
924 1027 1116 1092 debellatum
1134 1039 1202 1094 erat
1214 1020 1349 1133 mm

109 1134 183 1175 cum
199 1113 308 1197 Philip
351 1158 362 1190 ,
381 1111 488 1189 misit;
511 1109 575 1173 sive
594 1109 664 1173 ”ab
684 1111 765 1195 ipso,
780 1119 941 1195 quoerente
961 1112 1022 1178 sibi
1041 1135 1201 1178 commen·
1214 1101 1325 1198 num-d

108 1197 271 1260 dationem
286 1133 351 1259 ado
341 1195 556 1259 Macedonum
566 1203 694 1280 gentem
709 1203 742 1257 et
755 1195 905 1259 invidiam
919 1197 996 1282 regi,
1011 1199 1098 1282 quod
1117 1199 1201 1264 inse-
1214 1215 1249 1274 cy
1252 1229 1334 1262 nnnnn

107 1281 219 1366 pultos
248 1281 365 1344 milites
388 1280 576 1364 reliquisset,
600 1279 742 1342 monitus
754 1305 763 1358 3
791 1280 855 1343 sive
880 1282 921 1344 ab
948 1282 1044 1348 insita
1071 1283 1200 1382 regibus
1213 1279 1301 1338 PM*

106 1366 250 1429 vanitate
265 1365 306 1428 ad
320 1364 488 1428 consilium
502 1363 605 1448 specie
620 1363 774 1449 amplum,
789 1385 822 1427 re
837 1365 941 1444 inane,
953 1367 1059 1430 animo
1068 1368 1203 1451 adyecto.

105 1450 270 1514 'lhmulus
298 1457 357 1528 est,
386 1449 420 1511 in
448 1471 549 1512 nuum
577 1448 713 1526 ossibus,
737 1469 810 1532 quae
839 1449 960 1533 passim
983 1459 1081 1514 strata
1102 1461 1202 1531 erant,

107 1533 312 1611 coacervatis,
322 1535 443 1612 factns3
457 1533 480 1565 ⁸⁴
492 1533 547 1616 qui
557 1533 678 1596 nullam
687 1531 819 1616 gratiam
828 1534 869 1596 ad
880 1535 1084 1614 Macedonas,
1093 1535 1203 1602 odium

106 1619 224 1704 ingens
236 1619 279 1682 ad
292 1618 477 1702 Philippum
491 1617 600 1681 movit.
645 1617 768 1700 Itaque,
789 1617 845 1702 qui
859 1618 900 1681 ad
914 1618 948 1682 id
961 1627 1088 1704 tempus
1102 1621 1202 1684 sortu-

106 1725 185 1767 uam
210 1711 296 1766 esset
313 1702 346 1765 in
366 1701 497 1766 consilio
518 1701 696 1780 habiturus,
717 1701 745 1764 is
759 1703 918 1788 extemplo
933 1703 974 1766 ad
989 1705 1038 1768 M.
1054 1705 1202 1770 Baebium

106 1785 727 1935 immittat„
742 1787 1200 1954 nemag&

352 1918 363 1950 ,
716 1919 723 1933 .

106 1959 186 2038 quid
199 1957 350 2040 Quidum
363 1961 451 2033 esset,
466 1957 680 2020 coruultoreat.
825 2001 826 2006 η
1132 1921 1143 1952 ⁹
1189 1919 1200 1953 ’

152 2041 217 2104 IX.
239 2040 409 2118 Antiocho,
424 2039 465 2102 ad
479 2040 596 2103 Pheras
605 2039 674 2124 jam
693 2045 795 2102 castra
811 2039 950 2120 habenti,
972 2039 1028 2106 ubi
1046 2041 1200 2126 conjunx·
1214 2050 1271 2126 ajin
1279 2057 1345 2109 Μ·

105 2133 202 2188 erant
214 2125 244 2188 ei
258 2145 292 2187 se
307 2123 408 2187 AEtoli
430 2131 463 2186 et
482 2123 698 2222 Amynander,
722 2124 817 2208 legati
836 2125 876 2188 ab
895 2125 1022 2190 Larissa
1035 2133 1200 2206 venerunt,
1213 2114 1349 2225 {praeua-

105 2217 304 2356 iffi?
311 2208 404 2354 tlt
417 2208 1202 2376 tertullianistarum

104 2377 192 2462 quid
207 2376 236 2439 ei
251 2375 418 2454 videretur,
433 2397 539 2440 secum
556 2377 757 2461 disceptaret.
802 2376 925 2438 Eodem
948 2385 1014 2440 tem
1057 2397 1091 2439 re
1110 2377 1203 2460 quiu-

104 2471 227 2546 gentos
243 2468 389 2539 armatos,
407 2460 486 2524 duce
502 2461 719 2559 Hippolocho,
735 2460 852 2524 Pheras
867 2459 1008 2559 inpressi
1034 2461 1098 2524 'um
1109 2461 1203 2526 mise·

105 2555 209 2609 runt:
231 2545 276 2623 hi,
297 2545 415 2608 exclusi
430 2545 528 2624 aditu,
538 2567 606 2630 Jam
620 2543 727 2608 omnia
739 2545 852 2608 itinera
864 2545 1083 2610 obs1dentibus
1097 2545 1202 2631 regiis,

105 2631 298 2694 Scotussam
313 2651 346 2692 se
361 2638 557 2714 receperunt.
580 2629 709 2714 Legatis
723 2629 949 2693 Larissaeorum
963 2652 1018 2694 rex
1032 2631 1203 2696 clementer

104 2713 1203 2864 emiuentissimaelentule

105 2905 186 2947 cum
202 2883 340 2946 Pheraeis
354 2845 470 2967 ageret}
485 2882 612 2946 missus.
648 2881 700 2944 oui
713 2883 801 2945 nullo
814 2883 888 2946 dato
901 2903 1065 2968 responso,
1081 2822 1204 2948 Pheilaei

104 2969 195 3054 ipsi⁸
208 2967 348 3052 legatum
363 2967 404 3030 ad
418 2987 535 3052 regern,
542 2965 727 3114 ffiudpem
740 2966 876 3030 civitatis
891 2967 1089 3045 Pausaniam,
1110 2968 1204 3030 mise-

105 3059 199 3116 runt.
244 3051 310 3117 aui
324 3073 426 3136 quum
441 3052 528 3115 haud
566 3051 572 3065 '
608 3051 705 3114 inulia
719 3051 780 3128 his,
798 3058 836 3113 ut
849 3051 884 3113 in
898 3069 1010 3114 caussa
1030 3051 1110 3148 pari,
1131 3071 1204 3134 quoe

105 3159 169 3223 pro
186 3135 452 3201 Chalcidensibus
467 3136 500 3199 in
515 3135 683 3219 conloquio
694 3135 735 3198 ad
746 3135 860 3219 Euripi
874 3135 991 3200 fretum
1006 3135 1091 3200 dcta
1105 3143 1204 3214 erant,

107 3221 261 3306 quaedam
275 3222 370 3284 etiam
382 3221 527 3298 ferocius,
548 3219 682 3306 egissct3
701 3241 759 3283 rex
781 3220 876 3284 etiam
898 3225 993 3304 atque
1012 3220 1108 3284 etiam
1127 3219 1205 3284 deli-

107 3307 223 3370 berare
235 3327 290 3369 eos
299 3306 419 3390 jussos,
434 3327 474 3368 ne
489 3305 522 3368 id
536 3305 659 3370 consilii
674 3313 832 3390 caperent,
846 3305 948 3390 cujus,
967 3305 1044 3370 dum
1064 3304 1098 3368 iu
1116 3305 1204 3370 liutu-

108 3413 185 3454 rum
200 3390 296 3454 nimis
309 3389 395 3453 cauti
408 3398 440 3454 et
454 3389 578 3474 providi
591 3397 707 3468 essent,
717 3389 875 3474 extemplo
885 3389 1063 3474 poeniteret,
1074 3389 1204 3454 dimisit.

112 3476 197 3538 llaec
210 3475 397 3538 renunciata
410 3475 527 3538 Pheras
541 3473 657 3559 legatio
676 3495 776 3558 quum
795 3483 889 3553 esset,
910 3495 952 3538 ne
970 3475 1115 3559 paullum
1134 3473 1204 3620 qui·

111 3561 187 3622 dem
210 3559 409 3637 dubitarunt,
429 3559 508 3643 quin
529 3580 588 3644 pro
605 3559 668 3622 fide
688 3580 762 3644 erga
777 3559 947 3637 Romanos,
965 3558 1121 3642 quidquid
1151 3579 1203 3622 ors

111 3644 189 3708 belli
210 3643 349 3723 udisset,
369 3651 563 3730 paterentur.
607 3643 720 3728 ltaque
737 3651 770 3707 et
787 3643 822 3707 hi
835 3664 960 3708 summa
974 3664 1034 3728 ope
1048 3643 1204 3728 parabant

144 3819 160 3848 ¹
171 3815 357 3863 muron.
526 3818 692 3877 'modulor
703 3815 762 3863 llud.
891 3815 967 3862 ¹edd.
979 3829 1044 3863 maa
1052 3815 1126 3862 (lton
1139 3804 1208 3864 (ἔην’.

143 3973 174 4022 ³1
194 3976 227 4022 Bt
247 3975 333 4022 AEtole'e
351 3977 541 4038 Amynandroque
559 3977 608 4024 dlea
627 4008 673 4023 ...
692 3981 727 4023 nt
758 3977 901 4037 antiquiores
912 3976 977 4032 edltl,
989 3985 1047 4024 teste
1059 3977 1184 4024 Gronovlu.
1207 3975 1304 4024 Accedit
1316 3973 1368 4022 us·

113 4035 199 4100 dhan]
216 4039 355 4099 suspicatur
366 4041 414 4086 lac.
427 4041 567 4097 Gronovius,
579 4047 602 4088 ot
618 4042 649 4087 ot
659 4041 726 4088 AEto-
760 4039 819 4088 Vlct.
853 4041 930 4099 Vulgo
940 4042 993 4088 de·
1004 4043 1152 4102 ορμήηιιν.

113 4103 148 4148 aa
183 4105 258 4149 lteete
274 4103 379 4150 omuino.
412 4100 427 4131 ⁸
436 4104 508 4150 AEtoli
530 4111 555 4150 et
574 4105 728 4164 Amynander
790 4104 823 4152 88
838 4099 944 4166 ΔΝΜ]
963 4105 1071 4166 Philippo
1083 4103 1285 4164 Megalopolitano.
1313 4101 1367 4148 vla.

113 4167 256 4213 wanirant
265 4167 351 4228 coplae.
363 4167 427 4214 dieta
437 4168 477 4214 die
487 4168 518 4214 ed
530 4182 600 4228 quam
612 4169 727 4216 exereitus
759 4182 828 4228 supra
839 4168 855 4214 l.
868 4167 965 4215 XXXV.
977 4183 996 4216 c.
1010 4169 1047 4224 ⁴7.

114 4229 201 4276 Pherae
212 4231 338 4277 maire
350 4231 453 4278 &beret
486 4231 617 4286 tidenter
626 4232 726 4279 duorum
790 4231 821 4279 dl
838 4229 853 4258 ⁶
862 4231 908 4282 Qui
923 4233 1007 4280 muas
1021 4228 1134 4294 gradu]
1154 4227 1203 4279 Qui
1226 4241 1302 4288 neque
1313 4241 1367 4288 gra·

114 4293 181 4340 181
193 4303 217 4340 et
234 4295 318 4354 pern·
333 4295 443 4342 suumn
457 4296 596 4342 autoritate
609 4297 678 4356 jubet
689 4309 725 4341 re·
759 4302 808 4340 tum
822 4295 990 4344 lleoedonlhua
1002 4296 1151 4349 Antiochum.
1160 4300 1184 4338 et
1197 4292 1299 4342 turicum
1311 4291 1368 4338 Phi·

112 4357 181 4402 eeribi
196 4359 280 4413 fletus,
293 4371 341 4405 aon
359 4360 465 4414 lulittae.
482 4367 509 4405 ut
524 4359 602 4418 vulgo.
636 4360 666 4406 El
683 4359 725 4404 ob·
758 4358 823 4419 lippo
834 4359 896 4408 iecit.

113 4423 186 4466 mu
197 4435 279 4468 mue
290 4435 319 4468 eo
329 4423 449 4478 libentius.
460 4423 524 4482 quod
534 4429 611 4470 serm
619 4423 726 4470 eamdem
790 4423 821 4470 aa
838 4419 917 4484 Mau]
936 4422 1032 4482 supple,
1049 4419 1146 4474 litteras.
1159 4419 1195 4464 vel
1214 4417 1311 4466 nuncios
1327 4419 1372 4482 qui
1427 4443 1435 4451 ·

113 4485 253 4542 niptsram
263 4487 338 4532 ceder
350 4487 464 4532 victorio.
758 4487 875 4534 docerent.
909 4487 962 4533 vid.
975 4497 1045 4544 supra
1055 4485 1071 4532 l.
1084 4481 1151 4528 Vlll.
1162 4497 1182 4530 e.
1194 4481 1233 4532 Ἀ

143 4545 178 4594 8
194 4549 256 4594 Da·
273 4545 404 4610 opperiar]
432 4549 470 4598 ΒΜ
493 4549 580 4596 lachem
601 4551 679 4612 scripti
702 4557 727 4597 et
1179 4609 1200 4670 ²
