3108 4982
156 309 220 372 248
748 303 840 368 TITl
864 303 978 368 LIVll

159 477 224 522 uc.
237 475 284 529 aro
322 475 406 532 eum,
420 473 492 536 quae
516 452 639 516 senatui
661 451 865 536 placuissent,
879 451 1046 528 fatebatur,
1060 455 1098 512 ut
1120 449 1210 514 facile
1234 451 1411 537 adpareret,

159 541 187 586 Α·
200 541 225 585 ⁰·
241 539 292 586 ¹⁸²·
323 559 387 602 non
404 537 535 615 diutius,
549 559 645 620 quani
668 557 795 600 necesse
817 543 910 614 esset,
925 535 1093 598 facturum.
1120 555 1223 620 neque
1238 536 1413 601 obscurum

322 633 389 686 erat
402 622 638 700 rebellaturum,
656 621 834 704 omniaque,
848 642 920 703 quie
943 629 1020 682 tunc
1041 629 1147 716 ageret
1168 620 1358 704 diceretque,
1374 644 1413 686 eo

323 719 475 792 spectare.
518 707 539 770 J
542 727 592 768 am
607 707 745 790 primum
761 727 887 768 omnem
903 705 966 766 fere
981 703 1218 766 multitudinem
1241 703 1358 768 civium
1373 728 1413 770 ex

323 792 488 854 maritimis
513 791 693 853 civitatibus
717 811 791 852 cum
816 789 941 850 familiis
968 789 1034 850 suis
1059 788 1092 850 in
1118 789 1310 868 Emathiam,
1338 813 1414 874 quae

324 899 410 940 nunc
426 876 550 953 dieitur,
565 875 725 1020 quondam
739 873 896 956 adpellata
911 873 1038 935 Paeonia
1056 879 1115 950 est,
1128 873 1289 936 traduxit:
1311 875 1415 937 Thra-

325 961 478 1043 cibusque
502 969 534 1022 et
557 959 626 1020 aiis
648 958 791 1022 barbaris
811 957 906 1020 urbes
928 956 1058 1019 tradidit
1080 956 1278 1034 habitandas,
1301 958 1416 1022 fidiora

325 1045 395 1108 haec
408 1065 524 1128 genera
539 1043 704 1106 hominum
717 1043 784 1106 fore
798 1050 887 1105 ratus
902 1041 935 1103 in
950 1041 1093 1104 Romano
1107 1041 1200 1104 bello.
1245 1041 1416 1125 Ingentem

325 1149 363 1192 ea
376 1149 427 1192 nes
441 1127 601 1191 fremitum
614 1135 683 1190 tota
695 1127 883 1190 Macedonia
891 1125 965 1188 fecit
976 1151 985 1204 3
998 1125 1272 1208 relinquentesque
1283 1137 1416 1210 penates

326 1233 402 1276 suos
417 1235 491 1276 cum
505 1212 694 1296 conjugibus
709 1233 745 1274 ac
766 1211 872 1274 liberis
895 1209 988 1294 pauci
1010 1209 1142 1272 tacitum
1157 1209 1297 1273 dolorem
1314 1213 1417 1274 conti-

326 1297 465 1375 nebant3
501 1296 791 1379 exsecrationesque
820 1295 854 1358 in
881 1293 1059 1379 agminibus
1088 1293 1356 1378 proficiscentium
1380 1297 1415 1359 in

326 1403 444 1466 regem,
458 1381 603 1446 vmaente
618 1380 690 1444 odio
706 1389 837 1458 metum,
857 1379 1117 1442 exaudiebantur.
1163 1378 1225 1442 His
1239 1381 1328 1443 ferox
1347 1381 1417 1444 ani-

327 1488 400 1530 mus
414 1487 523 1530 omnes
538 1465 692 1543 homines,
703 1464 809 1527 omnia
818 1464 886 1526 loca
896 1473 1100 1547 temporaque
1109 1472 1257 1546 suspecta
1266 1465 1415 1529 babebat.

330 1551 494 1614 Postremo
510 1570 623 1632 negare
645 1549 807 1632 propalam
822 1548 929 1645 coepit,
951 1547 1028 1610 satis
1043 1557 1149 1610 tutum
1162 1547 1223 1611 sibi
1238 1549 1417 1633 quidquam

329 1656 407 1711 esse,
423 1635 483 1696 nisi
498 1633 613 1696 liberos
636 1653 756 1710 eorum,
772 1653 852 1716 quos
875 1631 1093 1710 interfecisset,
1115 1633 1360 1716 comprehensos
1382 1635 1417 1698 in

329 1719 473 1781 custodia
486 1717 625 1794 haberet,
640 1725 672 1779 et
687 1725 828 1800 tempore
843 1715 940 1778 alium
955 1716 1016 1779 alio
1031 1717 1163 1780 tolleret.

375 1801 432 1864 IV.
466 1801 547 1862 Eam
576 1801 805 1878 crudelitatem,
833 1801 949 1863 foedam
979 1822 1037 1898 per
1065 1823 1109 1880 se,
1134 1801 1295 1864 foediorem
1320 1802 1418 1866 unius

329 1886 444 1950 domus
453 1884 557 1948 clades
567 1885 651 1948 fecit.
675 1885 880 1963 Herodicum,
890 1885 1066 1970 principem
1074 1885 1298 1949 Thessalorum
1307 1887 1418 1950 multis

328 1979 401 2033 ante
416 1969 508 2032 anuis
527 1970 700 2033 occiderat:
765 1991 856 2032 nenos
878 1991 1004 2053 quoque
1027 1970 1095 2054 ejus
1120 1980 1231 2055 postea
1251 1972 1417 2035 interfecit.

329 2055 361 2118 in
386 2053 537 2118 viduitate
565 2055 683 2118 relictae
706 2055 790 2133 fi'ae,
815 2054 958 2140 singulos
992 2055 1074 2118 filios
1105 2077 1220 2140 parvos
1253 2055 1417 2120 habentes.

330 2139 503 2204 Theoxena
527 2147 560 2202 et
588 2140 695 2202 Archo
716 2139 846 2203 nomina
866 2139 1051 2204 mulieribus
1080 2148 1180 2204 erant.
1236 2139 1417 2216 Theoxena,

330 2225 439 2288 multis
452 2223 646 2310 petentibus,
662 2223 850 2310 adspernata
865 2224 994 2310 nuptias
1009 2233 1066 2288 est.
1109 2225 1216 2288 Archo
1232 2225 1339 2289 Poridi
1352 2229 1420 2290 cui-

330 2311 413 2388 dam,
429 2309 523 2408 longe
539 2309 675 2395 principi
694 2309 817 2394 ’gentis
832 2311 1016 2388 AEneatum,
1028 2309 1139 2394 nupsit
1148 2335 1158 2388 3
1179 2319 1222 2388 et,
1237 2311 1323 2395 apud
1345 2333 1419 2374 euin

329 2395 436 2479 plures
450 2417 537 2457 emsa
551 2403 672 2479 partus,
687 2395 792 2478 parvis
814 2395 986 2458 admodum
1000 2393 1116 2457 relictis
1138 2394 1296 2473 omnibus,
1313 2395 1421 2459 dcoes-

330 2479 381 2542 sit.
424 2479 604 2556 Theoxena,
619 2487 657 2542 ut
670 2479 704 2541 in
719 2479 785 2542 suis
802 2479 948 2542 manibus
962 2478 1052 2542 liberi
1067 2478 1183 2542 sororis
1197 2480 1421 2559 educarentur,

332 2563 437 2626 Poridi
466 2563 595 2646 nupsiti
628 2571 670 2642 et,
694 2573 857 2648 tamquam
879 2585 988 2627 omnes
1012 2563 1082 2648 ipsa
1105 2563 1192 2626 enisa
1212 2564 1302 2643 foret,
1324 2586 1421 2628 suum

333 2647 510 2729 coronaque
526 2647 607 2710 lilios
619 2647 652 2710 in
666 2649 776 2712 eadem
791 2648 928 2712 babebat
940 2670 1025 2712 cura.
1051 2657 1220 2734 postquam
1239 2649 1322 2734 regis
1336 2649 1421 2713 edic-

330 2741 400 2794 tum
421 2731 459 2794 de
474 2753 544 2794 coni
568 2732 778 2796 rehendendis
792 2733 898 2796 liberis
911 2754 1031 2811 eorum,
1050 2733 1104 2817 qui
1126 2733 1281 2796 interfecti
1303 2743 1420 2814 essent,

330 2815 473 2913 accepit;
488 2753 625 2880 ludiiirio
633 2817 768 2896 futuros,
784 2840 848 2881 non
863 2817 945 2903 regis
961 2819 1066 2897 modo,
1081 2817 1137 2882 sed
1147 2818 1316 2882 custodum
1324 2819 1421 2882 etiam

330 2900 464 2980 libidini,
486 2910 564 2981 rata,
589 2902 630 2966 ad
649 2923 715 2966 rem
740 2911 877 2968 atrocem
901 2903 1044 2966 animum
1065 2903 1196 2982 ad'ecit3
1218 2923 1357 2987 ausaque
1372 2913 1422 2967 est

331 2987 444 3066 dicere,
475 3009 508 3050 se
534 3009 593 3050 sua
619 3009 717 3052 manu
738 2989 846 3074 potius
877 3009 987 3052 omnes
1008 2987 1073 3050 inte
1103 2997 1253 3066 ceturam,
1266 3009 1363 3072 quani
1386 2989 1421 3052 in

330 3081 521 3157 potestatem
539 3072 678 3172 Philippi
692 3074 845 3138 venirent.
890 3073 989 3151 Poris,
1004 3071 1205 3136 abominatus
1227 3073 1421 3136 mentionem

330 3167 397 3220 tam
410 3157 487 3220 foedi
500 3157 657 3236 facinoris,
672 3159 816 3222 Athenas
838 3159 877 3221 de
901 3165 1079 3221 ortaturum
1092 3179 1146 3221 eos
1161 3157 1202 3221 ad
1215 3157 1297 3221 fidos
1312 3158 1422 3257 hospi-

330 3249 378 3304 tes
401 3241 490 3320 dixit,
514 3241 725 3324 comitemque
748 3243 855 3328 ipsum
913 3265 963 3328 gie
985 3243 1129 3305 futurum
1152 3263 1230 3306 esse.
1275 3243 1422 3306 Proficis-

331 3333 449 3387 cuntur
471 3325 511 3388 ab
526 3325 752 3389 Thessalonica
766 3329 903 3390 AEneam
923 3328 964 3390 ad
987 3335 1106 3390 statum
1121 3327 1320 3405 sacrificium,
1333 3329 1422 3410 quod

331 3408 486 3472 conditori
513 3409 626 3472 AEneae
649 3431 723 3473 cum
753 3431 869 3496 magna
895 3411 1071 3476 ceremonia
1095 3411 1265 3496 quotannis
1290 3411 1422 3476 faciunt.

331 3491 376 3555 ibi
391 3493 441 3556 die
455 3515 514 3578 per
537 3493 704 3558 sollemnes
720 3495 829 3581 epulas
845 3505 1022 3576 consumto,
1038 3518 1149 3560 navem
1171 3519 1238 3582 prae
1262 3505 1383 3560 aratam
1404 3519 1424 3560 a

333 3577 456 3656 Poride,
479 3578 590 3664 sopitis
614 3579 772 3658 omnibus,
788 3582 826 3644 de
850 3581 943 3645 tertia
965 3581 1072 3666 vigilia
1094 3519 1322 3659 conscendunt,
1339 3590 1423 3644 tam-

331 3684 427 3746 quam
445 3664 464 3696 ¹⁰
473 3663 604 3727 redituri
623 3663 656 3728 in
675 3665 950 3730 Thessalonicami
976 3667 1032 3729 sed
1046 3666 1187 3750 trajicere
1210 3667 1244 3730 iii
1263 3666 1423 3730 Euboeam

331 3757 399 3810 erat
414 3749 623 3834 propositum.
667 3749 818 3813 Ceterum
831 3751 864 3813 in
880 3751 1047 3814 adversum
1060 3759 1192 3814 ventum
1206 3751 1423 3835 nequidquam

331 3853 385 3896 eos
400 3833 567 3896 tendentes
582 3857 681 3918 prope
703 3843 818 3898 terram
841 3835 897 3898 lux
918 3835 1096 3920 obpressit:
1120 3843 1152 3898 et
1166 3835 1254 3920 regii,
1268 3835 1323 3918 qui
1339 3858 1424 3920 prae-

330 3925 420 3980 erant
433 3918 585 3981 custodiae
596 3927 718 4002 portus,
728 3920 868 3982 lembum
879 3927 1034 3983 armatum
1048 3921 1089 3982 ad
1099 3919 1340 4004 pertrahendam
1352 3942 1424 3983 eam

331 4002 437 4064 navim
459 4001 625 4080 miserunt,
650 4025 723 4066 cum
749 4004 837 4088 gravi
860 4005 973 4083 edicto,
987 4027 1027 4068 ne
1049 4013 1281 4068 reverterentur
1294 4005 1361 4067 sinc
1376 4027 1424 4070 ea.

331 4083 442 4151 Quum
461 4087 529 4170 jam
552 4087 859 4172 adpropinquabant,
882 4089 970 4152 Poris
996 4089 1124 4173 quidem
1146 4089 1187 4153 ad
1210 4089 1424 4152 hortationem

329 4171 485 4254 remigum
509 4179 740 4256 nautarumque
764 4173 907 4237 intentus
936 4183 1022 4254 erat;
1053 4175 1215 4238 interdum
1242 4195 1357 4237 manus
1381 4175 1424 4238 ad

193 4326 214 4374 'a
232 4329 312 4375 Gentis
334 4325 468 4390 AEneatam]
503 4329 541 4376 Sic
569 4337 631 4375 recte
660 4329 776 4388 Sigonius,
810 4347 879 4391 quam
891 4333 920 4377 ab
934 4333 1008 4378 AEneai
1020 4331 1137 4378 conditam
1149 4331 1211 4378 farne
1223 4333 1318 4379 ferebat.
1339 4333 1424 4394 Populi

166 4406 239 4449 quum
256 4401 325 4438 aiiiea
342 4395 458 4453 legeretur
470 4393 600 4442 AEaiunun.
633 4393 715 4448 AEneu,
727 4395 776 4441 aive
810 4397 918 4442 AEneatea
929 4395 992 4441 dicii.

167 4455 245 4502 AEntn.
267 4457 321 4500 urbi
343 4457 387 4503 fuit
411 4459 562 4513 Macedonio,
585 4473 631 4504 non
654 4457 723 4518 longe
747 4461 775 4504 ab
842 4459 871 4506 lo
889 4459 1030 4506 macariis
1044 4457 1237 4521 Thessalonicam]
1257 4459 1315 4506 Dele
1329 4474 1421 4520 priapo·

167 4517 339 4574 Thessalonica,
362 4520 418 4580 (vid.
442 4523 510 4580 infra,
530 4523 546 4570 i.
570 4522 656 4570 XLIV.
680 4537 699 4568 r.
725 4519 774 4583 lo.)
806 4523 921 4570 altionem.
955 4525 1114 4569 Gronovius.
