3086 4952
245 309 288 370 24
832 295 926 360 Tl'l'l
956 293 1071 360 LlVll

248 467 381 519 nesso.
413 449 531 514 litanus
559 455 702 534 praeerat.
752 445 952 510 ”Cretenses
980 453 1013 509 et
1038 443 1180 508 hostium
1209 442 1393 530 auxiliares,
1426 465 1456 510 es

249 536 277 582 Α
290 535 316 582 ⁰·
329 531 380 583 ¹⁹²
413 543 546 618 tumque
571 533 655 597 idem
678 553 779 616 genus
802 529 975 608 Tarentini,
999 528 1147 614 praesidio
1171 529 1382 612 aquatoribus
1412 551 1456 592 en

414 618 620 702 Aliquamdiu
635 617 769 680 dubium
783 615 931 701 proelium
944 614 1015 692 fuit,
1028 623 1066 676 ut
1080 614 1191 677 eodem
1205 635 1245 676 ex
1266 623 1360 698 parte
1375 621 1456 676 utra

414 703 581 766 hominum
604 723 728 786 genere,
752 709 784 764 et
804 701 899 762 armis
923 699 1063 783 paribus.
1108 697 1302 762 Procedente
1326 707 1456 760 certam]

415 787 436 819 '⁸
447 795 480 849 et
493 807 624 850 numero
638 785 739 850 vicere
752 784 880 868 tyranni
894 783 1069 860 auxiliares,
1083 789 1116 844 et
1130 781 1262 866 quisita
1276 790 1456 866 praeceptui

417 871 654 956 Philopoemene
668 867 826 954 proefeetis
835 875 968 946 erat,ut‚
978 867 1103 930 modico
1119 867 1204 930 edito
1218 865 1342 951 proelio,
1353 865 1390 928 in
1404 866 1456 950 fug

415 955 614 1033 inclinarent,
642 955 830 1036 hostemque
857 952 898 1016 ad
926 951 1112 1014 insidiarum
1145 949 1252 1014 locum
1277 951 1456 1036 perti-aben

417 1039 555 1104 lltlirsek
570 1039 670 1101 secuti
684 1037 841 1122 fugientes
855 1057 913 1122 per
930 1034 1114 1114 convallem,
1128 1033 1271 1120 plerique
1293 1041 1327 1096 et
1340 1035 1456 1098 vulner

418 1133 451 1188 et
464 1122 620 1187 interfecti
635 1131 721 1201 sunt,
758 1121 921 1204 riusquam
935 1119 1096 1184 oomltum
1106 1120 1230 1184 hostem
1240 1118 1396 1182 viderent.
1444 1117 1456 1180 l

418 1208 492 1271 trati
506 1208 560 1286 ita,
574 1215 730 1291 quantum
775 1205 878 1269 titudo
888 1204 977 1269 vallis
991 1203 1180 1289 patiebatur,
1190 1203 1339 1266 instructi
1353 1203 1456 1266 sedere

419 1299 457 1356 ut
479 1291 569 1356 facile
594 1313 651 1376 per
678 1289 841 1354 intervalla
865 1289 1013 1353 ordinum
1034 1288 1191 1372 fugientes
1215 1309 1290 1350 suos
1318 1287 1456 1372 accipere

420 1377 629 1474 Consurgsmt
655 1375 768 1439 deinde
796 1373 806 1437 i
831 1373 858 1436 si
885 1373 1009 1457 integri,
1038 1380 1189 1450 recentes,
1216 1371 1386 1435 instructi:
1418 1380 1452 1433 et

419 1463 527 1524 hostes
550 1459 755 1539 inordinatos,
769 1480 786 1522 e
810 1479 896 1536 usos,
910 1457 1016 1521 labore
1037 1457 1133 1520 etiam
1153 1464 1186 1520 et
1199 1455 1386 1520 vulneribus
1401 1456 1456 1518 fest

420 1545 565 1629 inpetum
589 1544 719 1607 faciunt.
763 1543 832 1606 Nec
855 1541 952 1606 dubia
974 1541 1105 1604 victoria
1127 1541 1198 1604 fuit.
1235 1541 1398 1625 extemplo
1422 1549 1456 1602 te

421 1629 508 1691 dedit
522 1627 649 1712 tyranni
661 1627 751 1690 miles
763 1651 771 1690 t
794 1634 827 1690 et
840 1626 927 1690 haud
947 1625 1054 1711 paullo
1075 1625 1277 1690 concitatiore
1291 1645 1400 1702 eursu,
1415 1646 1456 1707 qu

422 1720 550 1776 secutus
573 1720 650 1791 erat,
674 1711 810 1796 fugiens,
838 1711 879 1774 ad
904 1719 1007 1774 eastra
1029 1717 1079 1774 est
1100 1709 1294 1795 compulsus.
1323 1709 1456 1772 multic

421 1795 568 1881 captique
583 1795 617 1860 in
632 1817 668 1859 ea
686 1796 763 1880 fuga
784 1803 870 1858 suut.
913 1795 958 1858 tit
980 1795 1014 1858 in
1035 1793 1146 1858 castris
1161 1815 1287 1878 quoque
1309 1793 1392 1857 foret
1415 1801 1456 1856 trs

422 1881 543 1960 datum,
567 1880 601 1944 ni
628 1879 845 1965 Philopoemen
870 1879 1012 1964 receptui
1036 1879 1107 1942 cani
1124 1879 1292 1964 jussisset3
1313 1878 1384 1942 loca
1409 1899 1456 1941 mo

421 1965 616 2050 confragosa,
631 1973 672 2043 et,
685 1985 883 2048 quacumque
905 1971 1022 2027 temere
1045 1963 1260 2048 processisset,
1280 1963 1399 2046 iniqua,
1415 1985 1456 2045 qu

422 2051 557 2129 hostem,
570 2058 725 2112 metuens.
769 2048 849 2112 Inde
873 2055 966 2111 etex
989 2048 1116 2111 fortuna
1137 2069 1267 2132 pugnas,
1277 2055 1310 2110 et
1322 2069 1362 2111 ex
1383 2047 1456 2131 inge

422 2134 512 2198 ducis
527 2133 718 2220 conjectans,
730 2133 764 2196 iu
799 2141 925 2196 uotum
938 2132 965 2195 is
978 2153 1093 2217 pavore
1108 2141 1201 2212 esset,
1215 2153 1318 2196 unum
1339 2133 1379 2194 de
1400 2153 1456 2194 aun

423 2219 530 2282 aribus
560 2219 663 2304 specie
691 2155 864 2302 transfuga
890 2217 990 2280 mittit
1013 2217 1054 2280 ad
1077 2239 1161 2296 eum,
1204 2217 1238 2280 ui
1263 2237 1322 2301 pro
1349 2237 1456 2299 compe

422 2304 576 2367 adferret:
599 2305 734 2367 Achaeos
749 2302 897 2366 statuisse
911 2309 1038 2400 postero
1058 2301 1109 2365 die
1132 2301 1173 2364 ad
1227 2309 1351 2364 urotam
1375 2323 1456 2363 amnt

423 2389 479 2471 qui
493 2410 593 2472 prope
606 2387 684 2471 ipsis
698 2387 811 2450 adfluit
832 2387 1002 2464 moenibus,
1016 2385 1241 2470 progenitus
1264 2384 1456 2448 intercluder

423 2473 503 2550 iter3
529 2495 570 2534 ne
585 2479 640 2534 aut
653 2479 819 2554 tyrannus,
835 2491 936 2553 quum
949 2471 1053 2549 vellet,
1067 2477 1230 2555 receptum
1244 2469 1285 2532 nd
1295 2469 1406 2532 urbem
1414 2469 1456 2530 ha

423 2563 491 2633 ret3
512 2563 568 2618 aut
580 2562 775 2618 commeatus
800 2553 840 2616 ab
864 2553 943 2617 urbe
966 2553 1000 2617 in
1023 2562 1126 2618 castra
1148 2561 1367 2638 portarentur:
1391 2553 1456 2615 ¹sir

424 2639 519 2702 etiam
534 2646 753 2717 natatus-use,
769 2637 796 2701 si
809 2659 946 2721 quorum
965 2638 1062 2706 animi
1077 2637 1236 2702 sollicitari
1251 2639 1291 2701 ad
1306 2637 1456 2701 defection

424 2745 444 2794 a
457 2731 593 2806 tyranno
607 2729 748 2806 possent.
791 2722 867 2785 Non
881 2729 947 2786 tam
962 2723 1058 2790 fidem
1072 2723 1165 2786 dictis
1175 2723 1250 2807 perf
1322 2722 1405 2799 fecit,
1415 2744 1456 2805 qu

448 2807 570 2870 erculso
590 2815 679 2869 metu
704 2805 901 2890 relinquendi
925 2815 1027 2870 castra
1052 2828 1196 2870 caussam
1215 2828 1274 2892 pro
1297 2807 1408 2870 abilem
1429 2829 1456 2904 pn

425 2831 506 2956 luit.
550 2891 681 2955 Postero
696 2891 746 2955 die
762 2891 974 2990 Pythagoram
997 2913 1071 2956 cum
1094 2891 1298 2955 auxiliaribus
1313 2899 1345 2954 et
1366 2901 1456 2974 equ1t

426 2976 594 3041 stationem
608 2998 698 3062 agere
711 2998 770 3062 pro
782 2975 864 3040 vallo
873 2975 981 3060 jussit.
1009 2975 1088 3061 ipse,
1102 2983 1265 3059 tamquam
1279 2975 1313 3038 in
1326 2975 1421 3038 aciem
1435 2997 1456 3037 o

424 3062 536 3127 robore
551 3061 708 3126 exercitus
723 3081 879 3144 egressus,
894 3059 984 3144 signa
998 3060 1086 3124 ocius
1100 3059 1174 3124 ferri
1187 3060 1228 3123 ad
1243 3059 1353 3124 urbem
1361 3059 1456 3144 jussit

468 3145 580 3211 XXX.
604 3145 833 3228 Philopoemen,
871 3153 1018 3228 ostquam
1040 3145 1173 3208 citatum
1196 3165 1309 3228 agmen
1324 3165 1379 3229 per
1394 3166 1456 3226 aug*

424 3242 490 3294 tam
505 3237 538 3292 et
551 3228 721 3326 proclivem
735 3227 819 3292 viam
833 3167 907 3292 dici
921 3228 1037 3314 raptim
1050 3228 1139 3308 vidit,
1152 3229 1328 3312 equitatum
1339 3249 1456 3291 omnem

426 3315 627 3379 Cretensium
642 3311 807 3376 auxiliares
821 3312 855 3376 in
871 3313 1038 3377 stationem
1061 3313 1213 3392 bostium,
1227 3335 1299 3397 quae
1320 3334 1377 3396 pro
1399 3319 1456 3376 east

451 3480 467 3520 ¹
474 3488 633 3548 pertraherent
640 3504 649 3541 ,-
665 3487 733 3548 sffass
744 3487 946 3599 &0¹quoe
958 3551 976 3598 c
989 3565 1018 3598 ev
1079 3482 1088 3520 ¹
1095 3489 1216 3549 psoeedm
1229 3489 1301 3534 Gran.
1315 3487 1380 3533 Cres.

978 3567 989 3598 r
1019 3583 1025 3598 .

292 3709 325 3758 98
342 3701 606 3767 Gsstssssssttostisss]
621 3707 792 3768 &ommni
804 3715 871 3755 erant
935 3709 967 3758 99
983 3709 1017 3756 dt
1034 3723 1124 3757 assem
1139 3711 1212 3758 cleers
1232 3711 1324 3771 tyrassei
1341 3710 1456 3757 witern

262 3779 284 3819 et
295 3774 398 3826 hstias,
409 3771 434 3818 id
453 3778 496 3827 est,
506 3771 611 3817 hostium
628 3785 729 3830 quoque,
740 3773 871 3828 casiliaco,
903 3769 969 3834 qaia]
988 3773 1111 3832 Duplioem
1120 3775 1150 3819 ob
1161 3787 1254 3819 eamam
1263 3775 1337 3820 vicere
1348 3773 1436 3832 tyranni
1447 3787 1456 3816 a

261 3837 403 3898 sqsitsssqae
421 3836 481 3882 idest
499 3849 579 3896 grass,
601 3835 650 3880 slve
671 3849 746 3894 genus
764 3835 871 3895 equitum
902 3835 988 3892 iliares,
1002 3837 1065 3896 quod
1074 3850 1159 3896 nempe
1176 3844 1200 3882 et
1217 3851 1315 3883 numero
1330 3839 1456 3896 superabam

261 3899 337 3946 simile
348 3897 377 3944 iis
387 3898 513 3956 equitibus,
523 3897 564 3956 qui
572 3911 614 3956 pso
624 3898 714 3944 hebreis
725 3901 871 3960 pugnabant,
902 3907 1045 3960 preceptum
1053 3915 1068 3946 a
1076 3900 1251 3960 Philopoemene
1262 3900 1371 3960 prefectis
1382 3909 1456 3954 erstu

262 3957 872 4085 tttt‘titnf“‘tttt.ttt⁸ltt‘2¹:2²tit}
902 3961 1142 4086 &wilfi
1167 3963 1456 4074 'btt‘ttlitttt

262 4090 388 4149 utrimque,
399 4095 450 4134 tum
465 4089 528 4147 apud
540 4087 645 4144 Acheros,
657 4095 707 4134 turn
723 4090 787 4149 apud
799 4089 872 4135 Nabi-
903 4089 968 4136 locns
978 4091 1041 4136 mala
1051 4091 1241 4151 interpunctione
1249 4042 1371 4137 liberabat.

263 4153 324 4208 dem,
335 4161 359 4198 et
371 4152 502 4208 Cretenses,
514 4159 538 4196 et
550 4149 688 4198 Tarentinos
706 4154 796 4211 equites
808 4153 870 4198 mili-
937 4153 949 4199 l
967 4155 1041 4200 Sinai
1058 4157 1126 4201 etiosa
1138 4151 1276 4214 tentaturos]
1296 4156 1430 4201 Revocemus
1441 4169 1456 4198 n

263 4224 330 4262 tasse.
364 4217 447 4275 ltaque
465 4215 759 4262 bieCretensessdsersus
772 4217 870 4262 Creten-
903 4230 955 4262 sum
977 4217 1094 4264 editorum
1116 4218 1248 4276 lectionem,
1268 4233 1336 4277 quam
1355 4219 1456 4264 tueturl

261 4293 306 4333 ses,
319 4279 439 4325 Tarentini
451 4277 540 4338 equites
555 4277 665 4324 adversm
680 4279 770 4337 equites
784 4281 872 4326 Taren-
905 4279 965 4326 llam
993 4281 1087 4328 Modius
1109 4282 1281 4338 immutaverat,
1299 4285 1435 4342 Jusserstque
1455 4319 1456 4324 ,

263 4341 448 4402 tinospugusnt.
482 4343 520 4388 Sic
530 4349 553 4388 et
565 4340 589 4387 ln
601 4355 680 4400 pugna
692 4341 872 4402 Philopoemenis
904 4349 1050 4392 masau:
1067 4347 1291 4407 qunnobispasum
1308 4346 1360 4404 felis
1377 4346 1456 4391 emend

262 4405 373 4451 adsersus
381 4405 545 4452 Machanidam
554 4403 616 4464 apud
624 4405 704 4464 Polyb.
714 4406 872 4453 1.xt.utrtm-
905 4407 955 4454 sisa
965 4415 1007 4455 est.

263 4481 309 4527 que
321 4467 410 4526 equites
423 4469 544 4516 Tarentini
556 4469 737 4530 conspiciuntur.
