3098 4958
396 329 486 396 LIB.
508 329 632 396 XLIV.
663 329 759 397 CAP.
783 331 877 398 XVI.
1280 339 1343 402 425

74 485 244 562 parentur,
273 479 483 560 coercitorque
509 479 546 542 de
573 479 758 542 Macedonio
788 480 1009 560 deportentur?
1057 481 1182 546 Vreuroe
1193 499 1223 548 u.
1233 501 1259 548 c.
1271 501 1327 550 osu

80 575 178 644 esee0,
200 564 347 647 quidoibo'
358 563 537 644 faciendum
554 566 605 626 rit.
651 563 733 636 Quid
752 563 866 626 Rhodii
887 566 984 628 oieuri
1005 565 1078 642 ciret,
1099 565 1258 647 irasmi-⁰·
1273 565 1326 613 Μ

80 652 174 714 scire.
217 649 368 730 Populum
392 653 474 710 certe
492 648 671 726 Rornnrrum,
694 649 810 711 deuicto
835 650 958 728 Perseo,
980 649 1062 730 quod
1080 671 1180 732 prope

82 735 166 796 diem
178 739 298 815 meretri
305 731 388 814 sore,
402 734 547 810 oieurrror,
567 737 602 794 ut
616 752 678 812 pro
696 734 813 794 meritis
830 733 971 814 odorque
991 735 1025 796 ier
1046 755 1080 798 eo
1104 735 1179 798 betto

82 820 221 882 cioitntir
231 819 367 899 oratione
380 818 504 898 diyuom
516 815 640 896 reserat.
680 816 805 879 Munus
818 824 926 880 tamen
940 817 1051 902 legatis
1065 818 1099 882 in
1114 819 1179 883 sin-

83 902 180 986 gulos
190 901 301 966 binbm
314 901 450 964 millium
464 900 535 963 aerr's
546 900 679 964 missum
690 909 757 964 est:
774 901 860 984 quod
870 901 891 964 ii
903 924 967 966 non
979 911 1177 987 acceperrmt.

130 986 223 1050 XVI.
246 986 361 1050 Literae
373 985 487 1048 deinde
497 985 634 1048 recitetae
648 985 688 1050 Q.
700 985 814 1048 Marcii
824 985 963 1049 consulis
972 995 1058 1064 sunt,
1070 989 1177 1061 Οιιωι-
1191 1011 1274 1058 Miror

83 1071 257 1149 admodum,
279 1073 361 1134 saltu
382 1076 534 1151 superato,
554 1071 588 1133 ior
605 1070 820 1133 Macedonium
835 1073 1014 1134 trousieeet:
1036 1071 1057 1102 '⁸
1068 1073 1111 1134 ibi
1125 1073 1176 1136 et‘¹
1189 1075 1279 1123 littera.

82 1175 124 1218 eo
134 1157 204 1218 otiis
216 1157 290 1218 tocie
305 1153 326 1186 '⁹
335 1161 516 1218 commentus
527 1160 684 1234 oprtetore
692 1160 869 1235 prospector
880 1157 913 1218 in
922 1157 1046 1218 hiemem
1056 1157 1176 1236 roboc,

82 1245 115 1302 et
140 1241 179 1304 nb
202 1241 344 1320 Epirotis
366 1237 506 1320 ”norm
529 1239 627 1301 mittio
653 1239 785 1302 moditm
810 1241 918 1317 tritici,
945 1241 1045 1303 decem
1070 1241 1177 1304 hordei

80 1326 245 1388 amoime.-
268 1329 303 1388 ut
317 1322 405 1404 ”pro
420 1321 639 1404 eo⁰frumerrto
652 1321 810 1404 ’'pecuuio
826 1324 929 1386 Romen
949 1325 1058 1405 leontis
1073 1346 1177 1388 eornm

80 1415 256 1472 curaretur.
304 1409 488 1472 Vestimenta
500 1407 646 1470 militibus
660 1409 699 1470 ab
712 1409 810 1470 Romo
824 1409 972 1472 mittendo
986 1429 1071 1472 esee:
1092 1412 1176 1491 equis

80 1491 328 1572 ducerrtieserme
342 1513 415 1573 opere
428 1512 502 1571 esec,
522 1493 654 1554 morione
667 1493 830 1554 Numidis:
853 1513 908 1555 nec
920 1493 980 1556 eibi
993 1495 1026 1556 r'rr
1040 1495 1089 1556 trie
1103 1495 1176 1557 tocie

78 1578 179 1640 sellom
197 1577 314 1657 coptam
334 1597 406 1640 erec.
450 1575 779 1654 Senatusconsultum,
799 1583 837 1640 ut
852 1597 889 1640 es
903 1576 1009 1641 omnin
1024 1599 1062 1640 ex
1076 1577 1175 1640 literis

79 1661 223 1724 consulis
246 1659 368 1739 fierent,
392 1659 591 1725 factumest.
635 1659 673 1724 C.
686 1660 847 1744 Sulpicius
868 1669 986 1746 praetor
1005 1683 1061 1724 sex
1077 1662 1176 1726 millio

78 1753 240 1830 togarum,
262 1745 392 1830 triginta
416 1745 606 1824 tunicarum,
627 1753 660 1808 et
679 1766 777 1828 equos
799 1745 994 1830 deportanda
1012 1745 1045 1809 in
1066 1746 1175 1810 Muce-

79 1829 220 1908 doniam,
249 1829 483 1916 praebenduque
508 1829 661 1894 arbitratu
691 1829 830 1894 consulis
857 1829 983 1909 locavit,
1005 1839 1037 1894 et
1063 1830 1174 1916 legatis

79 1913 288 1999 Epirotarum
313 1914 481 2000 pecuniam
505 1935 563 1999 pro
592 1915 751 1978 frumento
780 1913 874 1978 solvit
881 1941 891 1994 ;
912 1923 945 1979 et
974 1914 1174 1995 Onesimum,
1187 1926 1308 2002 Oneum·

80 1999 238 2083 Pythonis
251 1999 364 2078 filium,
378 1998 517 2063 nobilem
536 1999 756 2077 Macedonem,
778 1998 812 2062 in
828 2007 973 2063 serratum
988 2000 1173 2066 introduxit.
1189 1989 1323 2066 ⁵¹⁸⁰‘i‘m'’

79 2083 117 2147 Is
132 2083 248 2170 ”pacis
262 2105 387 2168 semper
400 2091 510 2147 auctor
522 2083 588 2168 regi
602 2084 713 2160 fuerat,
728 2091 967 2168 monuerotque,
989 2083 1072 2147 sicut
1086 2095 1176 2170 pater
1187 2067 1289 2114 ΨΜ

78 2168 151 2252 ejus
177 2168 344 2254 Philippus
368 2168 554 2231 institutum
571 2189 672 2252 nsque
695 2167 736 2230 ad
758 2167 908 2230 ultimum
922 2169 996 2232 vitm
1012 2168 1096 2232 diem
1110 2191 1175 2233 ser-

77 2253 187 2331 vabat,
208 2252 381 2338 “quotidie
404 2253 455 2316 bis
479 2253 512 2316 in
538 2251 608 2316 dier
626 2251 752 2316 foederis
774 2251 828 2314 icti
847 2273 921 2314 curn
937 2253 1090 2316 Romanis
1104 2275 1176 2339 per-

77 2337 227 2422 legendi3
248 2347 286 2402 ut
306 2359 379 2402 eum
394 2359 525 2416 morem,
539 2336 566 2400 si
591 2358 656 2400 non
682 2358 816 2484 semfler,
828 2336 938 2400 crebro
959 2343 1067 2400 temen
1082 2359 1175 2402 usur-

76 2431 179 2507 paret.
223 2423 397 2507 Postquam
412 2421 567 2486 deterrere
582 2442 655 2484 eum
676 2421 752 2486 abe
776 2443 795 2484 o
815 2420 947 2505 nequiit,
970 2421 1073 2507 primo
1099 2423 1175 2486 sub-

77 2507 204 2570 trahere
230 2529 297 2572 sese
321 2529 378 2656 ger
400 2507 476 2570 ulios
499 2513 594 2590 atque
616 2505 692 2570 nlius
713 2527 851 2584 caussas,
873 2527 913 2570 ne
937 2506 1104 2571 interesset
1125 2507 1175 2587 iis,

77 2613 154 2676 quae
176 2613 241 2655 non
267 2613 326 2676 pro
349 2592 433 2670 ubst,
456 2591 571 2676 coepitr
594 2599 767 2688 postremo,
797 2613 897 2690 quum
926 2599 1110 2690 suspectum
1141 2614 1175 2656 se

76 2697 149 2740 esse
165 2685 314 2755 cerneret,
335 2685 368 2740 et
385 2675 573 2762 proditionis
593 2676 753 2738 rnterdum
775 2675 906 2740 crimine
928 2675 1113 2756 insrmnlari,
1134 2678 1175 2742 ad

78 2761 241 2826 Romanos
265 2761 455 2846 transfugit:
477 2770 615 2845 mngno⁸
636 2759 709 2824 usui
738 2759 861 2824 consuli
888 2761 959 2826 fuit.
1003 2762 1052 2824 Eu
1073 2761 1175 2826 intro-

76 2845 196 2909 drmtus
225 2845 259 2908 in
283 2845 402 2910 curium
426 2867 526 2930 quum
554 2853 770 2925 memorasset,
795 2853 924 2910 senatus
946 2845 980 2908 in
1006 2846 1174 2910 formulam

76 2929 238 2994 sociorum
266 2952 340 2994 eum
367 2930 475 2994 refer-n·
497 2929 614 3015 jussit:
647 2929 765 3008 locum,
794 2929 893 2992 leutio
908 2930 1076 3076 dprochori:
1107 2931 1175 3014 egri

75 3013 253 3094 Tarentini,
275 3015 330 3099 qui
370 3015 493 3079 ubiicus
505 3013 617 3100 populi
635 3013 770 3076 Romani
793 3021 886 3091 esset,
930 3021 1045 3076 noenta
1061 3015 1175 3098 jugera

76 3099 157 3177 dari,
179 3107 212 3162 et
226 3099 310 3164 aedes
352 3099 452 3164 arenti
467 3099 548 3164 emir
570 3097 619 3162 uti
634 3119 671 3162 en
685 3106 818 3176 curaret,
834 3097 872 3162 C.
888 3097 1031 3162 Decimio
1046 3098 1174 3183 praetori

75 3183 276 3248 mundatum.
320 3183 476 3249 Censores
489 3205 620 3248 censum
637 3182 749 3247 Idibus
770 3182 1012 3261 Decembribus,
1035 3183 1173 3246 severius
1186 3197 1283 3246 esurus

75 3289 177 3353 quum
200 3277 284 3350 onte,
309 3269 510 3334 babueruntr
533 3267 643 3332 multis
665 3267 738 3353 equi
765 3267 893 3346 ademti,
923 3267 1005 3330 inter
1028 3289 1109 3352 quos
1138 3268 1173 3333 P.

110 3429 124 3458 θ
135 3428 196 3473 itone
207 3428 296 3474 taedere
305 3429 318 3474 t
351 3427 385 3476 Ni
393 3433 505 3490 porcator
516 3429 553 3483 iio,
564 3430 718 3489 concitusque
727 3427 755 3474 de
764 3427 899 3474 Macedonio
906 3427 1059 3486 deportentur,
1070 3429 1157 3474 oieeroe

75 3505 127 3538 eooe
139 3491 233 3550 Krryre.
244 3491 322 3538 ueri.
452 3487 465 3524 ¹¹
476 3499 499 3538 et
510 3494 544 3538 iti
554 3499 577 3539 et
588 3493 661 3538 Gron.
790 3494 803 3524 ⁸
813 3507 839 3538 eo
850 3491 896 3537 dei.
910 3491 971 3538 uod.
1100 3487 1156 3540 forr

76 3555 176 3602 indice·
188 3553 284 3615 Krcyre.
412 3559 426 3597 t
437 3553 570 3617 onom,
582 3561 605 3602 et
616 3569 696 3616 magro
707 3553 768 3602 uro,

75 3695 692 3772 mrurr‚rrootrroqueeettaerdorrodeporrerrrr‚
725 3709 793 3741 cneco
802 3695 854 3754 plur
868 3693 959 3748 totto.
994 3695 1076 3742 Docere
1087 3697 1167 3752 sortitio,
1179 3695 1249 3752 7708.

76 3773 166 3868 :ossae
171 3773 241 3868 viiii
251 3755 692 3882 ‘aaronggroesffifflmrgerumrlr’ae
725 3755 1043 3878 tioiibniriditirjib‘cniiiiiii,
1052 3759 1337 3885 brillieiiiiibitutriiiiiiri

76 3887 118 3932 bic
131 3899 172 3946 per
183 3885 313 3932 irrisionem
326 3893 471 3946 repetuntur.
724 3893 748 3932 ct
759 3886 874 3932 hordeum
886 3893 1013 3932 memorato
1024 3887 1048 3932 irr
1060 3887 1088 3934 iie
1100 3903 1152 3948 qure
1163 3889 1268 3950 proxime
1277 3903 1337 3948 prn-

111 3947 145 3994 ne
162 3947 199 3994 1or
215 3955 238 3996 et
255 3965 283 3997 ee
301 3951 355 3997 aliie
373 3945 438 4010 tecte]
457 3949 533 4009 Vulgo
548 3955 571 3996 et
589 3951 622 3996 ur
633 3955 655 3996 et
666 3963 694 3996 ee
725 3949 819 3995 cedunt.

77 4013 140 4066 attin
152 4021 233 4060 contre
244 4013 325 4074 primu
336 4013 446 4060 editionis
457 4013 535 4070 fidem.
547 4021 605 4060 terte
618 4013 693 4060 tierr-
758 4013 790 4060 92
807 4011 1104 4075 Pecunia-..curaretur]
1122 4015 1261 4062 Solrerctnr.
1291 4015 1337 4060 Cre-

78 4077 127 4124 nio
724 4091 777 4122 rore
786 4079 911 4136 pemeiner,
923 4092 1002 4125 oerore
1011 4093 1117 4133 nummos,
1129 4092 1191 4137 repe
1201 4077 1301 4123 occurrit
1312 4077 1337 4124 in

112 4139 145 4188 89
163 4139 302 4187 &muter
323 4148 452 4201 opretore
471 4135 611 4201 prospector]
642 4140 694 4186 Hoc
725 4140 830 4199 epistolio
850 4141 980 4187 ciceronio:
998 4151 1055 4202 pute
1073 4143 1087 4187 Ι.
1109 4142 1141 4188 11.
1161 4141 1191 4186 ed
1210 4141 1239 4189 Q.
1261 4141 1336 4188 Fretr.

78 4205 180 4250 debetur
198 4205 301 4262 sigonio.
334 4203 401 4251 Prius
421 4211 555 4252 commentor
573 4205 694 4264 remputti-
726 4217 762 4262 ορ.
776 4203 799 4250 t.
811 4203 827 4250 Ι.
838 4204 894 4250 v11.
906 4205 935 4251 nd
948 4205 996 4250 An.
1008 4219 1044 4264 cp.
1055 4205 1079 4261 8,
1090 4213 1114 4252 ct
1124 4205 1179 4250 aiibi
1191 4204 1284 4262 sepius.

78 4275 271 4328 mprmpectoo.
307 4267 432 4324 Nimirum,
452 4277 478 4314 ut
498 4269 560 4314 idem
579 4269 694 4324 observet,
758 4267 790 4314 9³
806 4269 875 4315 Poce'e
903 4283 989 4328 anper
1010 4276 1088 4316 ructor
1109 4263 1170 4328 regi]
1200 4265 1262 4314 Melo
1281 4267 1336 4314 oiim

78 4345 141 4391 sape
153 4341 176 4378 ct
188 4332 255 4378 incito
267 4331 354 4377 librarii
374 4332 464 4391 decepti
482 4339 537 4378 runt
547 4331 571 4378 irr
584 4331 620 4377 bie
632 4331 694 4376 roci·
725 4329 846 4388 tegebatur
857 4333 926 4394 regie.
960 4331 1100 4378 Emendrrit
1113 4330 1228 4390 Sigonius.

78 4399 130 4450 bne,
143 4395 170 4442 Ρ.
186 4397 249 4442 ibet
261 4397 288 4442 it
304 4397 330 4442 P.
343 4403 366 4441 ct
378 4397 430 4442 ΡΒ.
464 4395 563 4456 Poputer
573 4395 694 4450 Romnum,
758 4394 790 4441 ot
808 4395 913 4444 Quotidie
931 4397 965 4444 tie
981 4397 1005 4443 irr
1023 4392 1072 4456 die]
1091 4394 1133 4442 Vei
1153 4396 1252 4456 quotidie
1263 4403 1338 4452 reret,

78 4461 125 4507 Iter
138 4461 240 4516 Publice,
255 4461 347 4506 Praetor.
726 4457 763 4504 roi
774 4459 798 4504 br
809 4456 854 4506 tte.

110 4526 143 4574 90
163 4525 252 4588 ngrrti
268 4525 340 4570 rrittr'o
357 4519 465 4584 moditor]
494 4523 586 4570 Medios
609 4521 694 4570 Porioi·
