3094 4954
231 317 294 379 104
803 305 896 370 Tl‘l'l
928 304 1043 370 LIVII

232 475 261 522 u.
272 475 298 522 c.
311 473 365 520 aas
395 461 411 524 1
435 459 509 538 tur,
524 457 672 542 operibus
685 455 869 540 obpugnare
883 453 995 518 urbem
1010 452 1189 537 adgressus,
1209 458 1242 516 et
1256 452 1297 516 ad
1310 473 1395 516 mare
1409 475 1481 539 par-

231 541 260 586 Ᾰ·
272 540 299 584 ⁰·
315 539 367 585 ¹⁹⁰·
394 545 420 608 ti
443 564 481 608 us
496 543 621 606 duabus
634 541 751 626 pariter
770 538 1002 603 munitionibus
1024 536 1179 616 deductis,
1201 537 1360 621 utrimque
1374 539 1481 602 vineas

231 602 349 714 mill*
395 636 428 692 et
441 648 587 775 affigerem
601 645 694 688 muro
708 623 858 709 injunxit,
879 630 913 686 et
934 621 1179 684 ”testudinibus
1199 621 1312 684 arietes
1332 621 1481 686 admovit.

232 731 359 790 obpugnat
398 712 463 778 Qui
485 733 508 775 u

509 733 524 773 s
546 709 647 774 territi
660 709 751 772 malis
766 707 826 770 Col
868 706 957 770 bonii
971 713 1109 769 oratores
1125 705 1257 769 Samum
1271 705 1312 768 ad
1325 705 1364 769 L.
1379 707 1481 768 AEmi-

395 797 485 872 lium,
499 795 596 858 fidem
608 792 753 878 praetoris
764 813 830 876 pop
867 791 873 805 '
898 811 938 854 ue
949 789 1085 853 Romani
1099 789 1305 874 inplorantes,
1317 789 1481 853 miserunt.

396 879 564 944 AEmilium
586 886 619 942 et
642 877 730 942 Sami
750 875 856 960 segnis
876 813 936 938 liu
953 895 1042 937 mora
1060 873 1262 952 obtendebat,
1282 874 1362 936 nihil
1376 875 1481 937 minus

397 964 591 1049 opinantem,
606 983 702 1046 quam
719 959 956 1045 Polyxenidam,
970 957 1021 1021 bis
1035 957 1251 1042 nequidquam
1265 957 1306 1020 ab
1321 978 1355 1020 se
1367 980 1481 1056 provo-

397 1055 515 1124 catum,
527 1054 719 1145 potestatem
755 1065 850 1128 ugnoe
864 1043 1024 1107 factunm
1033 1063 1122 1106 esse:
1137 1051 1170 1104 et
1180 1050 1274 1126 turpe
1284 1041 1481 1105 existimabat

397 1133 552 1196 Eumenis
566 1131 698 1195 classem
713 1067 862 1192 ed'uvare
880 1127 1043 1190 consrdem
1058 1126 1099 1190 ad
1113 1125 1312 1211 trajiciendos
1325 1127 1359 1188 in
1373 1127 1481 1190 Asiam

396 1217 409 1279 l
450 1217 554 1295 'ones3
590 1236 623 1279 se
650 1153 845 1299 Coloplronis
874 1212 1012 1276 obsessae
1040 1210 1167 1288 auxilio,
1195 1211 1365 1274 incertam*
1386 1211 1481 1274 finem

396 1301 440 1364 ha
461 1301 556 1380 ituro,
570 1299 711 1384 adligari.
747 1297 914 1362 Eudamus
934 1295 1090 1374 Rhodius,
1112 1295 1168 1378 qui
1190 1303 1222 1358 et
1246 1303 1390 1358 tenuerat
1410 1317 1481 1358 eum

398 1385 495 1464 Sami,
510 1385 691 1470 cupientem
704 1381 862 1468 proficisci
874 1380 909 1444 in
921 1380 1178 1464 Hellespontum,
1188 1378 1357 1462 cunctique
1367 1379 1481 1442 instare

398 1477 431 1533 et
453 1469 565 1548 dicere,
589 1470 707 1542 Quanto
728 1469 826 1530 sotius
844 1485 918 1544 csse,
935 1467 984 1528 rel
1000 1466 1098 1528 socios
1111 1464 1263 1528 obsidione
1277 1465 1416 1540 recimere,
1437 1467 1481 1527 oel

398 1555 585 1635 nictomjam
597 1554 689 1616 sanet
700 1553 826 1615 classem
840 1553 950 1613 &mm
963 1551 1083 1612 obscere
1093 1559 1118 1627 ¹¹,
1127 1555 1277 1631 totamque
1286 1557 1301 1588 ¹
1311 1551 1481 1629 omrispor-

399 1640 560 1702 sessionem
584 1639 663 1700 tosti
683 1637 808 1716 mpero,
830 1655 930 1718 mrum,
948 1635 1077 1698 desertis
1088 1635 1188 1712 romb,
1202 1634 1320 1698 boddo
1333 1635 1481 1696 Antiocho

399 1723 479 1784 Asia
503 1729 587 1786 terra
609 1721 755 1801 mamque,
773 1722 807 1783 in
824 1719 1062 1800 Hellespootm
1078 1719 1130 1782 ubi
1145 1720 1223 1782 sctis
1240 1723 1317 1782 essrt
1338 1719 1481 1782 nomem

399 1807 516 1882 classis,
531 1806 570 1868 ob
583 1825 640 1868 sara
647 1810 741 1886 porte
755 1805 825 1868 belli
838 1804 1017 1867 discedere?

441 1889 587 1953 XXVII.
611 1888 746 1952 Profecti
771 1889 811 1952 ab
831 1888 926 1952 Samo
947 1888 988 1950 ad
1007 1887 1163 1972 petendos
1183 1893 1387 1964 commeatus,
1408 1907 1481 1949 con-

399 1973 513 2036 sumtis
522 1973 591 2058 jam
605 1972 764 2052 omnibus,
780 1971 898 2036 Chium
915 1972 1070 2057 parabant
1091 1971 1242 2057 trajicere.
1274 1971 1308 2035 id
1327 1979 1393 2035 erat
1410 1972 1481 2034 hor-

397 2079 487 2120 reum
503 2058 672 2136 Romanis3
694 2079 794 2142 eoque
811 2077 921 2121 omnes
941 2079 981 2120 ex
1003 2055 1096 2120 ltalia
1113 2057 1218 2120 missae
1238 2055 1387 2120 onerariae
1408 2056 1481 2118 diri-

436 2142 515 2206 bant
542 2165 681 2206 cursum.
725 2141 939 2206 circumvecti
966 2141 1007 2205 ab
1034 2141 1113 2204 urbe
1142 2142 1164 2174 ⁸²
1175 2141 1217 2204 ad
1238 2161 1346 2204 aversa
1370 2139 1481 2203 insulae

411 2227 534 2327 objecta
548 2227 688 2313 aquiloni
702 2227 743 2290 ad
758 2227 876 2290 Chium
891 2233 924 2290 et
938 2225 1094 2374 Effigies
1110 2229 1197 2309 sunt)
1219 2247 1319 2308 quum
1336 2235 1481 2310 pararent

396 2313 549 2398 trapeam,
557 2313 655 2377 literis
664 2311 779 2376 certior
786 2313 825 2375 fit
834 2317 963 2396 praetor,
1059 2310 1125 2374 enti
1133 2310 1198 2375 vim
1208 2331 1355 2395 magnam
1365 2309 1481 2373 Chium

396 2419 435 2460 ex
459 2398 551 2462 Italia
564 2398 705 2476 venisse3
726 2397 838 2460 vinum
861 2403 1025 2480 portantes
1046 2415 1143 2459 naves
1167 2394 1409 2480 tempestatibus
1434 2417 1481 2457 re*

396 2489 501 2544 tentas
526 2503 605 2545 esse.
649 2481 752 2544 Simul
775 2481 917 2544 adlnmm
939 2487 998 2559 est,
1019 2480 1113 2544 Teios
1131 2481 1227 2564 regie
1241 2479 1333 2544 classi
1347 2479 1481 2563 benigne

395 2573 591 2629 commeatus
642 2565 816 2643 raebuisse3
847 2565 988 2648 quinque
1019 2564 1118 2628 millia
1144 2585 1293 2629 vasorum
1319 2564 1385 2628 vini
1413 2585 1481 2627 esse

233 2659 382 2786 fflqqm
394 2649 563 2796 pilii-ig&
591 2731 609 2746 ..
634 2669 707 2712 eum
722 2669 762 2710 ex
773 2647 879 2712 medio
892 2671 988 2796 mensu
1002 2649 1134 2798 classqm
1146 2657 1276 2798 rqpente
1291 2649 1412 2748 avertit,
1427 2657 1481 2711 aut

394 2753 760 2882 {restittat
773 2753 915 2884 ‘blm
929 2741 1481 2902 ttettbffiutltpl’ttl,

394 2901 575 2984 quindecim
594 2901 691 2966 ferme
715 2902 760 2966 eis
787 2923 883 2966 naves
907 2902 989 2967 circa
1013 2903 1230 2988 Myonnesum
1259 2903 1481 2988 adparuerunt,

393 2987 662 3136 litabat}
684 2987 1481 3137 earnemcarnem

392 3093 583 3220 mdiitimam
598 3095 738 3220 orarirpde
781 3157 892 3242 perlati,
913 3178 987 3220 cum
1007 3156 1110 3220 omnis
1124 3157 1247 3273 pencris
1260 3119 1369 3241 praeda
1380 3177 1481 3220 rever·

393 3247 506 3318 tentes,
521 3248 691 3338 postquam
705 3179 810 3305 vidire
824 3263 863 3306 ex
878 3241 941 3305 alto
956 3241 1098 3321 classem,
1112 3242 1122 3272 ¹
1144 3241 1177 3304 in
1191 3241 1300 3326 lugam
1310 3248 1481 3306 verterunt

393 3331 426 3386 et
440 3323 597 3387 celentate
611 3325 812 3408 superabant,
823 3325 992 3390 levioribus
1006 3335 1039 3389 et
1053 3326 1094 3390 ad
1105 3326 1140 3390 id
1151 3325 1329 3389 fabrefactis
1340 3325 1481 3410 navigiis,

393 3415 426 3470 et
442 3407 603 3492 propiores
616 3416 709 3472 tertre
723 3418 823 3474 erant.
867 3409 990 3494 Itaque,
1008 3409 1196 3496 priusquam
1215 3409 1481 3494 adpropinquaret

394 3491 512 3571 classis,
529 3492 745 3578 Myonnesum
759 3495 976 3580 perfugarunt.
998 3495 1084 3558 unde
1099 3515 1133 3558 sc
1147 3503 1186 3557 a·
1200 3503 1297 3578 portu
1306 3501 1395 3558 ratus
1411 3494 1481 3557 aba·

393 3584 570 3640 tractmum
593 3599 699 3656 naves,
720 3579 849 3664 ignarus
873 3578 935 3642 loci
955 3577 1146 3663 sequebatur
1161 3587 1288 3664 praetor.
1331 3577 1481 3662 “Myon-

394 3681 490 3724 nesus
514 3663 767 3748 promontorium
789 3663 872 3727 inter
884 3663 987 3726 'I'eum
1007 3663 1201 3747 Samumque
1215 3671 1274 3726 est.
1310 3662 1378 3748 ipse
1393 3663 1481 3726 collis

393 3745 498 3808 estin
523 3746 655 3811 modum
679 3755 773 3811 metae
797 3747 832 3810 in
855 3755 984 3810 acutum
1002 3769 1153 3810 cacumen
1172 3747 1307 3810 asnndo
1327 3747 1403 3810 satis
1418 3747 1481 3810 lato

393 3827 600 3913 fastigatus¹s
622 3853 642 3894 a
655 3831 830 3896 continenti
844 3839 920 3894 artae
942 3833 1062 3894 semitae
1080 3831 1202 3894 aditum
1224 3831 1341 3896 habet:
1364 3851 1384 3892 a
1403 3831 1481 3894 mari

393 3933 494 3976 exesae
509 3913 659 3980 fluctibus
673 3937 769 4000 rupes
783 3915 953 3994 claudunt3
969 3915 1013 3979 ita
1025 3923 1063 3980 ut
1077 3913 1268 4000 quibusdam
1280 3914 1358 3978 locis
1373 3937 1481 4000 super-

421 4047 550 4096 timorum
561 4051 628 4099 Cres.
736 4057 750 4085 ¹¹
761 4054 849 4099 rismrs
859 4053 940 4099 lterum
952 4052 1025 4099 Gran.
1033 4051 1101 4098 Cres·
1230 4055 1246 4084 ¹
1255 4057 1277 4098 et
1289 4057 1358 4098 totam
1370 4051 1448 4097 Bekis.

388 4115 402 4154 5
417 4113 497 4160 deinde
510 4113 569 4160 Ead.
760 4117 795 4162 's
808 4115 902 4174 Kreysa.
915 4115 992 4162 sesa.
1129 4111 1285 4176 *fastigiatur
1296 4115 1369 4161 Gran.
1382 4115 1451 4162 Cres.

261 4239 293 4286 w
310 4237 505 4301 'Testsds'ss'bud
537 4242 588 4302 Ope
616 4243 770 4298 testudinum,
796 4243 840 4289 snb
872 4244 932 4291 forts
942 4244 981 4290 hic
992 4244 1082 4304 aliquid
1093 4251 1129 4291 est
1140 4244 1199 4291 ritil.

229 4302 314 4362 quibus
324 4305 429 4352 latebant
439 4305 456 4351 li
468 4305 508 4364 qul
519 4305 617 4352 arietem
629 4306 788 4366 impellebant.
903 4307 936 4353 83
951 4309 1088 4369 Myonnesos
1108 4337 1154 4356 ...
1173 4311 1235 4355 ister
1258 4309 1327 4355 Tm
1349 4309 1481 4368 &nanque

260 4365 287 4412 81
308 4369 348 4414 Ad
368 4384 447 4416 ooerro
464 4366 555 4430 ἰωὴ]
585 4369 621 4415 Ad
643 4377 733 4429 partem
755 4370 838 4416 insulas
869 4367 916 4430 est]
935 4371 1073 4418 Arruntius
1083 4372 1203 4418 rideretur
1221 4371 1322 4432 qu'atio.
1340 4373 1402 4418 ister
1416 4373 1481 4418 Teren

229 4429 525 4479 Sarnisverssmabarbe.
870 4433 1037 4495 hohdnnpss.
1071 4434 1149 4496 Atque
1160 4435 1205 4482 boe
1219 4437 1290 4483 modo
1305 4435 1481 4496 descriptursst

262 4491 292 4537 ‘lt
309 4495 337 4540 Is
347 4492 430 4556 sucus
450 4492 578 4556 verterent]
597 4495 673 4543 Nares
690 4509 751 4544 snas.
786 4495 837 4542 Nisi
869 4497 927 4543 situs
940 4497 1065 4556 Myonnssl
1076 4513 1091 4544 s
1102 4499 1228 4560 Stephano.
