3094 4954
369 311 458 378 LIB.
480 312 661 380 XXXVII.
698 314 795 380 CAP.
819 313 981 378 XXXIV.
1319 315 1379 379 109

115 459 359 526 deliberandum
378 469 496 542 sumto,
516 470 639 528 tentata
653 463 780 529 interim
794 485 851 564 spe
865 463 973 529 auxilii
987 462 1028 528 ab
1043 462 1214 542 Antiocho,
1228 476 1293 524 uc.
1306 475 1361 524 soa

115 554 290 630 postquam
313 547 412 632 legati
433 547 523 612 missi
548 549 590 612 ad
613 569 731 634 regem,
754 549 835 614 nihil
857 549 890 613 in
915 569 954 613 eo
977 569 1045 612 esse
1087 548 1214 627 roesidii,
1228 541 1294 588 Mi·
1308 541 1362 590 Μ

114 631 338 710 retulerant¹¹3
358 639 431 695 tum
452 639 561 717 portas
586 641 789 732 aperuerunt,
811 633 897 719 pacti
924 655 965 697 ne
993 569 1087 717 quidJ
1099 632 1214 696 hostile
1227 629 1352 676 theu·

115 723 311 799 pateruntur.
356 716 467 782 Quum
491 716 583 802 signa
600 740 633 780 ιιι
658 718 772 781 urbem
794 719 995 794 inferrentur,
1017 723 1050 780 et
1071 737 1214 801 pronun-

116 799 233 862 ciasset
244 807 374 884 praetor,
390 800 478 885 parci
493 821 527 864 ae
542 801 657 865 deditis
673 801 764 881 velle,
786 803 904 866 clamor
918 801 1059 886 undique
1074 807 1123 864 est
1137 799 1214 865 sub-

115 883 212 962 latus,
225 884 514 967 indiyrccnsocinus
526 905 600 964 eoae,
618 888 822 965 Phocoeauee,
844 907 1004 968 rmmquom
1011 886 1096 967 fidos
1105 887 1212 964 aedos,

114 989 236 1065 reaper
258 967 384 1051 weston
409 971 519 1048 hosta,
545 973 657 1070 bqreore
683 972 812 1034 eludere.
855 970 908 1034 Ab
932 971 1099 1068 haovoceu,
1123 969 1212 1034 velut

114 1073 244 1200 ει
257 1054 1211 1223 εεεεεεεεεεειεεεεεε

115 1243 177 1286 soa
190 1222 321 1302 deduce,
336 1223 432 1304 diripi
444 1223 555 1288 urica:
578 1230 609 1287 et
625 1226 659 1287 in
677 1225 726 1287 hir
742 1231 844 1287 tomen
862 1225 1025 1286 arbitrium
1041 1243 1105 1287 erre
1118 1227 1211 1306 irnpe-

114 1308 243 1386 ratoric,
256 1328 316 1372 aon
329 1309 459 1372 edidero
469 1307 495 1371 ¹¹.
525 1307 697 1392 Postquam
709 1307 755 1372 ira
765 1316 799 1372 et
811 1307 941 1371 avaritia
953 1307 1085 1392 imperio
1099 1317 1212 1394 poten·

114 1391 198 1456 tiore
222 1399 322 1472 erant,
343 1391 545 1478 praeconibus
647 1393 760 1458 urbem
781 1392 899 1472 missis,
919 1391 1035 1456 liberos
1054 1411 1164 1456 omnes
1178 1391 1213 1454 in

114 1475 222 1540 Ionam
237 1475 278 1540 ad
292 1497 326 1542 se
344 1477 511 1540 convenire
523 1477 564 1562 ju
603 1487 628 1556 t,
650 1499 691 1541 ne
705 1476 917 1542 violarenturc
939 1483 973 1540 ct
996 1475 1030 1539 in
1053 1475 1212 1555 omnibus,

115 1582 190 1644 quae
202 1561 305 1646 ipsius
317 1561 485 1648 potestatis
494 1561 634 1641 irrenmt,
648 1562 729 1626 fides
740 1561 884 1626 constitit
892 1561 1049 1662 praetoris.
1079 1559 1212 1639 Urbem,

115 1667 283 1730 agrosque,
304 1655 337 1710 et
353 1665 427 1710 suus
451 1645 537 1732 leges
551 1646 591 1710 iis
605 1646 761 1710 restituit:
783 1655 921 1731 et,qu1a
939 1645 1007 1744 jam
1030 1644 1133 1708 hiems
1157 1645 1212 1708 ad-

114 1729 256 1816 petebat,
271 1731 416 1795 Phocoeae
428 1739 543 1830 portus
558 1731 599 1795 ad
612 1731 846 1795 hibernandum
861 1731 953 1794 classi
968 1729 1094 1814 delegit.

158 1815 329 1880 XXXIII.
352 1817 413 1880 Per
426 1815 511 1880 idem
524 1816 588 1880 sere
598 1823 727 1902 tempus
740 1815 873 1895 consuli,
886 1824 1083 1901 transgresso
1097 1813 1212 1878 AEnio-

114 1921 189 1964 ram
204 1901 501 1984 Maronitarumque
515 1901 606 1982 fines,
620 1900 802 1980 nunciatur,
817 1901 934 1964 victam
948 1900 1066 1986 regiam
1078 1899 1211 1963 classem

115 1985 157 2048 od
182 1985 411 2070 Myonnesum,
434 1985 637 2085 relictamque
660 2007 679 2049 a
700 1985 849 2084 praesidio
873 1986 902 2049 L
925 1985 1108 2050 simachium
1131 2005 1211 2048 esse.

114 2069 136 2102 ''
149 2069 189 2134 ld
202 2070 314 2150 multo,
328 2091 426 2156 quam
440 2070 480 2134 de
494 2071 598 2134 navah
608 2071 749 2149 victoria,
769 2071 874 2134 laetius
929 2071 970 2134 'tc
992 2070 1104 2154 ntique
1122 2077 1212 2154 post-

116 2175 216 2238 quam
236 2175 274 2218 eo
286 2161 451 2234 venerunt,
472 2155 648 2240 refertaque
671 2155 749 2220 urbs
770 2155 914 2220 omnium
932 2175 1039 2218 rerum
1053 2175 1213 2218 commea-

115 2239 219 2316 tibus,
232 2238 377 2302 volutio
399 2240 570 2304 advemum
593 2240 750 2304 exercitus
797 2261 841 2302 rae
866 2239 972 2316 aratis,
994 2259 1048 2302 eos
1070 2237 1212 2322 excepit3

115 2323 176 2388 ubi
190 2321 332 2408 inopiam
346 2323 486 2388 ultimam
500 2325 704 2408 laboremque
715 2323 750 2387 in
763 2261 938 2386 obsidenda
958 2321 1037 2385 urbe
1056 2321 1117 2384 sibi
1139 2343 1213 2406 pro-

114 2417 295 2506 posuerant
301 2407 319 2472 ¹.
373 2409 423 2473 lbi
435 2431 553 2494 paucos
568 2409 636 2474 dies
650 2408 765 2472 stativa
782 2407 933 2486 habuere,
945 2415 983 2470 ut
997 2405 1213 2492 inpedimenta

115 2513 261 2654 Ἔφη
275 2503 549 2578 consequerentur,
573 2494 629 2579 qui
674 2493 770 2558 assim
789 2513 847 2580 per
864 2492 971 2556 omnia
988 2491 1131 2555 Thraciae
1145 2511 1213 2554 cas·

115 2585 150 2642 tc
219 2577 293 2641 fessi
306 2576 454 2643 ”morbis
469 2601 506 2644 ac
521 2579 645 2664 longitu
702 2579 803 2658 eviae,
817 2577 918 2642 relicti
933 2584 1032 2641 erant.
1063 2575 1212 2662 Receptis

114 2661 278 2742 omnibus,
292 2662 425 2748 ingressi
438 2685 549 2728 rursus
562 2664 622 2728 iter
635 2685 693 2750 per
704 2663 949 2742 Chersonesum,
965 2661 1211 2761 Hellespontum
1225 2660 1366 2771 hellespon-

114 2747 316 2832 perveniunt
338 2748 404 2828 ubi,
416 2749 565 2814 omnibus
580 2770 656 2814 cura
668 2749 751 2834 regis
766 2748 920 2812 Eumenis
936 2749 977 2811 ad
991 2747 1212 2833 trajicrcndum
1234 2739 1318 2836 ¹:¹25&

114 2833 312 2980 ffiparads,
325 2832 415 2898 velut
428 2833 463 2898 in
475 2841 589 2919 pacata
610 2833 711 2912 litora,
732 2834 821 2896 nullo
842 2833 1041 2980 ffffibenoe,
1062 2831 1131 2896 aliis
1151 2831 1212 2930 alio
1225 2791 1268 2850 NJ

189 2927 231 2980 tas
245 2918 390 2998 navibus,
403 2919 472 2982 sine
485 2919 628 2982 tumultu
642 2918 801 3004 trajecere.
904 2937 979 2980 vero
993 2937 1044 2979 res
1059 2917 1213 2980 Romanis

114 3002 207 3066 auxit
221 3002 354 3082 animos,
369 3025 555 3068 concessum
570 3003 631 3067 sibi
649 3002 783 3067 bannire
801 3000 1005 3066 cernentibus
1028 3000 1062 3063 in
1084 2999 1212 3078 Asiam3

139 3107 216 3150 uam
239 3109 306 3152 rem
429 3087 436 3102 '
462 3087 643 3152 certaminis
671 3088 813 3151 ficturum
839 3085 1047 3149 crediderunt.
1092 3083 1215 3150 Statius

158 3171 167 3184 '
193 3171 232 3235 de
257 3173 299 3236 ad
323 3173 356 3236 H
399 3181 570 3272 espontum
594 3171 789 3257 aliquamdiu
813 3170 1005 3248 habuerunt,
1027 3167 1213 3252 quia⁰'dies

115 3257 211 3336 sorte,
236 3257 353 3355 quibus
377 3257 491 3322 ancrlia
512 3265 692 3337 moventur,
716 3255 855 3341 religiosi
877 3255 918 3318 ad
943 3255 1003 3319 iter
1026 3253 1212 3318 inciderant.

116 3341 215 3406 iidem
227 3342 294 3406 dies
309 3343 345 3406 P.
361 3341 542 3428 Scipionem
557 3342 704 3428 propiore
718 3341 813 3406 etiam
827 3339 989 3425 religione,
1010 3339 1086 3438 quia
1108 3338 1213 3403 Salius

116 3435 196 3504 ant,
226 3426 447 3512 disjunxerant
469 3426 510 3491 ab
539 3427 698 3493 exercitur
721 3446 895 3511 coussaque
920 3433 953 3489 et
975 3425 1003 3488 is
1024 3445 1093 3511 epse
1114 3445 1212 3488 morae

116 3520 197 3588 erat,
211 3511 291 3574 dum
305 3520 560 3596 consequeretur.

161 3595 327 3660 XXXIV.
350 3595 411 3660 Per
424 3617 479 3661 eos
492 3597 573 3662 sorte
587 3596 655 3661 dies
668 3597 792 3682 legatus
811 3595 851 3659 ab
872 3595 1034 3659 Antiocho
1056 3593 1090 3657 in
1111 3600 1214 3656 castra
1226 3599 1333 3678 negato

116 3689 249 3744 venerat
278 3679 455 3765 Byzantius
484 3681 678 3762 Heraclides,
706 3681 745 3746 de
770 3701 849 3782 pace
871 3680 1016 3744 adserens
1043 3679 1211 3743 mandatae
1225 3665 1376 3711 ⁸⁰⁰⁰⁰¹¹¹⁶⁸

118 3786 217 3850 quam
241 3763 463 3850 inpetrabilern
486 3767 563 3845 fore,
586 3787 735 3851 magnam
757 3787 787 3830 e1
811 3786 901 3851 spem
928 3763 1044 3828 adtulit
1066 3784 1155 3828 mora
1180 3742 1289 3848 apere.

148 3893 165 3934 ¹
176 3901 305 3948 meterent
316 3901 389 3948 Gran.
401 3901 468 3948 Cres.
550 3895 557 3933 ¹
568 3903 698 3949 duremort
708 3899 785 3950 sesi.
874 3895 888 3934 ¹
899 3903 924 3949 is
934 3903 969 3949 iit
981 3907 1055 3948 tanea
1067 3901 1216 3961 immolaris,

117 3981 161 4012 u
172 3967 279 4020 aalma,
291 3966 412 4012 wutro-
422 3979 470 4012 ιω
484 3964 578 4025 Xreyss·
591 3965 667 4012 seta
828 3959 1008 4026 lpropmrrcat
1018 3966 1063 4013 sibl
1076 3965 1152 4012 seth.

150 4077 185 4132 W
201 4077 232 4124 Id
249 4076 320 4123 nite
337 4091 405 4138 qm
420 4078 449 4124 dr
462 4078 539 4126 mult
554 4079 650 4125 virtuto
660 4077 734 4124 latiur
765 4077 910 4126 dlecrimiuc.

112 4137 176 4202 fd]
194 4141 296 4201 dupplet
305 4141 421 4200 Dnjatins,
428 4157 495 4202 qao·
507 4141 608 4188 nundus
618 4143 647 4190 dc
657 4143 735 4188 moti
797 4141 830 4189 99
846 4141 905 4188 Dior
915 4173 921 4188 .
933 4172 940 4187 .
952 4173 959 4187 .
971 4143 1053 4203 qatbar
1063 4141 1157 4188 Arellio
1167 4131 1294 4195 amtor]
1312 4133 1376 4190 Dice,

119 4207 221 4252 druis
246 4203 295 4251 Sed
304 4203 392 4266 ellipsis
403 4203 507 4264 prolato
517 4213 553 4253 ert
563 4205 651 4260 durior.
663 4219 734 4266 quarn
766 4205 852 4264 quihus
864 4205 919 4252 salit
932 4205 1025 4252 Anatha
1039 4205 1140 4252 serentes
1158 4213 1201 4261 per
1217 4201 1299 4245 urbem
1318 4206 1376 4245 eunt

119 4279 145 4316 at
155 4283 184 4316 cs
195 4269 320 4316 aedanus
331 4268 366 4315 ntl
378 4267 478 4316 volum
491 4269 592 4316 hirtum.
625 4269 734 4330 Suspica-
766 4283 820 4315 rum
831 4269 940 4330 trIpudlh
951 4269 1088 4328 soleantque
1099 4267 1192 4313 saltatu.
1225 4261 1261 4308 De
1273 4259 1341 4307 sallia
1353 4269 1377 4308 et

119 4347 173 4380 ιιι
184 4333 222 4380 hie
233 4333 324 4392 aliquid
335 4345 387 4379 cese
398 4333 509 4393 corruptl.
766 4333 888 4380 docilibus
899 4333 946 4380 rld.
959 4333 974 4378 l.
987 4333 1005 4378 1.
1017 4346 1037 4378 c.
1048 4332 1087 4378 w.
1113 4329 1168 4374 Dies
1179 4357 1185 4371 ·
1198 4357 1204 4371 ·
1216 4358 1224 4372 .
1235 4325 1336 4386 nllglod
1345 4325 1379 4372 sd

150 4399 183 4446 w
199 4393 302 4457 North]
322 4395 383 4442 'dict
401 4397 484 4451 codex,
503 4404 529 4442 ct
546 4403 570 4442 et
590 4397 733 4450 Thamnus.
766 4397 942 4454 daruntdleq
953 4395 1039 4457 quibos
1056 4407 1098 4454 per
1115 4389 1252 4448 religionem
1264 4403 1311 4436 nou
1322 4388 1377 4438 ltcet

119 4463 209 4508 neto.-
226 4461 300 4520 idque
317 4459 450 4520 mutuum
467 4473 517 4508 caes
537 4459 597 4507 bivii
612 4461 662 4508 isc.
674 4461 734 4508 Gro-
766 4463 811 4509 iter
823 4461 906 4508 iacere

119 4527 201 4571 scrius
212 4526 324 4572 sturnus.
358 4521 410 4569 Nos
421 4523 486 4570 baud
496 4523 521 4570 ln
533 4537 619 4584 magno
627 4525 736 4584 ponlnrue
