3094 4954
406 301 494 368 LIB.
516 301 698 370 XXXVII.
724 303 823 368 UAP.
844 301 887 366 X.
1312 307 1354 369 89

91 461 165 516 ,tem
177 449 440 536 quadriremibus,
454 471 534 533 quas
548 471 658 514 secum
672 449 834 513 Eumenes
846 469 902 513 rex
912 449 1096 530 adduxerat,
1109 451 1188 516 Hel·
1201 465 1229 511 u.
1242 465 1268 512 c.
1279 465 1335 512 ser.

92 539 280 620 lespontum
292 535 438 619 petebat3
453 543 490 596 ut
503 534 545 596 ad
557 534 728 598 transitum
740 534 906 614 exercitus,
915 555 1010 618 quem
1019 541 1103 599 terra
1111 559 1186 600 ven·
1201 530 1227 574 A·
1241 529 1271 604 ⁰:
1281 528 1333 578 Μ

95 629 207 684 tiu-um
221 617 421 704 opinabatur,
435 625 636 702 praepararet,
650 639 722 701 quae
736 638 818 702 opus
832 625 948 682 essent.
992 619 1032 682 ln
1089 628 1186 700 rturn,
1199 591 1338 700 fflffid,

94 725 192 788 quenr
202 703 529 780 rocantAcbaeomm,
544 701 675 764 classem
686 699 825 784 primum
839 701 982 765 advertit.
1003 639 1184 768 inibollium
1196 718 1328 777 torpemus

94 787 260 852 adscendit
265 797 286 866 ¹,
299 785 514 869 sacrificioque
525 785 680 849 Minervae
693 785 785 862 facto,
795 785 967 870 legationes
981 785 1130 850 finitimas
1144 789 1184 854 ab
1196 781 1261 842 1³²⁰*

94 873 256 949 Elaeunte,
270 879 304 935 et
317 871 479 947 Dardano,
496 875 529 932 et
543 869 689 945 Rhoeteo,
709 869 869 932 tradentes
884 869 917 932 in
932 869 1028 932 fidem
1043 871 1184 936 civitates

93 977 179 1034 suas,
201 955 340 1039 benigne
364 953 494 1017 audivit.
538 952 619 1016 Inde
642 951 683 1014 ad
702 951 902 1038 Hellesponti
916 953 1023 1016 fauces
1036 956 1183 1040 navigat3

94 1049 135 1118 et,
149 1041 262 1104 decem
277 1037 414 1102 navibus
426 1035 460 1100 in
478 1036 614 1100 statione
634 1043 744 1100 oontrs
761 1036 913 1121 Abydum
935 1036 1062 1117 relictis,
1082 1049 1185 1104 cetera

94 1125 193 1188 classe
208 1123 243 1186 in
257 1123 422 1206 Europam
442 1120 483 1184 ad
501 1120 649 1183 Sestum·
666 1119 914 1216 obpugnandam
934 1121 1066 1206 trajecit.
1108 1124 1184 1188 Jarn

92 1206 309 1271 subeuntibus
323 1205 452 1268 armatis
466 1224 574 1268 muros
597 1204 620 1237 ²⁸
629 1203 756 1266 sanatrci
777 1203 862 1267 Galli
879 1203 1019 1288 primum
1034 1227 1107 1270 cum
1121 1209 1183 1272 sol-

92 1291 191 1356 lemni
206 1290 320 1354 babitu
333 1297 407 1354 aute
421 1296 546 1374 portam
561 1287 745 1350 obcununt.
787 1287 891 1352 Jussu
905 1309 939 1350 se
952 1290 1062 1352 matris
1076 1291 1183 1356 Derim

91 1375 230 1440 summos
244 1376 325 1440 Deae
342 1373 449 1436 venire
462 1379 648 1448 memorant,
667 1371 708 1434 ad
721 1371 916 1455 precandum
936 1373 1124 1453 Romanum,
1147 1385 1184 1440 ut

92 1467 237 1546 parceret
251 1457 412 1523 maenibus
429 1455 572 1540 urbique.
617 1455 721 1518 Nemo
742 1475 852 1518 eorum
866 1455 1003 1520 violatus
1020 1467 1087 1522 est:
1109 1481 1183 1523 mox

93 1544 262 1608 universus
286 1549 416 1606 senatus
441 1562 515 1604 cum
539 1538 777 1624 magistratibus
799 1539 840 1603 ad
867 1539 1044 1605 dedendam
1071 1544 1183 1608 urbem

92 1627 258 1712 processit.
302 1625 382 1690 Inde
395 1625 548 1710 Abydum
563 1623 693 1708 trajecta
706 1623 825 1688 classis.
858 1623 915 1688 ubi
929 1646 1039 1710 quum,
1053 1629 1183 1692 tentatis

92 1734 150 1796 per
165 1711 334 1794 conloquia
348 1709 472 1789 smmis,
486 1707 567 1772 nihil
579 1708 684 1794 pacati
697 1709 950 1794 responderetur,
963 1711 1004 1774 ad
1018 1711 1182 1798 obpugna-

93 1797 215 1860 tionem
230 1817 298 1860 sese
313 1794 532 1880 expediebant.

135 1880 180 1944 X.
202 1881 292 1944 Dum
306 1881 376 1944 baec
390 1879 424 1944 in
440 1877 650 1964 Hellesponto
663 1885 827 1962 geruntur,
848 1879 1056 1966 Polyxenidas
1075 1882 1180 1967 regius
1194 1890 1318 1950 raryxanr.

93 1965 276 2048 praefectus,
298 1965 378 2046 (erat
400 1971 507 2028 autern
523 1963 613 2026 exsrrl
633 1963 789 2046 Rhodius)
816 1985 916 2047 quum
939 1966 1088 2045 audisset,
1107 1988 1181 2050 pro·
1193 1955 1320 2063 ‘¹”sfltl2

91 2049 210 2114 lectam
224 2049 265 2112 ab
280 2049 374 2112 domo
411 2047 589 2134 opularium
604 2067 734 2110 suorum
748 2048 891 2128 classem,
905 2056 938 2112 et
952 2051 1181 2116 Pausistratum
1193 2019 1306 2127 :iiiiii

93 2133 284 2216 prefectum
292 2153 388 2216 super
435 2132 581 2217 quaedam
591 2139 623 2196 et
631 2133 816 2196 contemtim
829 2132 863 2195 in
878 2153 912 2196 se
925 2135 1182 2198 concionantem²
1193 2145 1270 2191 struit·

93 2217 227 2292 dixisse,
240 2217 401 2300 praecipuo
416 2217 584 2280 certamine
599 2216 697 2280 animi
711 2217 864 2280 adversus.
876 2237 950 2279 eum
965 2227 1081 2296 sumto,
1103 2219 1182 2282 nihil

92 2299 184 2364 aliud
198 2301 268 2364 dies
283 2309 451 2384 noctesque
462 2301 601 2387 agitabat
615 2299 733 2378 animo,
746 2320 843 2383 quam
857 2307 895 2362 ut
907 2301 1003 2363 verba
1016 2301 1183 2385 magnifica

93 2385 165 2468 ejus
179 2383 278 2448 rebus
292 2384 475 2450 confirtaret.
518 2385 625 2448 Mittit
638 2383 679 2446 ad
694 2404 767 2446 eum
781 2383 944 2447 hominem
959 2392 991 2448 et
1000 2384 1045 2448 illi
1058 2393 1181 2466 notum,

92 2469 151 2552 qui
166 2469 296 2546 diceret,
315 2469 361 2532 Et
373 2491 406 2534 se
418 2472 613 2534 Persaeus
628 2470 800 2550 puraeque
816 2488 879 2532 suc
896 2489 1004 2552 mopso
1026 2472 1105 2549 usui,
1126 2471 1182 2535 ''ss'

92 2555 197 2630 liceot
218 2553 292 2634 sore
300 2580 312 2627 ,·
333 2560 363 2618 et
391 2575 412 2618 u
439 2556 635 2618 Posuiatroto
661 2573 695 2616 se
722 2554 844 2617 restitui
871 2555 904 2616 ia
923 2556 1063 2635 patrium
1080 2575 1181 2636 posse.

93 2637 218 2714 Quum,
240 2659 379 2721 quonam
398 2639 493 2702 modo
509 2659 547 2701 ea
570 2637 639 2711 fieri
659 2645 800 2721 possent,
824 2637 1032 2702 mirabundus
1055 2640 1181 2704 Pausis-

92 2731 196 2784 tratus
223 2730 492 2806 percunctaretur,
515 2722 612 2786 iidem
635 2721 757 2806 petenti
777 2721 865 2785 dedit
888 2723 1018 2808 agendae
1040 2745 1182 2790 commu·

91 2807 176 2870 nitar
197 2807 254 2884 rei,
277 2815 332 2870 aut
354 2805 480 2871 silentio
507 2806 662 2890 tegendae.
704 2807 789 2869 Tum
815 2806 1045 2887 internuncius,
1065 2812 1182 2891 reptans

91 2893 221 2954 classem
248 2898 301 2954 aaa
329 2897 435 2969 totum,
464 2897 518 2954 urst
545 2891 690 2971 mojorem
718 2890 783 2970 q'us
805 2896 940 2970 partera,
961 2893 1182 2972 Potyueaidom

91 2975 281 3038 traditum
295 2976 333 3042 ei.
361 2976 498 3056 pretium
512 2977 591 3038 tosti
604 2975 707 3037 meriti
719 2974 835 3036 uallum
848 2974 1070 3055 oliadpooiscs',
1092 2995 1182 3056 prom

90 3059 225 3122 reditum
243 3061 278 3122 ia
291 3061 440 3140 patrium.
484 3057 677 3142 Magnitudo
696 3055 751 3136 rei,
773 3077 832 3120 nec
850 3063 888 3120 ut
904 3057 1053 3138 crederet,
1072 3079 1130 3122 nec
1145 3067 1182 3122 ut

91 3143 337 3227 adspernantur
351 3142 445 3220 diota,
458 3142 570 3206 effecit.
613 3141 636 3174 ¹¹
646 3141 839 3204 Panormum
852 3141 965 3205 Samiae
979 3149 1071 3206 terrae
1109 3142 1180 3208 etita

92 3227 199 3310 ibique
214 3227 257 3290 ad
270 3227 495 3311 explorandam
508 3247 586 3304 rem,
601 3245 673 3309 quae
685 3225 790 3289 oblata
799 3233 875 3304 erat,
887 3225 1030 3290 substitit
1038 3237 1063 3292 ¹¹.
1119 3228 1180 3292 ltro

91 3311 235 3394 citroque
250 3310 361 3374 nuncii
375 3331 519 3376 cursam:
542 3331 602 3374 neo
616 3310 696 3374 fides
710 3318 783 3372 ante
802 3309 996 3376 Pausistrato
1017 3311 1100 3376 sacta
1120 3323 1180 3393 est,

91 3416 186 3477 quam
202 3415 311 3458 coram
325 3393 443 3458 nuncio
455 3393 524 3478 q'us
540 3393 748 3478 Polyxenidas
759 3414 818 3456 sua
830 3415 928 3457 manu
941 3395 1077 3480 scripsit,
1091 3417 1123 3459 se
1133 3417 1180 3476 ee,

92 3499 155 3558 psas
163 3480 326 3560 pollicitus
343 3485 430 3556 esset,
443 3478 614 3559 sucturum,
632 3477 785 3593 signoque
805 3499 863 3541 suo
877 3477 1035 3564 inpressas
1049 3479 1180 3545 tabellas

92 3563 186 3626 misit.
232 3561 285 3626 Eo
303 3583 377 3626 vero
399 3562 530 3646 pignore
546 3561 633 3626 velut
689 3569 886 3626 auctoratum
909 3563 969 3626 sibi
987 3563 1180 3647 proditorem

93 3655 178 3712 ratus
201 3655 263 3710 est.
308 3647 421 3730 Neque
443 3645 527 3707 enim
543 3666 627 3724 eum,
648 3645 705 3729 qui
725 3645 785 3709 sub
802 3667 875 3730 rege
888 3645 1016 3725 viveret,
1034 3649 1180 3712 commis-

94 3751 202 3794 surum
233 3729 342 3810 fuisse,
371 3739 409 3794 ut
436 3731 587 3796 adversus
615 3729 844 3816 semetipsum
865 3729 981 3793 indicia
1003 3751 1101 3795 manu
1125 3753 1183 3800 sua

122 3865 245 3912 ‘mandit
258 3861 357 3924 Kreyss.
369 3863 445 3911 aaa
542 3865 643 3912 ⁸Ssstos
655 3863 728 3910 Gron.
737 3864 806 3910 Cres.
902 3861 1073 3914 icossa-tourtam
1085 3867 1151 3915 aad.

329 3955 332 3964 .
577 3931 592 3960 ¹²
603 3927 706 3975 adsistit
720 3927 785 3973 Eud.

124 4057 154 4104 23
169 4057 282 4104 rasuras
297 4051 373 4116 Galli]
392 4053 568 4102 Debacchantes
586 4069 628 4115 pro
639 4067 704 4102 more
736 4061 825 4114 partem
835 4053 906 4101 Samii
918 4053 1048 4102 habebant:
1062 4069 1114 4116 qua
1125 4057 1178 4105 ideo
1185 4059 1261 4106 Samio
1273 4066 1343 4116 terra,

96 4121 228 4167 Medores
241 4120 337 4178 stam
349 4119 433 4166 listris
442 4119 513 4165 deum
526 4119 634 4178 cybeles.
736 4119 772 4164 vel
784 4118 920 4176 simpliciter
932 4117 1008 4166 Sousia
1020 4121 1153 4173 vocabatur.
1165 4132 1191 4168 ιιι
1206 4122 1265 4168 inlrs
1277 4137 1343 4181 capp.

124 4185 153 4238 ἥ
169 4186 196 4231 Si
219 4179 302 4243 tuas]
331 4183 376 4228 Per
397 4183 580 4228 Pausistratum:
605 4182 624 4228 si
644 4181 705 4227 sinat
739 4180 769 4227 le
785 4189 808 4227 et
822 4181 858 4237 1³,
870 4189 894 4226 et
905 4181 986 4228 sedulo
1004 4183 1170 4242 distinguenda
1187 4187 1261 4230 estab
1274 4185 1343 4232 Samo

95 4247 254 4294 Pausistratus.
516 4297 522 4302 ,
735 4245 818 4290 insula.
851 4245 903 4290 vid
917 4245 991 4292 Strsb.
1003 4247 1018 4292 l.
1030 4245 1095 4292 x1v.
1106 4261 1173 4306 pagg.
1186 4247 1233 4294 636
1244 4255 1267 4292 et
1278 4247 1332 4294 teo.

124 4313 154 4358 26
170 4309 400 4358 PmsssSusu'a
412 4305 491 4370 terra]
511 4309 637 4354 Panormus
650 4322 703 4368 por·
768 4309 799 4356 29
816 4305 1001 4368 'Amtsratusfl
1028 4309 1194 4368 Minotaurum,
1216 4309 1343 4356 addictum.

95 4383 128 4420 tus
145 4375 278 4421 Samiorum
291 4373 387 4419 ditionis
403 4373 455 4428 fuit,
465 4373 517 4424 sed,
529 4373 591 4430 quod
603 4371 705 4417 nonnul·
738 4371 789 4418 lloc
808 4373 904 4418 verbum
923 4373 1016 4431 proprie
1027 4371 1112 4416 dicitur
1129 4372 1158 4416 de
1176 4371 1344 4430 gladiatoribus

95 4441 125 4482 tos
143 4439 203 4498 tugis
224 4437 387 4496 Geogrspbos,
410 4451 456 4482 non
479 4436 504 4482 ln
527 4437 596 4481 διιιιο
618 4435 701 4480 insula
735 4447 830 4492 operans
847 4449 913 4483 susm
931 4435 1116 4494 sanguinemque
1132 4434 1221 4483 lsnistu
1233 4437 1345 4486 addicen-

97 4503 148 4548 Erss
167 4503 208 4549 ille
227 4502 253 4548 iu
273 4500 430 4560 Ephesiorum
449 4513 497 4556 ors,
517 4501 582 4558 cujus
600 4499 703 4558 aliquam
736 4498 803 4545 tibus.
