3098 4958
414 301 504 369 LIB.
527 292 650 369 XLIV.
684 303 781 371 CAP.
803 303 947 374 XXXV.
1332 321 1396 385 4113

140 449 291 530 consulis,
305 449 514 514 ostenderunt
521 475 531 530 ;
554 451 610 515 aad
621 468 728 516 rerum
741 459 883 540 praeaena
897 455 1029 522 matur
1039 465 1120 524 crat.
1163 461 1231 526 Nea
1243 475 1273 522 υ.
1282 477 1309 524 c.
1320 479 1376 526 cae

139 537 260 600 minem
274 535 351 600 totio
364 556 440 598 mox
453 535 564 598 castris
579 535 723 619 quiebrm
736 538 876 604 viderere
897 561 1008 606 acuere
1023 543 1074 606 alii
1089 544 1229 629 gladiose
1243 541 1271 586 Α·
1283 541 1309 588 ⁰·
1323 542 1376 618 ¹!ss
1451 560 1458 579 ·

140 621 193 684 alii
217 619 322 706 galeae
344 618 599 702 ”bucculasque
614 629 705 684 acuta
727 622 779 686 alii
800 623 975 708 loricaeque
996 633 1155 712 tergerem
1177 604 1363 714 αῑίἰζζζζὶῗω

139 713 249 790 aptare
264 703 389 789 corpori
403 723 500 782 arma,
515 703 711 789 experirique
724 706 785 770 aub
806 708 857 772 hia
877 709 1093 776 membrorum
1108 713 1229 797 agilita-
1240 745 1306 791 epae

139 797 227 852 teme
261 797 390 872 quatere
412 787 465 851 alii
485 787 561 886 pila,
581 788 636 852 alii
659 789 774 854 micare
799 791 921 876 gladiis,
950 793 1229 882 '‘matronamque

139 871 275 936 intueri:
296 871 439 936 ut'faoile
448 891 520 955 qure
529 881 679 952 cerneret,
689 874 746 938 ubi
755 875 895 960 primum
904 880 1089 943 conserendi
1096 901 1229 946 manum

140 977 216 1020 cum
231 959 321 1020 hoste
337 957 411 1020 data
432 956 554 1020 occasio
577 964 669 1036 esset,
684 967 741 1022 ant
754 959 885 1023 victona
899 963 1034 1046 egregia,
1048 972 1115 1027 aut·-
1125 973 1228 1030 morte

139 1040 336 1104 memorabili
375 1039 567 1104 ”initurosu
592 1040 722 1108 bellum.
787 1043 921 1108 Perseus
954 1065 1081 1130 quoque
1116 1067 1227 1133 quum,

138 1125 279 1189 adventu
304 1124 445 1189 conculis
473 1123 569 1188 aimul
598 1133 631 1188 et
657 1125 740 1190 veria
758 1126 870 1212 'princi
893 1129 934 1208 io,
960 1137 1098 1215 strepere
1121 1135 1228 1198 omnia
1314 1133 1320 1142 '

137 1209 321 1293 moverique
347 1209 434 1293 apud
456 1209 575 1288 hostes,
598 1209 687 1274 velut
710 1231 794 1274 novo
818 1211 859 1275 be
883 1234 912 1292 o,
927 1222 1078 1294 cerneret,
1099 1223 1186 1281 mota
1208 1239 1227 1281 a

139 1293 232 1357 Phila
254 1301 357 1357 caatm
378 1293 411 1356 in
434 1291 565 1356 adversa
588 1293 659 1378 ripa
704 1293 796 1374 oaita,
809 1315 898 1361 nunc
920 1297 962 1360 ad
982 1301 1227 1386 contemplanda

137 1399 237 1524 ppetrea
266 1397 324 1442 aua
351 1376 514 1442 circumire
544 1315 777 1458 ducem,51aud
805 1379 901 1482 dubie
930 1382 1084 1448 umatus
1114 1401 1226 1470 specu-

151 1483 193 1524 an
227 1482 258 1524 m
614 1483 616 1490 ·
1103 1489 1116 1511 ’ν

259 1507 270 1541 ’
477 1547 498 1595 a
583 1549 604 1595 a
688 1549 710 1595 :r
794 1550 815 1596 e
899 1549 920 1600 e·
1001 1559 1004 1569 ’
1036 1547 1051 1592 Ἀ
1124 1575 1128 1595 .

136 1651 254 1694 norum
270 1649 348 1694 ease.
997 1664 1001 1672 ,
1220 1673 1223 1680 .

181 1714 325 1812 XXXV.
362 1713 445 1780 Quae
467 1733 518 1778 rea
547 1713 700 1812 Romania
722 1715 822 1814 auxit
833 1718 965 1796 animoa,
981 1717 1225 1786 'Macedonibus

135 1797 1025 1968 tertulllttltlttfftnttlttltlb
1038 1804 1225 1973 mibiffui

138 1969 359 2032 Pantauchum
383 1967 458 2030 inde
478 1967 657 2031 venientem
680 1969 932 2066 adpropinquare
946 1972 1057 2034 caetris
1071 1981 1225 2038 vetarent.

135 2053 159 2086 '³
171 2054 226 2116 aad
235 2053 303 2138 jam
318 2059 351 2116 et
364 2051 456 2138 pueri
470 2051 599 2136 quidam
613 2051 673 2116 viai
687 2053 727 2116 ab
743 2073 809 2116 sura
824 2062 913 2116 erant
922 2053 1005 2117 inter
1012 2055 1138 2120 obsides
1148 2057 1225 2142 Illy-

135 2137 201 2200 rioa
216 2137 323 2201 ductic
345 2145 388 2215 et,
402 2136 425 2168 ’⁴
434 2157 497 2220 quo
512 2157 647 2234 quaeque
658 2137 839 2200 adcuratiua
851 2147 1005 2202 curantur
1015 2149 1040 2217 ¹,
1055 2161 1092 2202 eo
1102 2141 1225 2206 facilins
1265 2152 1276 2160 ”

135 2221 326 2305 loquacitate
347 2221 506 2306 regiorum
529 2221 747 2284 mimatrorum
761 2230 919 2284 emanant.
964 2223 1032 2286 Sub
1046 2223 1130 2286 idem
1144 2233 1225 2288 tem-

160 2327 198 2369 us
215 2305 331 2370 Rhodii
346 2305 440 2390 legati
454 2307 488 2368 in
502 2313 604 2369 castra
613 2314 769 2370 venerunt
780 2327 853 2369 cum
862 2305 975 2369 iisdem
990 2307 1030 2370 de
1043 2329 1120 2392 pace
1134 2330 1225 2372 man·

178 2391 229 2470 tia,
244 2413 316 2475 quae
332 2391 443 2454 Romae
465 2389 626 2476 ingentem
648 2390 727 2454 uam
744 2392 874 2454 Petrum
889 2391 1071 2456 excitavere.
1115 2393 1224 2458 Multo

134 2475 345 2560 iniquioribus
369 2475 482 2538 animia
502 2475 687 2540 acastrenai
710 2475 841 2540 coneilio
864 2476 965 2540 auditi
981 2485 1067 2541 aunt.
1111 2477 1225 2562 Itaque

135 2581 237 2644 quum
251 2560 303 2624 alii
315 2560 525 2659 “praecipites
547 2559 615 2624 aine
637 2583 687 2624 raa
712 2565 822 2625 oneo*
843 2561 1004 2648 agendosy
1018 2561 1138 2642 caetris,
1151 2583 1225 2648 pro-

134 2645 308 2724 nunciavit,
327 2655 402 2730 poat
424 2646 508 2710 diem
531 2583 839 2730 quintumdecimum
863 2667 896 2710 ae
918 2667 1108 2732 responsum
1132 2649 1225 2711 datu·

133 2751 218 2793 rum.
262 2730 407 2809 Inten'm,
421 2739 459 2793 ut
473 2730 646 2814 adpareret,
661 2740 817 2816 quantum
832 2731 1067 2816 pacificantium
1083 2733 1224 2796 Rhodio·

131 2837 207 2878 rum
228 2815 397 2878 auctoritas
419 2815 579 2894 valuisset,
604 2816 782 2879 consultare
806 2817 846 2879 de
864 2817 984 2880 ratione
1002 2817 1076 2880 b'elli
1094 2817 1224 2901 gerendi

133 2899 251 2998 clepit..
285 2899 433 2997 Placebat
447 2899 649 2999 quibusdam,
657 2900 680 2998 ’ᾗ
689 2907 722 2962 et
734 2900 869 2963 maxime
881 2901 1054 3000 majoribus
1068 2910 1156 3000 natu,
1166 2921 1224 3000 per
1236 2899 1341 3012 ffli'
1352 2903 1382 2948 ae

132 2985 253 3134 {tlt
266 2985 1223 3150 lltbltttlttlltttltbttttttttttttt

229 3217 314 3268 ‘aare
325 3223 374 3275 alti.
388 3223 431 3268 elie·
442 3223 523 3270 loricae
534 3228 622 3284 tergere
634 3222 730 3282 Kreyae.
744 3220 821 3268 aeta.
950 3222 1077 3280 ”finum
1089 3220 1154 3268 Eud.

245 3289 261 3319 ¹
272 3286 376 3332 celantur
387 3287 453 3332 aad.
582 3289 655 3333 rane
666 3301 770 3347 rerponeo
783 3279 922 3347 [censerent]
935 3285 1034 3347 agendos
1046 3285 1114 3331 Creu.

165 3425 197 3472 99
213 3423 337 3488 Buccelae]
356 3423 747 3486 beminerflexlleuqueependen-
773 3439 861 3486 eoaque
882 3426 1032 3482 edocuerunt,
1053 3425 1111 3486 quid
1132 3425 1157 3472 in
1181 3425 1276 3486 lllyrico
1297 3433 1389 3486 gutum

130 3495 168 3536 tea
179 3504 192 3535 e
204 3491 300 3544 aeacide,
309 3493 392 3536 buccea
401 3492 518 3549 tegebant.
543 3490 626 3549 Neque
638 3491 709 3546 enim,
721 3498 748 3536 ut
773 3499 842 3536 eeeet.

130 3554 240 3600 observat
258 3555 320 3614 Llpe.
337 3555 352 3599 l.
370 3555 415 3600 111.
433 3555 462 3601 dc
481 3555 550 3600 Milit.
570 3555 637 3600 Rom.
652 3553 712 3600 Dial.
724 3555 747 3610 ὅ,
806 3555 837 3602 94
857 3554 1148 3615 Quoquaeqaeaecareriu
1158 3549 1280 3613 curantur]
1298 3553 1387 3599 Admo-

130 3615 217 3662 claueae
236 3625 301 3664 erant
321 3625 345 3664 et
362 3617 435 3663 vultui
458 3631 573 3678 appreaaoe
597 3618 747 3676 antiquorum
774 3617 830 3662 dum
842 3617 968 3678 probabilia
985 3625 1021 3662 eet
1032 3616 1144 3663 Gronoril
1162 3619 1301 3676 conjectura,
1312 3619 1388 3664 celae·

129 3679 212 3738 gelen.
247 3681 290 3726 llis
301 3688 393 3727 tanturn
403 3681 506 3726 bucculir
516 3695 583 3740 gena
594 3683 741 3740 tegebantur.
774 3687 819 3728 tar.

164 3742 383 3805 arboremque
407 3741 502 3805 intueri]
531 3745 630 3791 Videtur
652 3745 748 3806 aliquod
806 3745 838 3792 aa
854 3744 1156 3803 Pracipiteeeinereepoero
1166 3745 1388 3804 mmermtageedoe

128 3805 206 3852 latere
218 3807 299 3853 vidum
311 3807 335 3853 in
348 3810 417 3854 verbo
429 3809 520 3854 intueri.
774 3805 867 3868 metria]
885 3807 936 3852 Vox
954 3813 1067 3854 comerent
1085 3808 1174 3866 adjecta
1191 3815 1225 3852 eat
1236 3821 1250 3852 e
1262 3807 1387 3864 Gronovio,

163 3869 196 3917 99
212 3871 311 3918 Initum
322 3867 414 3931 ullam]
433 3871 539 3918 Mutetur
548 3871 674 3932 legendum
685 3872 747 3918 erle·
774 3872 814 3930 qui
826 3871 885 3917 nihil
896 3879 1008 3930 preterea
1018 3871 1081 3916 aliud
1093 3871 1206 3917 excidleee
1217 3877 1290 3930 putat.
1312 3870 1387 3916 Dubi-

129 3933 199 3978 timet
216 3935 330 3990 finitam
370 3935 487 3982 Neutrum
506 3938 604 3982 verbum
626 3936 665 3982 bic
691 3935 747 3983 eetie
774 3944 850 3982 umus
867 3943 953 3990 tamen,
969 3949 999 3980 an
1019 3935 1063 3980 boc
1082 3935 1151 3980 modo
1171 3935 1234 3979 locun
1250 3940 1387 3993 perrenetue

129 3999 245 4055 congruit.
773 4000 810 4046 eit.
844 3997 899 4045 Non
917 3997 1258 4055 immeritovtaemrsigonim
1274 3995 1386 4054 eurpicari

162 4061 195 4107 99
212 4062 257 4108 Sed
267 4059 319 4122 jam
330 4065 431 4122 κίρνη·
441 4059 545 4124 quidam]
563 4063 629 4109 Nihil
649 4061 744 4108 intrice-
773 4065 853 4110 deeere
873 4063 1004 4110 membrum
1023 4061 1141 4118 orationie,
1160 4059 1223 4122 quod
1247 4059 1387 4118 respondeat

128 4131 181 4170 tum
196 4133 232 4170 eet
248 4125 272 4171 in
285 4127 374 4171 verbir:
392 4126 434 4172 red
452 4140 489 4171 ree
507 4127 557 4186 ipra
576 4141 659 4186 parum
677 4127 745 4172 clara.
773 4125 808 4187 τῷ
819 4129 869 4173 ortt.

128 4187 154 4234 Si
169 4189 255 4235 obsideo
273 4189 365 4250 Illyriae
383 4189 501 4250 intelligar
521 4189 613 4236 obsides
631 4203 645 4235 e
662 4190 745 4235 Perseo
804 4189 836 4236 96
852 4191 884 4236 Et
895 4182 1198 4250 maximenojorlbaeeatu]
1218 4185 1386 4234 Exietimamur

127 4251 178 4310 regi
188 4253 274 4300 Gentio
286 4254 359 4308 datos,
370 4253 566 4300 etal’anteucbo
578 4255 703 4299 eubductoe
714 4267 744 4299 ne
773 4251 865 4298 bivium
877 4253 954 4312 potiue
966 4253 1084 4311 rcripaleae
1100 4251 1220 4296 amaro
1231 4257 1294 4295 eata.
1329 4249 1385 4296 Fer-

126 4315 326 4362 ialtomanorum
346 4331 429 4363 manue
449 4317 586 4372 inciderent.
605 4317 692 4376 poteria
711 4317 744 4362 cic
771 4316 994 4362 vldnmenimillud
1012 4313 1134 4360 concilium
1155 4311 1267 4358 facienda
1286 4313 1385 4362 cibirire
1437 4329 1440 4338 “

126 4393 262 4438 exponere:
288 4380 358 4426 Pueri
381 4381 477 4441 quidam
501 4381 640 4428 Macedones
663 4379 742 4425 traditi
770 4393 812 4439 per
831 4381 906 4440 ripam
924 4379 1007 4438 Enipei
1025 4377 1213 4434 munitionesque
1232 4377 1307 4435 megia
1325 4379 1386 4440 cepit

126 4443 190 4488 inter
211 4451 300 4490 ceteros
323 4445 415 4490 obsides
437 4445 531 4498 Gentio,
554 4453 578 4490 er
599 4443 688 4489 reducti
717 4443 741 4489 in
766 4444 895 4503 juvenilem
907 4443 1022 4496 ardorem,
1035 4453 1105 4501 quem
1117 4439 1214 4486 eenilem
1227 4443 1382 4502 prudentium.

127 4507 321 4554 Macedoniam
342 4509 483 4564 Pantaucho,
502 4509 545 4555 visi
567 4524 582 4554 a
600 4509 648 4554 ruia
667 4517 741 4561 erant,
