3094 4954
431 337 518 402 LIB.
541 336 742 402 XXXVIII.
773 335 869 402 CAP.
892 338 986 403 XLI.
1327 349 1391 412 173

127 487 288 586 templum
301 485 495 551 Bendidium
509 495 612 552 casua
625 487 696 552 loco
710 495 819 572 aperto
833 488 959 574 posuitr
982 511 1056 574 pars
1070 489 1168 555 altera
1181 491 1222 556 sd
1237 506 1265 552 υ.
1278 507 1303 554 c.
1315 507 1370 556 ses.

128 573 308 636 custodiam
332 571 622 656 inpedimentorum
645 573 750 636 medio
772 573 807 636 in
831 573 924 651 saltu,
943 573 1063 660 duplici
1087 576 1222 640 circum-
1237 573 1263 618 A.
1277 572 1304 618 ⁰·
1318 571 1369 620 ¹⁰⁴²

129 657 205 722 data
218 657 313 734 rullo,
326 657 454 720 mansit.
498 657 629 720 Postero
644 657 705 734 die,
720 657 809 741 prius
831 657 993 742 explorato
1017 660 1111 739 saltu,
1125 683 1222 744 quam

130 750 306 840 moverent,
333 741 444 826 primis
470 762 503 804 se
532 741 743 826 conjungunt.
787 741 827 804 In
857 763 894 805 eo
921 743 1043 826 proelio,
1067 766 1167 828 quum
1189 754 1223 810 et

131 827 422 912 inpedimentorum
445 847 519 910 pars
542 835 575 888 et
597 826 756 903 calonum,
771 833 803 888 et
827 825 943 890 milites
968 828 1098 911 aliquot,
1120 851 1221 912 quum

131 911 251 996 passim
275 919 344 974 toto
365 932 465 1058 plrppe
489 910 572 974 saltu
594 919 801 995 pugnaretur,
826 911 1023 992 cecidissent,
1047 913 1221 998 plurimum

134 996 176 1062 Q.
202 995 340 1094 Minqcii
422 995 501 1092 eripi
528 1003 630 1058 morte
654 994 762 1058 damni
786 1003 836 1058 est
863 1003 1039 1080 acceptum,
1068 998 1221 1063 sortisse

133 1090 254 1144 anunm
265 1101 335 1144 vin.
378 1079 429 1143 Eo
444 1079 495 1142 dre
508 1079 550 1142 ad
565 1079 712 1142 Hebrum
727 1079 846 1143 flumen
861 1089 1048 1165 perventum
1063 1091 1121 1147 est.
1146 1083 1220 1148 inde

133 1165 305 1263 AEniomm
319 1164 399 1227 fines
419 1173 535 1248 praeter
542 1163 711 1248 Apollinis,
724 1167 745 1199 ⁴¹
756 1164 987 1249 Zerynthium⁶
1001 1176 1221 1250 quemvocant

132 1249 256 1348 mcplae,
280 1249 436 1396 templum
459 1256 619 1334 superant.
673 1249 755 1312 Aliae
779 1249 934 1332 angustiae
958 1249 1041 1314 circa
1062 1253 1221 1338 Tempyra

132 1341 307 1420 excipiunt,
336 1335 407 1415 (oe
434 1333 504 1396 loco
534 1353 651 1396 nomen
678 1336 738 1416 ert)
763 1355 823 1396 nec
849 1333 957 1397 minus
984 1335 1220 1420 ‘’confragosae,

132 1441 229 1518 qupm
244 1418 383 1517 priores:
405 1419 472 1517 sed,
487 1417 562 1566 quia
581 1417 661 1481 nihil
684 1418 826 1482 silvestre
848 1417 931 1482 cirea
950 1425 1009 1497 est,
1024 1441 1065 1482 ne
1085 1420 1220 1485 latebras

133 1505 262 1588 quidem
292 1503 332 1566 ad
355 1503 492 1567 msrdran
514 1525 571 1566 um
599 1501 754 1588 praebent.
799 1503 875 1566 Huc
899 1503 940 1566 sd
964 1505 1107 1568 eamdem
1131 1527 1220 1591 spem
1234 1521 1341 1568 Alterum

133 1589 250 1674 pmdae
264 1587 400 1652 Thrausi
418 1590 508 1672 (gens
523 1587 640 1673 etipsa
652 1588 824 1670 Threcum)
848 1609 1043 1652 convenerer
1065 1590 1131 1669 sed,
1147 1591 1221 1674 quia
1232 1587 1348 1647 prauum.

134 1673 358 1822 nffidaebxfloe’
371 1673 491 1772 procul
509 1681 547 1737 ut
568 1672 826 1772 ponspicerentur
842 1673 1006 1772 angustias
1028 1674 1220 1754 obsidentes,

132 1779 253 1944 {tt
272 1757 1221 1943 emutatus:

131 1927 204 1992 latis
216 1927 339 2027 signisd
358 1928 574 1992 dimicandum
593 1935 669 1991 erat.
713 1927 856 1992 Conferti
870 1927 1043 1992 subeuntes
1062 1951 1136 1992 eum
1157 1929 1220 1993 cla-

130 2035 230 2092 more,
253 2023 365 2099 mpetu
393 2013 487 2091 facto,
509 2013 650 2099 primurn
676 2012 823 2098 expulere
849 2013 919 2076 loeo
944 2013 1071 2092 hortes3
1107 2013 1221 2078 deiude

132 2107 282 2162 avertere.
301 2098 379 2182 fuga
391 2097 466 2162 inde
481 2099 657 2183 caedesque,
667 2098 733 2162 suis
751 2097 839 2183 ipsos
854 2097 1089 2195 inpedientibus
1104 2119 1221 2182 angus-

131 2182 200 2260 tiis,
214 2182 283 2244 fieri
301 2189 404 2328 empta
421 2191 478 2247 est.
508 2183 645 2246 Romani
663 2183 798 2247 victores
813 2182 854 2244 ad
865 2203 972 2245 vicum
987 2181 1221 2245 Maronitarum

134 2267 250 2346 (Saron
265 2266 327 2351 adp
369 2271 433 2349 ant)
451 2275 628 2353 posuerunt
639 2275 750 2330 cestra.
816 2273 900 2329 atero
913 2265 963 2328 die
977 2265 1100 2363 patenti
1110 2265 1221 2330 itinere

134 2351 293 2416 Priaticus
317 2371 447 2436 campus
472 2373 527 2416 eos
543 2352 688 2438 excepit3
716 2351 757 2414 tri
780 2369 921 2432 numque
945 2349 999 2427 ibr,
1026 2349 1221 2414 frumentum

132 2436 334 2534 accipientes,
348 2447 542 2516 manserunt,
555 2437 673 2522 partim
691 2457 732 2499 ex
753 2435 836 2519 agris
857 2433 1100 2512 Maronitarum,
1116 2433 1221 2497 confs-

132 2521 277 2584 rentibus
291 2521 379 2607 ipis,
387 2523 503 2607 partim
519 2543 558 2585 ex
572 2521 707 2586 mribus
721 2519 797 2598 suis,
808 2541 880 2603 quse
891 2540 965 2582 curn
981 2518 1084 2582 omnis
1098 2518 1221 2604 generis

133 2615 310 2670 commeatu
325 2605 551 2691 sequebantur.
585 2607 639 2670 Ab
652 2605 775 2670 stativis
790 2604 852 2668 diei
866 2604 917 2668 via
931 2603 1134 2690 Apolloniam
1150 2603 1221 2668 fuit.

133 2689 210 2754 hinc
224 2712 280 2776 per
291 2691 516 2756 Abderitamm
531 2713 642 2776 agnam
658 2689 827 2776 Neapolim
841 2699 1029 2775 perventum
1048 2698 1107 2753 est.
1147 2689 1221 2752 Hoc

133 2797 226 2874 omne
245 2797 303 2861 per
323 2775 511 2875 Graecorum
529 2775 668 2840 colonias
696 2783 845 2861 pacatum
875 2774 936 2838 iter
957 2774 1027 2838 suit.
1062 2774 1221 2858 reliquum

2 2890 8 2910 .
132 2860 207 2924 rude
231 2883 288 2945 per
308 2861 431 2924 medios
445 2861 594 2939 Thracas,
609 2861 676 2924 dies
698 2868 881 2944 noctesque,
896 2858 956 2922 etsi
970 2881 1036 2922 non
1057 2859 1221 2937 infestum,

133 2954 319 3029 suspectum
331 2953 450 3024 tamen,
465 2945 566 3010 donec
579 2945 614 3008 iu
630 2943 851 3009 Macedoniarn
906 2951 1087 3006 rvenerunt.
1131 2942 1221 3005 Miti-

133 3051 205 3094 orea
229 3031 367 3094 'Thracas
389 3030 475 3094 idern
500 3030 667 3110 exercitus,
696 3049 838 3114 quuma
865 2965 1018 3112 hiipione
1037 3025 1146 3088 eadem
1170 3025 1222 3088 via

133 3113 313 3193 duceretur,
332 3115 497 3193 habuerat,
519 3115 639 3178 nullam
660 3115 702 3178 ob
724 3114 817 3177 aliam
841 3131 996 3190 caussam,
1021 3131 1118 3194 quam
1135 3110 1222 3193 quod

132 3199 251 3285 praedae
265 3200 384 3278 minus,
398 3200 486 3284 quod
500 3207 671 3285 peteretur,
685 3200 797 3262 suerat.
834 3198 940 3264 Quam
965 3217 1038 3259 uam
1056 3203 1127 3258 tum
1141 3215 1221 3278 quo-

133 3305 197 3369 que
218 3283 373 3348 Claudius
384 3293 495 3348 auctor
514 3292 573 3362 est,
588 3285 629 3348 ad
643 3283 824 3368 quindecim
844 3281 943 3346 millia
982 3283 1123 3360 mecum,
1138 3301 1221 3364 prae-

134 3368 261 3432 oedenti
273 3369 313 3432 ad
322 3368 516 3454 exploranda
525 3369 595 3433 loca
609 3389 722 3453 agmen
737 3367 859 3431 Mutini
873 3366 1024 3431 Numida
1033 3365 1220 3430 obcurrisse.

133 3453 386 3538 quadringentos
410 3453 533 3538 equites
554 3453 652 3516 fuisse
678 3451 847 3530 Numidas,
881 3472 1000 3536 paucos
1025 3451 1220 3535 elephantos.

134 3537 275 3637 saumis
306 3537 409 3602 filium
437 3559 495 3637 per
523 3537 644 3602 medios
667 3537 775 3600 hostes
800 3557 874 3600 cum
904 3543 1033 3598 centum
1065 3534 1221 3618 quinqua-

4 3689 5 3698 ,
133 3631 225 3772 ppnta
240 3621 396 3686 delectise
420 3622 541 3686 tutibus
556 3621 747 3708 perrupisse.
771 3620 918 3684 eumdem
931 3640 1017 3696 mox,
1031 3639 1131 3702 quum
1142 3618 1221 3702 jam,

3 3711 4 3742 ¹
158 3707 293 3806 ,nfinil’
307 3707 340 3770 in
355 3729 387 3770 m
430 3708 459 3774 'o
474 3707 650 3793 elephantis
670 3705 851 3804 conlocatis,
865 3704 899 3768 in
921 3723 1040 3768 cornua
1061 3701 1222 3786 equitibus

133 3787 1222 3975 ttttfltt'rtttttttttttttmtttttt

134 3962 175 4025 ad
195 3962 340 4062 peditum
359 3983 472 4046 agmen
494 3983 559 4026 noa
580 3959 758 4024 accessisse.
802 3957 863 4022 Cn.
880 3895 1022 4022 Manlus
1036 3977 1093 4042 per
1115 3956 1221 4019 Mace-

134 4045 264 4114 domam
285 4046 318 4110 in
332 4045 529 4110 Thessaliam
551 4045 725 4110 exercitum
745 4043 895 4108 traduxit.
927 4042 1000 4106 inde
1015 4063 1073 4127 per
1087 4039 1223 4126 Epirum

319 4184 333 4214 θ
344 4181 485 4244 Zerynthia
496 4181 569 4228 (iton.
763 4173 777 4211 ‘¹
788 4179 860 4240 agata
871 4178 958 4226 collatu
971 4175 1049 4226 seta.

168 4305 197 4354 ⁴1
216 4307 368 4368 Zerynthium
380 4320 444 4367 quen
456 4313 534 4352 ooeaur
549 4299 640 4365 treola]
659 4303 752 4366 rma
782 4303 875 4349 ridetur
893 4302 948 4348 hinc
968 4301 1106 4362 ableganda,
1124 4311 1177 4357 qun
1197 4291 1264 4340 heile
1284 4289 1386 4350 suppleri

136 4373 208 4418 mun
245 4369 393 4432 reporuImus
422 4383 452 4414 ex
484 4369 551 4414 MSS.
579 4367 672 4414 Gelenil
707 4381 750 4428 pro
782 4373 901 4427 potenter
914 4367 1006 4411 videtur
1024 4361 1162 4418 hasteriae
1175 4354 1387 4416 hirtaqulliben·

135 4436 287 4496 &rma-n,
298 4434 362 4493 quod
373 4433 502 4494 preferant
513 4431 669 4479 Gronorlann
680 4429 750 4478 editi·
782 4438 818 4477 ter
828 4443 903 4490 genus
911 4431 956 4475 hoc
965 4425 1113 4486 provocabat}
1122 4421 1253 4484 supprlmlt,
1262 4419 1388 4479 Irrepriese.

135 4513 200 4546 osea
218 4499 365 4558 Zerynthim
374 4495 459 4558 Apollo
470 4495 751 4556 dicebaturszeryntho
815 4493 847 4540 ⁴2
863 4487 1046 4552 *GmsroguaeJ
1074 4491 1169 4548 mper-
1188 4499 1215 4533 ac
1234 4483 1339 4532 difficiles
1359 4485 1389 4530 ob

135 4575 213 4622 astro,
225 4571 249 4611 et
258 4564 316 4610 urbe
327 4559 476 4623 cognomine.
510 4560 621 4607 Ceterum
632 4572 676 4605 ror
687 4573 752 4621 qam
783 4553 1015 4617 inaequalitatum
1027 4553 1180 4613 colliumque.
