3118 5002
472 367 561 432 LlB.
586 367 698 432 XLII.
728 369 824 434 CAP.
850 369 919 436 LV.
1306 373 1368 436 373

4 585 6 592 ,
117 520 151 582 in
165 519 273 604 ipsum
293 517 549 600 Macedonasque
572 517 759 602 procacibus
776 519 908 603 jaculati
930 527 1016 584 sunt.
1048 541 1121 602 quae
1143 540 1204 597 res,
1219 532 1284 578 uc.
1298 531 1352 577 :ou

140 625 218 666 uum
245 602 440 666 infestiorem
465 602 589 664 hostem
617 603 658 666 ad
685 602 936 687 obpugnandum
958 604 1094 682 fecisset,
1118 603 1205 687 ipsos
1219 595 1286 642 hc·
1301 594 1352 646 ¹⁷¹·

7 731 12 739 -
117 627 336 772 desperatione
351 685 451 748 venire
465 685 505 748 ad
519 685 657 750 tuendos
681 707 748 749 sese
770 687 872 750 acrius
897 688 1049 750 accendit.
1094 687 1206 771 ltaque

118 793 188 918 per}1
193 771 334 917 tpiduum
355 769 542 916 ligiitibf
555 770 722 916 lllffilhque
737 770 849 833 animis
865 779 897 833 et
911 771 1103 869 obpugnatae
1119 779 1205 869 sunt,

4 921 6 934 ¹
118 855 1205 1024 {tintuslitut...tttltt‘tlptlttlthltttt

4 1069 7 1106 2
118 1023 246 1086 eosdem
260 1030 386 1085 tuentes
406 1021 533 1100 moenia,
552 1043 616 1084 non
631 1022 762 1084 vulnera
781 1023 886 1100 modo,
908 1023 964 1086 sed
983 1023 1077 1086 etiam
1090 1023 1205 1107 vigiliae

3 1185 10 1196 .
119 1115 152 1170 et
181 1106 345 1170 continens
370 1105 459 1168 labor
482 1105 677 1169 conficiebat.
713 1115 826 1189 quarto
851 1106 901 1169 die
930 1129 1030 1189 quum
1057 1116 1090 1170 et
1114 1107 1205 1172 scalae

118 1191 259 1274 undique
282 1189 323 1252 ad
345 1211 453 1252 muros
477 1189 681 1273 erigerentur,
702 1198 735 1252 et
753 1190 889 1274 portavi
908 1191 1023 1274 majore
1041 1191 1206 1275 obpugna-

118 1283 219 1353 retur3
237 1273 389 1358 oppidani
403 1273 526 1358 depulsi
540 1273 639 1336 muris
654 1273 695 1336 ad
709 1283 833 1358 portam
848 1275 1003 1338 tuendam
1013 1284 1207 1339 concurrunt

3 1391 6 1448 j
118 1359 379 1443 eruptionemque
392 1357 589 1442 repentinam
603 1357 636 1420 in
651 1359 759 1420 hostes
772 1357 901 1422 faciunt.
938 1380 1009 1441 quae
1028 1381 1128 1442 quum
1151 1359 1206 1423 irre

3 1495 7 1532 ζ
117 1443 220 1589 pagis
227 1441 549 1589 {nimitoe'ussuff
562 1441 936 1590 verpedtiductiaefuiriunpe
945 1453 1038 1521 esset,
1057 1443 1207 1590 panepeet

3 1583 4 1586 ,
132 1548 297 1589 eseiam
481 1549 491 1589 1
630 1548 903 1590 cerun·uen
975 1549 1206 1590 uera·

3 1609 7 1676 ’.
117 1619 185 1673 tem
200 1535 445 1695 pomffitqs
460 1547 658 1696 accepbiunt.
704 1610 754 1674 Ita
768 1549 863 1694 daptii
874 1548 1001 1674 urbiqac
1082 1549 1138 1696 plia
1147 1549 1205 1676 eii.

3 1693 8 1702 ’
117 1695 217 1758 libers
230 1716 355 1778 quoque
370 1716 510 1780 corpora,
525 1716 597 1779 quae
608 1694 748 1758 caedibus
760 1696 994 1780 superfuerunt,
1004 1696 1204 1759 venumdata.

3 1835 6 1846 ,
118 1780 235 1842 Diruto
250 1801 365 1863 magna
378 1799 417 1842 ex
430 1787 519 1864 parte
534 1787 566 1843 ct
580 1779 709 1843 incenso
724 1779 842 1864 oppido
863 1779 1034 1864 profectus,
1058 1779 1099 1842 ad
1123 1780 1206 1842 Pha·

3 1865 5 1872 '
117 1863 245 1926 lannam
268 1871 371 1926 costra
395 1863 513 1926 movitr
536 1863 610 1927 inde
633 1873 760 1948 postero
779 1863 830 1926 die
854 1865 1033 1947 Gyrtonem
1051 1863 1205 1948 pervenit.

4 1983 5 1986 ¹
119 1947 193 2013 Guo
217 1969 318 2032 quum
339 1948 378 2010 Τ.
395 1947 576 2010 Minucium
602 1949 723 2012 Rufum
746 1955 778 2011 et
802 1948 967 2032 Hippiam,
981 1948 1206 2011 Thessalorum

3 2091 4 2098 ,
116 2041 295 2116 praetorem‚
311 2053 385 2095 cum
396 2031 543 2116 praesidio
555 2032 687 2096 intrasse
698 2032 880 2116 accepisset,
895 2050 934 2094 ne
945 2039 1067 2096 tentata
1077 2031 1206 2115 quidem

3 2117 5 2124 ’
117 2116 364 2200 obpugnatione,
375 2123 627 2200 praetergressus‚
641 2116 662 2148 ⁸⁸
672 2116 810 2179 Elatiam
824 2124 857 2178 et
873 2115 1037 2193 Gonnum,
1052 2115 1206 2200 perculsis

117 2199 282 2348 ifnopilpato
311 2201 448 2264 adventu
464 2200 654 2348 rlqppidnqi‘q,
682 2199 810 2346 retcepit.
854 2200 998 2344 lltrrbque
1026 2199 1145 2296 oppida
1172 2199 1206 2262 in

130 2305 201 2347 ouer
226 2305 293 2347 uss
317 2305 338 2347 n
730 2295 771 2324 ¹¹¹·
994 2304 1015 2344 n
1057 2329 1064 2346 .

116 2377 150 2431 et
173 2305 316 2432 firmioril
332 2293 365 2432 lid
377 2305 707 2453 bhoebsididllleuturhmel
727 2304 996 2451 uiluhiabldditridi
1017 2304 1069 2443 ili,
1091 2291 1206 2430 aidalildd

116 2453 202 2516 fossa
215 2453 331 2538 triplici
345 2473 382 2516 ac
394 2453 475 2517 vallo
493 2453 665 2530 munitum,
687 2389 824 2536 reliquit.
869 2451 953 2536 Ipse,
977 2388 1019 2514 ad
1037 2449 1206 2534 Sycurium

117 2559 314 2684 ppuogressus,
327 2537 464 2622 opperiri
486 2537 531 2601 ibi
549 2537 690 2600 hostium
712 2535 884 2599 adventum
903 2535 1033 2598 statuit:
1057 2534 1153 2598 simul
1174 2542 1207 2598 et

171 2622 301 2684 mentari
316 2622 434 2706 passim
449 2621 620 2685 exercitum
629 2621 723 2706 jubet
741 2621 775 2684 in
794 2620 936 2704 subjecto
957 2619 1097 2682 hostium
1120 2640 1206 2703 agro.

117 2727 193 2768 nam
217 2727 254 2769 ue
281 2705 450 2790 Sycurium
474 2715 523 2770 est
546 2706 606 2769 sub
629 2704 788 2769 radicibus
815 2703 908 2768 ossae
931 2704 1059 2768 montis.
1095 2725 1159 2786 qua
1173 2704 1207 2766 in

117 2790 196 2853 meri
220 2791 280 2854 ’em
294 2791 407 2875 vergit,
422 2789 581 2874 subjectos
595 2790 692 2854 habet
705 2789 876 2852 'lhessaliae
890 2809 1019 2874 campos
1031 2813 1040 2852 r
1062 2788 1102 2852 ab
1117 2796 1207 2871 tergo

118 2875 340 2938 Macedoniarn
355 2885 450 2958 atque
466 2875 675 2959 Magnesiam.
714 2875 768 2936 Ad
781 2876 838 2938 has
852 2873 1106 2957 opportunitates
1120 2891 1208 2934 acce·

116 2959 166 3022 dit
179 2979 304 3022 summa
318 2959 486 3023 salubritas
501 2967 533 3023 et
548 2959 649 3044 copia,
664 2957 810 3042 pluribus
825 2956 1034 3040 circumjectis
1055 2955 1208 3032 sontibus,

115 3043 306 3128 perennium
322 3065 488 3128 aquarum.
847 3124 854 3138 1
1049 3121 1056 3136 ⁶

161 3127 231 3192 LV.
255 3127 377 3192 Consul
401 3129 576 3206 Romanus,
621 3148 656 3190 er
676 3125 803 3189 eosdem
823 3124 890 3188 dies
915 3122 1110 3187 Thessaliam
1134 3143 1207 3184 cum
1221 3137 1363 3186 coenon-

116 3212 258 3276 exercitu
282 3221 405 3296 petens,
427 3213 486 3276 iter
507 3211 691 3358 mmm
711 3210 814 3294 primo
838 3229 896 3293 per
916 3207 1053 3292 Epirum
1075 3205 1274 3270 habuitrrtem
1285 3203 1356 3250 nne

116 3296 241 3374 deinde,
265 3305 434 3443 posuqqam
455 3297 489 3360 in
502 3297 547 3360 At
664 3295 726 3358 iam
747 3303 796 3358 est
815 3303 1041 3390 transgressus,
1056 3290 1208 3376 esperiae

116 3401 217 3464 prope
230 3381 306 3444 invii
321 3403 356 3444 so
370 3381 390 3459 ',
405 3403 478 3444 curn
493 3379 614 3478 ingenti
630 3379 813 3442 difficultate
827 3399 932 3462 parvis
944 3375 1110 3440 itineribus
1125 3395 1208 3459 segre

118 3463 287 3549 Gomphos
299 3465 462 3562 pervenit:
485 3487 537 3528 cur
550 3463 588 3542 si,
603 3463 725 3526 vexatis
739 3461 922 3528 hominibus
943 3460 1106 3544 equisque,
1130 3459 1205 3524 tiro·

116 3569 192 3610 nem
207 3557 379 3612 exercrtum
394 3548 523 3612 ducenti
537 3547 602 3611 acie
617 3547 773 3610 instructa
790 3555 823 3610 et
842 3546 912 3608 loco
933 3566 991 3608 suo
1011 3552 1044 3608 et
1064 3552 1206 3627 tempore

115 3631 293 3696 obstitisset
316 3655 381 3711 rex,
399 3653 439 3696 ne
463 3630 599 3696 Romani
619 3631 747 3714 quidem
761 3630 917 3706 abnuunt,
931 3649 1047 3711 magna
1061 3648 1119 3690 sua
1132 3647 1207 3690 cum

115 3715 206 3779 clade
220 3717 318 3780 fuisse
331 3725 540 3801 pugnaturos.
584 3715 758 3797 Postquam
774 3713 941 3796 Gomphos
956 3711 1023 3774 sine
1037 3710 1207 3774 certamine

115 3807 249 3863 ventum
272 3809 331 3878 est,
353 3809 472 3885 praeter
488 3798 640 3884 gaudium
663 3795 832 3882 periculosi
846 3795 946 3858 saltus
961 3793 1110 3878 superati,
1131 3815 1207 3858 con.

115 3892 236 3946 temtus
245 3905 372 3968 quoque
384 3883 535 3960 hostium,
546 3881 624 3946 adeo
635 3880 849 3965 ignorantium
860 3877 1114 3963 opportunitates
1123 3899 1207 3956 suas,

115 3969 257 4032 accessit.
302 3967 462 4032 Sacrificio
487 3967 546 4028 rite
572 3966 722 4050 perfecto,
748 3961 870 4040 consul,
893 3969 925 4025 et
946 3962 1106 4025 frumento
1132 3961 1207 4024 dato

115 4051 281 4130 militibus,
295 4073 414 4137 paucos
428 4051 469 4114 ad
483 4049 622 4134 requiem
633 4047 853 4132 jumentorum
866 4045 1094 4130 hominumque
1105 4065 1207 4109 mora·

278 4215 301 4243 ¹²
312 4225 357 4272 qao
371 4209 452 4270 Tempe
463 4209 548 4256 edent
560 4207 655 4268 Kreyss.
691 4221 736 4268 qao
750 4205 831 4264 Tempe
842 4205 955 4252 abeatur
964 4203 1041 4253 cett.

112 4347 222 4392 observet
245 4345 354 4392 usitatius
378 4345 423 4392 dial
443 4342 549 4406 ,ioculari
570 4344 667 4404 aliquid,
692 4341 729 4387 rel
761 4340 781 4386 si
796 4339 877 4398 utique
890 4339 980 4397 probrir
993 4337 1128 4388 retineatur,
1139 4331 1246 4394 jaesum

112 4423 157 4468 pro
177 4423 254 4468 scopo,
266 4418 292 4455 ut
311 4409 413 4455 Dextera
427 4405 633 4467 omnicoetum
649 4419 729 4456 meere
793 4403 825 4448 to
847 4403 949 4448 Elatiam
968 4407 990 4447 et
1012 4393 1126 4457 timon]
1152 4397 1199 4442 Sua
1216 4395 1252 4443 hls
1274 4395 1370 4444 urbibua

112 4472 151 4518 rel
163 4486 205 4531 pro
218 4473 273 4528 telo,
289 4479 315 4518 ut
324 4469 445 4533 jae-tacu
455 4471 569 4532 puppibus
582 4471 652 4530 lgm.
680 4467 728 4513 lta·
761 4466 863 4510 restituit
889 4463 984 4510 nomina
1006 4459 1122 4522 Sigonius.
1164 4459 1231 4508 Prius
1250 4461 1371 4521 legebatur

111 4549 160 4596 que
186 4535 243 4596 legit
265 4536 301 4581 rel
316 4537 401 4596 probro
416 4567 422 4582 .
439 4567 445 4582 .
462 4567 469 4581 .
480 4533 583 4596 jaculati
606 4537 666 4586 reat,
683 4531 728 4586 vel,
765 4529 864 4576 Velctlor
877 4533 899 4574 et
915 4527 1020 4572 eunus.
