3094 4954
206 319 270 384 170
794 303 887 370 Tl'll
919 299 1033 366 LIVll

208 486 238 532 u.
251 485 277 531 c.
287 483 342 530 aar.
371 463 452 528 sidia
466 461 605 526 deducito
613 484 624 530 ,·
645 457 748 537 ntique
759 459 842 517 mete
856 451 1031 526 tradantur,
1046 452 1162 511 monto.
1198 445 1221 478 ¹³
1230 448 1362 530 Asperat
1370 450 1466 530 probs·

211 547 275 598 Ν
290 547 343 596 ¹⁸⁸·
372 547 528 612 duodecim
556 544 654 606 millio
680 541 788 604 Attica
817 538 950 600 talenta¹
975 533 1048 596 doto
1076 534 1162 594 intra
1189 531 1345 596 duodecim
1368 555 1467 597 aanor

369 631 561 714 paeonibus
576 627 678 708 aprio,
700 625 859 700 (talamum
873 641 911 683 ne
924 620 1024 682 minue
1035 617 1135 698 ponda
1150 618 1302 698 octopinta
1316 619 1466 682 Romanis

366 715 553 800 ponderibus
579 711 705 793 pendat)
736 707 797 770 '‘et
821 707 919 768 tritici
948 705 1110 784 puinpenia
1135 701 1342 783 quadruplata
1365 705 1466 765 millia

373 800 515 864 nomon.
559 796 691 860 Eumeni
712 793 780 874 rapi
804 790 950 852 ”talento
974 793 1110 849 trecenta
1132 787 1350 868 qrdnpuapinta
1378 789 1467 850 intra

374 883 605 968 quinquennium
619 880 713 942 dato.-
735 882 766 938 et
781 895 842 956 pro
858 872 1025 954 frumentio,
1047 869 1158 952 ⁸⁸qaoa
1176 872 1374 934 aestimatione
1390 871 1466 952 fiat,

374 971 491 1033 talenta
515 971 633 1030 centum
650 962 760 1044 uipinti
779 965 901 1039 sapim.
948 956 1075 1018 Obsides
1090 957 1237 1018 Maronia
1256 955 1366 1037 oipinti
1380 957 1466 1033 dato,

375 1060 405 1117 el
430 1053 715 1152 toinotonatata·
737 1066 774 1108 ne
793 1045 924 1106 minores
945 1041 1083 1140 orlondm
1104 1039 1212 1140 dendm
1226 1061 1384 1139 annorum,
1406 1061 1467 1140 nen

375 1128 900 1297 bi'trmlbtbiitlt,
914 1125 1321 1307 ..bilibit-titii
1333 1126 1467 1272 lm:

376 1325 466 1388 quam
487 1303 592 1366 urbem
613 1307 667 1364 aut
691 1299 760 1362 belli
774 1298 849 1378 jure
871 1300 981 1371 teneat,
1003 1300 1056 1356 aul
1080 1297 1113 1357 im
1134 1295 1301 1357 amicitiam
1323 1296 1466 1375 accipiat.

379 1390 607 1453 Controomeiar
619 1387 700 1448 inter
709 1382 818 1464 rejure
829 1380 990 1460 ocjudioio
1000 1379 1197 1460 disceptantm
1211 1385 1274 1456 aut,
1288 1381 1317 1441 ci
1331 1381 1468 1460 utrisque

371 1473 517 1556 placebit,
542 1472 627 1534 bella.
670 1469 721 1531 De
747 1463 926 1529 Hannibale
948 1465 1056 1541 Poeno,
1076 1471 1108 1526 et
1128 1463 1238 1526 AEtnlo
1257 1463 1412 1541 Thoante,
1433 1471 1468 1526 et

379 1557 618 1620 Mnasimaeho¹
636 1554 812 1628 Acarnane,
833 1557 866 1612 et
884 1547 1146 1611 Chalcidensibus
1164 1547 1326 1611 Eubulida
1342 1556 1375 1611 et
1392 1549 1468 1612 Phi-

377 1642 460 1719 lone,
476 1639 637 1715 dedendis,
652 1637 686 1699 in
697 1637 757 1698 hoc
772 1653 899 1718 quoque
913 1633 1029 1696 foedere
1044 1632 1238 1717 adscriptum
1252 1640 1310 1697 est.
1334 1641 1366 1696 et
1378 1639 1424 1710 ut,
1439 1633 1467 1695 si

377 1725 455 1872 guid
466 1732 577 1809 postea
590 1721 673 1799 addi,
688 1719 782 1798 demi,
798 1717 952 1782 mutarive
963 1717 1144 1802 placuisset,
1159 1725 1197 1780 ut
1207 1715 1240 1780 id
1252 1717 1337 1781 salvo
1349 1718 1467 1782 foederc

402 1818 586 1958 eliiiXIX.
609 1888 732 1954 Consul
741 1887 862 1973 juravit
874 1887 908 1950 in
922 1888 983 1950 hoc
999 1887 1129 1950 foedus‘.
1150 1886 1191 1950 ab
1205 1907 1278 1971 rege
1292 1887 1348 1970 qui
1362 1885 1467 1972 exige-

379 1985 450 2076 rent
460 1976 696 2076 jusjurandum,
710 1972 844 2059 proiecti
861 1973 901 2038 Q.
918 1971 1083 2070 Minucius
1097 1972 1254 2036 Thermus
1268 1979 1300 2069 et
1314 1972 1353 2035 L.
1371 1971 1466 2070 Man-

379 2063 451 2142 hus,
467 2083 522 2146 qm
540 2070 611 2124 tum
624 2060 706 2123 forte
727 2059 767 2122 ab
791 2057 950 2122 Oroandis
971 2057 1073 2120 redut.
1095 2065 1128 2120 et
1143 2057 1184 2123 Q.
1200 2057 1298 2120 Fabio
1313 2055 1466 2134 Labeom‚

380 2147 435 2232 qui
450 2147 542 2245 classi
555 2151 698 2245 preerat,
711 2143 847 2242 scripsit,
855 2151 893 2204 ut
902 2143 1015 2205 Patara
1020 2141 1181 2240 extemplo
1196 2141 1466 2226 proficisceretur3

380 2227 1467 2401 tiitirbg‘tti,tffiqttfilb⁰titi⁶ii.tttt⁹btrbi

419 2441 527 2488 teneura
538 2441 618 2486 Attica
629 2439 745 2485 duodecim
757 2439 828 2483 millia
841 2437 918 2483 lielrlr.
1045 2441 1056 2470 ¹
1067 2437 1206 2485 Mnasilocho
1218 2435 1313 2496 Kreyss.
1326 2435 1402 2484 Bekk.

746 2499 788 2547 ‘ia
799 2497 1019 2562 mosoedaejurauit
1031 2501 1110 2547 netu.

249 2619 282 2665 83
298 2619 396 2679 Argenti
423 2617 489 2676 probi
510 2615 626 2661 duodecim
648 2615 722 2658 millia
744 2614 824 2659 Attica
856 2621 906 2658 tum
916 2613 1011 2672 vulgare
1023 2627 1064 2673 par
1076 2620 1126 2660 arat
1134 2611 1199 2659 libris
1212 2613 1325 2659 Romanis
1336 2613 1414 2672 pondo
1427 2613 1465 2667 7⁰.

218 2685 305 2729 tabula
316 2712 369 2727 ....
380 2679 497 2726 Talentum
508 2693 535 2724 rre
547 2681 620 2722 minua
629 2679 702 2736 pando
713 2679 824 2736 octoginta
857 2677 903 2722 Sed
915 2678 971 2736 qnia
983 2678 1094 2724 Romanis
1115 2677 1153 2722 hic
1172 2691 1221 2722 moe
1241 2683 1299 2732 erat,
1312 2684 1338 2722 ut
1349 2677 1465 2736 quidquid

217 2746 326 2792 Romania
341 2743 478 2804 ponderibus
491 2738 589 2802 medat]
617 2741 690 2800 Atqui
710 2740 824 2786 talentum
857 2741 908 2786 auri
920 2741 1058 2800 argentique
1074 2742 1104 2788 ad
1115 2741 1232 2788 officinam
1250 2749 1349 2786 moneta
1361 2739 1465 2786 flandum

219 2809 322 2856 Atticum
333 2806 454 2865 scrutata
463 2805 579 2850 minarum
592 2813 634 2850 est.
670 2804 824 2850 Minaautem
857 2803 989 2850 feriendum
1007 2805 1137 2861 afferretur,
1157 2819 1185 2850 ex
1206 2819 1233 2850 eo
1251 2812 1356 2850 octavam
1374 2813 1465 2863 partem

219 2873 298 2919 Attica
316 2885 358 2930 par
377 2877 484 2915 censetur
496 2869 609 2915 Rornanoe
628 2867 700 2914 librae.
735 2869 826 2913 Grono·
860 2868 989 2913 lucraretur
1001 2869 1138 2928 respublica,
1150 2869 1203 2914 ideo
1219 2883 1264 2914 non
1277 2869 1340 2914 libris
1352 2868 1391 2922 70,
1403 2869 1465 2928 quod

219 2937 270 2981 vius
281 2937 296 2980 l.
311 2935 356 2980 lll.
369 2933 398 2980 de
411 2935 462 2980 Per.
474 2933 523 2979 Vet
536 2947 555 2979 c.
568 2933 590 2988 3,
603 2939 629 2978 ut
647 2931 708 2978 hehe
727 2932 827 2977 diffleul·
860 2932 989 2991 genuinum
1008 2940 1058 2978 erat
1074 2933 1155 2978 talenti
1175 2932 1274 2992 pondus.
1285 2933 1327 2978 sed
1338 2931 1377 2986 to,
1389 2933 1465 2978 talen·

219 3007 292 3045 tatem
314 2999 388 3054 tollat,
410 2997 520 3045 emendat
541 3013 571 3044 ex
592 2997 696 3056 Polybio.
730 2999 829 3056 Argenti
861 3005 910 3041 tum
931 2997 975 3042 sibi
998 2999 1027 3042 ab
1051 2997 1166 3044 Antiocho
1194 2997 1331 3042 solvendum
1354 2997 1465 3044 eetimant.

218 3065 284 3123 probi
311 3065 386 3108 Attici
414 3059 543 3125 (ἀργυρίου
571 3061 684 3107 Ἀττικοῦ
711 3057 827 3124 dpicrou)
861 3060 1058 3108 Nobisnonlicet
1074 3061 1134 3107 hanc
1153 3062 1309 3120 coniecturam
1326 3061 1465 3120 aequiparo·

220 3128 335 3173 duodecim
359 3128 431 3174 millia
454 3129 569 3173 talentrlm.
604 3125 729 3170 Talentum
749 3133 827 3170 autem
859 3133 940 3184 pterea
951 3125 1014 3182 qnod
1031 3125 1119 3170 minam
1139 3124 1236 3170 iacimus
1247 3138 1326 3184 parem
1338 3124 1404 3170 libna
1417 3125 1465 3170 tto·

219 3190 338 3248 octoginta
374 3189 485 3236 librarum
525 3189 667 3248 ponderibus
708 3189 828 3244 Romanis,
860 3202 943 3243 manae,
961 3187 1097 3234 drachmam
1122 3189 1226 3244 denario,
1246 3201 1275 3233 ex
1294 3189 1384 3246 vulgari
1403 3187 1466 3234 anti·

221 3253 359 3312 AEgyptium
380 3261 423 3307 est,
443 3261 469 3298 ut
487 3261 585 3298 testatur
606 3251 680 3298 Varro
699 3251 762 3311 apud
780 3251 828 3298 Pli·
860 3266 960 3312 quorum
982 3251 1149 3306 estimationet
1176 3267 1204 3298 ac
1231 3251 1329 3312 proinde
1352 3251 1466 3298 talentum

221 3317 294 3370 nium,
311 3315 326 3361 l.
345 3315 461 3360 XXXlll.
474 3330 493 3361 c.
511 3315 534 3360 3.
569 3313 639 3360 Porro
651 3317 714 3374 quod
731 3316 769 3361 hir
786 3330 828 3361 ex·
861 3317 926 3360 nobis
939 3323 980 3370 est,
992 3323 1018 3360 ut
1032 3315 1128 3361 Varroni
1146 3317 1209 3375 apud
1226 3315 1328 3361 Plinium
1340 3315 1355 3360 l.
1368 3315 1465 3361 XXXV.

220 3379 319 3438 iguntur
335 3379 449 3436 ejusmodi
468 3379 563 3427 talenta.
582 3393 655 3437 quum
668 3379 756 3424 talenta
773 3387 825 3425 tan·
859 3394 877 3425 a
892 3378 928 3434 ll,
945 3395 983 3425 err
1003 3381 1096 3426 millium
1115 3381 1265 3434 ammarum,
1283 3380 1395 3425 librarum
1417 3380 1464 3424 lio·

221 3449 271 3487 tum
285 3443 395 3495 Euboica,
407 3457 459 3501 qnae
472 3441 563 3487 minore
573 3451 628 3487 eunt
641 3443 731 3496 Atticis,
745 3451 826 3502 postu·
859 3457 982 3488 manarum
994 3441 1033 3488 ot.

220 3507 299 3552 lentur
316 3505 339 3550 in
358 3505 529 3551 conditionibus
541 3519 555 3550 a
566 3505 674 3565 Scipione
685 3505 745 3561 latis,
757 3519 828 3566 anpre
891 3505 923 3552 st
940 3505 972 3552 Et
989 3508 1061 3552 tritici
1078 3509 1201 3566 quingenta
1221 3507 1374 3568 quadraginta
1392 3505 1466 3552 acidia

221 3570 237 3613 l.
253 3567 376 3614 xxxvu.
395 3583 415 3615 c.
433 3570 473 3620 ib,
491 3569 516 3614 id
535 3570 630 3629 quidem
650 3571 734 3615 mirum
753 3569 827 3616 rideri
859 3567 967 3632 madtbm]
987 3571 1077 3616 Modico
1090 3579 1203 3616 nostrates
1214 3569 1325 3628 elsarn

222 3647 270 3677 non
285 3631 361 3677 debet.
396 3633 552 3693 Preterqunm
570 3633 633 3694 qnod
653 3633 716 3678 enim
734 3633 825 3679 nullum
890 3633 921 3680 bb
941 3635 1036 3680 ranem
1054 3639 1153 3680 trecenta
1173 3628 1348 3695 quinquaginta]
1373 3633 1398 3678 Si
1415 3631 1466 3678 irae

221 3707 325 3754 unquam
345 3695 436 3742 hostem
455 3697 487 3742 ita
506 3705 696 3757 contempserunt
715 3697 825 3754 Romani,
858 3705 914 3743 eunt
930 3698 1017 3744 talenta
1030 3698 1116 3752 Attica,
1127 3707 1154 3742 ut
1173 3699 1232 3744 solet
1250 3695 1357 3755 intelligi,
1369 3697 1466 3756 quando

222 3767 248 3804 ut
260 3759 410 3814 Antiochum,
421 3773 483 3820 saepe
501 3769 595 3806 senatur
614 3762 760 3820 populusque
778 3761 825 3806 lio·
859 3761 972 3806 talentum
982 3762 1086 3806 absolute
1098 3762 1199 3820 ponitur,
1209 3761 1268 3807 liunt
1280 3773 1364 3806 mutae
1373 3759 1465 3820 argenti

222 3835 305 3868 manue
323 3823 413 3881 aliquid
436 3823 553 3870 addebant
578 3825 608 3870 nd
630 3825 693 3884 leges
713 3825 826 3870 loederum
859 3825 1019 3878 32,812,enm
1032 3825 1140 3870 unciisi.

221 3887 251 3931 ab
268 3885 445 3946 imperatoribus
462 3887 542 3932 dietas.
576 3887 718 3947 Exemplum
733 3888 825 3947 insigne
890 3889 921 3934 36
941 3889 1005 3938 Quod
1022 3884 1239 3948 aestimationem]
1265 3887 1334 3934 Latet
1351 3887 1464 3932 mendum

222 3949 293 3996 habes
310 3949 334 3994 in
355 3949 479 3996 Lutatiana
495 3951 590 4005 loedere,
609 3951 637 3996 de
654 3965 701 4010 quo
720 3965 791 4010 aupra
810 3953 824 3998 l.
858 3952 882 3997 ln
902 3965 957 3997 voce
1018 3984 1024 3997 .
1060 3951 1087 3996 ld
1111 3951 1188 4010 arguit
1216 3951 1334 4009 Polybius.
1357 3951 1398 4008 qui
1422 3949 1466 3995 ha·

222 4013 288 4059 XlX.
310 4025 375 4073 capp.
399 4013 431 4060 uo
452 4022 475 4060 ct
497 4013 535 4060 ol.
569 4015 680 4060 Ceterum
702 4015 825 4061 duodecim
859 4017 897 4061 bet
919 4013 1001 4068 καθως
1021 4011 1137 4076 lripnrear
1154 4012 1167 4061 b
1185 4011 1308 4072 βασιλεὺς
1324 4009 1465 4072 'Arriam

221 4077 295 4123 millia
310 4077 432 4132 talentum,
444 4091 541 4136 quorum
561 4077 744 4137 unumquodque
763 4088 826 4126 octo·
858 4079 941 4126 luetur
954 4087 1004 4124 erat
1017 4079 1146 4124 Antiochus
1163 4077 1265 4124 Eumeni
1284 4078 1383 4124 reddere
1401 4078 1465 4135 qnod

220 4139 286 4200 ginta
298 4141 375 4200 pondo
386 4143 480 4201 pendat,
495 4141 561 4201 paria
575 4149 630 4186 sunt
641 4143 723 4186 marcis
735 4143 825 4201 argenti
858 4141 970 4187 trementi
999 4141 1116 4201 reliquum
1145 4149 1195 4188 erat
1216 4156 1246 4187 ex
1268 4155 1296 4188 eo
1318 4141 1381 4200 quod
1403 4139 1465 4199 patri

223 4201 356 4259 intonso.
403 4205 486 4259 Aliter,
504 4204 639 4264 etquidem
656 4205 826 4263 peringeniose,
859 4207 993 4252 debebatur.
1029 4203 1306 4266 Hicproilloi'nrmenta
1325 4205 1381 4250 dare
1394 4205 1466 4263 jube·

220 4269 308 4313 nodum
327 4269 391 4315 hune
409 4271 438 4316 de
456 4267 549 4314 talentis
561 4283 613 4327 quie
625 4267 742 4325 octoginta
755 4269 825 4314 libra·
860 4275 897 4314 tur
913 4268 1002 4315 talenta
1020 4277 1115 4316 eentum
1132 4269 1216 4327 viginti
1236 4277 1334 4328 neptem,
1352 4281 1383 4314 ex
1401 4268 1465 4312 reati-

220 4343 272 4376 rum
294 4332 452 4378 Romanarum
473 4347 524 4378 esse
545 4333 652 4386 debeant,
674 4332 741 4377 solvit
762 4333 823 4379 clar.
856 4332 958 4378 mationa
978 4347 1047 4394 quam
1066 4333 1115 4394 ipse
1133 4331 1233 4378 lecerat:
1253 4331 1373 4386 identat
1389 4333 1467 4390 pretio

221 4393 357 4452 Labarreua,
382 4397 545 4457 Disputatione
574 4397 603 4440 de
633 4395 783 4455 ponderibus,
807 4404 822 4442 t.
856 4395 1118 4456 quoipeelrumentum
1131 4403 1257 4443 taxaverat.
1276 4396 1375 4441 'l'alenta
1388 4395 1468 4441 Attica

250 4457 286 4502 ll.
307 4459 534 4507 Commentariorum
552 4459 623 4518 regia
642 4459 822 4519 inscriptionum
856 4467 950 4506 centum
963 4459 1045 4518 viginti
1057 4469 1146 4520 septem
1158 4459 1263 4506 efficiunt
1273 4473 1363 4506 marcae
1374 4459 1467 4519 argenti

278 4529 380 4568 terarum
392 4524 531 4570 Academias.
551 4524 586 4570 Ex
597 4525 647 4583 ejus
658 4531 737 4569 mente
749 4523 823 4570 talen-
858 4521 952 4580 lilioli,
964 4537 1017 4569 cnm
1029 4523 1103 4570 unciis
1114 4523 1137 4568 2.
