3108 4982
207 311 268 373 196
756 295 848 360 'I'I'I'I
872 293 987 358 LIVII

207 471 342 589 itit:
371 437 1469 618 {laetitiittitnitttlffidMittite:

372 619 469 695 lium;
496 617 556 692 cui,
582 625 619 678 ut
641 621 844 698 cognosceret
867 618 1091 692 statueretque,
1113 616 1242 670 senatus
1265 606 1468 690 permiserat,

372 723 489 786 magno
516 700 684 762 certamine
714 719 788 760 curn
811 705 946 781 praetcre
969 693 1088 770 habito,
1109 701 1283 754 tenuerunt
1305 711 1468 754 caussam.

373 809 460 849 arma
473 787 623 867 redderee
639 781 840 857 Cenomanis,
854 779 1002 842 decedere
1021 775 1184 861 provincia
1204 784 1322 860 praetor
1338 775 1468 859 jussus.

374 871 503 954 Legatis
518 869 631 932 deinde
642 867 799 930 sociorum
812 863 919 928 Latini
934 861 1082 939 nominis,
1097 861 1152 943 qui
1173 869 1242 924 toto
1264 859 1409 942 undique
1426 882 1468 922 ex

375 955 468 1020 Latio
482 955 661 1036 frequentes
675 957 896 1026 convenerant,
911 955 1039 1010 senatus
1055 947 1148 1008 datus
1169 951 1227 1008 est.
1257 943 1307 1006 his
1328 965 1468 1026 queren-

375 1039 472 1117 tibus,
487 1059 635 1122 magnam
649 1034 886 1098 multitudinem
901 1031 1017 1094 civium
1033 1051 1163 1094 suorum
1179 1030 1314 1092 Romam
1330 1029 1468 1092 commi-

376 1144 493 1208 grasse,
509 1133 541 1184 et
554 1121 599 1184 ibi
614 1141 725 1184 censos
740 1141 818 1196 esse,
833 1118 874 1183 Q.
888 1115 1036 1178 Terentio
1051 1113 1197 1177 Culleoni
1216 1113 1345 1197 praetori
1365 1135 1468 1196 nego-

376 1209 458 1272 tium
488 1207 598 1268 datum
626 1213 685 1282 est,
713 1211 751 1266 ut
778 1223 831 1266 eos
851 1200 1059 1284 conquireret,
1074 1207 1116 1276 et,
1141 1219 1236 1282 quem
1255 1197 1293 1260 C.
1317 1197 1467 1274 Claudio,

377 1293 427 1356 M.
443 1291 534 1354 Livio
557 1289 750 1365 censoribus,
764 1295 875 1372 postve
895 1307 948 1348 eos
970 1304 1125 1359 censores,
1139 1283 1245 1366 ipsum
1260 1290 1467 1380 parentemve

378 1377 446 1461 ejus
462 1397 481 1438 a
504 1375 549 1438 ud
563 1395 596 1438 se
612 1393 742 1436 censum
759 1393 837 1449 esse,
850 1370 1038 1454 probassent
1054 1367 1139 1445 socii,
1155 1375 1192 1430 ut
1207 1367 1308 1429 red1re
1321 1389 1358 1429 eo
1370 1387 1467 1450 coge-

378 1469 437 1539 ret,
463 1397 519 1522 ubi
547 1457 633 1520 censi
662 1464 776 1520 essent.
820 1455 891 1518 Hac
916 1452 1145 1537 conquisitione
1172 1451 1337 1514 duodecim
1365 1451 1468 1513 millia

380 1544 568 1610 Latinorum
603 1541 714 1604 domos
746 1539 917 1619 redierunt,
936 1538 1005 1623 jam
1030 1545 1101 1600 tum
1126 1535 1329 1600 multitudine
1355 1535 1467 1598 alieni-

379 1649 533 1713 genarum
547 1626 658 1690 urbem
673 1633 832 1688 onerante.

217 1723 314 1771 sutria·
424 1713 483 1775 IV.
507 1711 695 1792 Priusquam
709 1707 855 1772 consules
868 1707 1008 1771 redirent
1023 1707 1168 1786 Romam,
1179 1706 1228 1769 M.
1244 1705 1377 1768 Fulvius
1391 1727 1466 1790 pro-

217 1788 287 1897 ffiffssn
304 1850 360 1896 aum
381 1795 494 1859 consul
507 1816 546 1858 ex
561 1795 682 1858 AEtolia
695 1793 797 1856 rediit.
825 1793 915 1876 isque
926 1793 944 1870 ¹,
960 1793 1000 1856 ad
1014 1792 1115 1854 aederu
1129 1790 1286 1876 Apollinis
1299 1790 1333 1854 in
1352 1799 1469 1853 senatu

288 1865 303 1911 ¹³
361 1882 483 1964 'quum
496 1879 535 1942 de
550 1879 645 1942 rebus
662 1878 696 1940 in
711 1877 832 1941 AEtolia
846 1877 1113 1961 Cephalleniaque
1130 1877 1170 1940 ab
1191 1897 1224 1938 se
1246 1875 1343 1959 gestis
1367 1875 1469 1937 disse-

381 1964 507 2042 ruisset,
524 1963 617 2048 petiit
636 1985 656 2026 a
681 1962 839 2041 Patribus,
854 1969 891 2025 ut
914 1984 1042 2046 aequum
1061 1969 1235 2038 censerent,
1249 1959 1290 2023 ob
1314 1960 1468 2044 rempub-

381 2048 475 2112 licam
489 2049 569 2112 bene
583 2070 620 2112 ac
634 2047 765 2111 feliciter
779 2055 912 2132 gestam,
926 2055 959 2110 et
974 2047 1045 2109 Diis
1070 2045 1289 2108 inmortalibus
1313 2045 1469 2107 honorem

382 2133 491 2196 haberi
510 2133 633 2218 jubere,
657 2141 690 2196 et
714 2132 774 2196 sibi
798 2131 998 2217 triumphum
1021 2131 1195 2194 decernere.
1238 2129 1287 2192 M.
1301 2127 1470 2191 Aburius⁸

382 2217 531 2281 tribunus
555 2218 668 2303 plebis,
692 2217 719 2280 si
743 2216 821 2301 quid
845 2215 884 2279 de
905 2237 942 2278 ea
965 2237 999 2278 re
1023 2223 1096 2278 autc
1119 2215 1168 2277 M.
1184 2213 1305 2276 AEmilii
1327 2213 1470 2276 consulis

382 2303 555 2367 adventum
570 2303 799 2381 decerneretur,
814 2301 1059 2364 intercessurum
1083 2319 1116 2362 se
1138 2297 1293 2362 ostendit:
1316 2319 1382 2360 eam
1397 2319 1470 2360 con-

383 2389 534 2452 tradicere
558 2391 642 2466 velte,
651 2388 948 2468 proficiscentemque
972 2387 1005 2448 in
1020 2386 1211 2466 provinciam
1233 2385 1279 2445 itu
1303 2383 1362 2444 sibi
1381 2405 1471 2444 man-

382 2473 481 2549 dasse,
495 2478 531 2534 nt
544 2492 580 2534 ea
594 2473 772 2551 disceptatio
794 2473 915 2552 intepra
938 2472 971 2532 in
994 2469 1154 2532 adventum
1176 2475 1469 2531 murmuretur.

383 2555 541 2618 'Maium
568 2557 711 2634 temporie
725 2556 884 2635 jacturam
899 2553 1017 2634 secere.
1044 2559 1181 2616 serrotam
1209 2554 1300 2615 etiam
1322 2559 1470 2632 precem

383 2641 511 2714 concub,
527 2639 608 2718 quod
619 2639 716 2714 veltet,
730 2639 929 2702 decreturum.
973 2639 1021 2703 M.
1038 2637 1186 2701 Fulvius:
1213 2638 1249 2700 Si
1263 2643 1316 2699 out
1329 2638 1470 2700 amabas

382 2723 431 2784 M.
446 2723 570 2783 AEmitii
582 2741 682 2784 aecum
696 2723 801 2803 pnato
815 2723 983 2786 bominibus
1000 2730 1086 2801 esset,
1102 2729 1156 2785 out
1179 2742 1268 2803 qnam
1285 2723 1313 2783 a
1334 2742 1387 2784 eae
1408 2724 1470 2783 ini-

382 2807 516 2868 micitias
524 2807 671 2886 inpotenti
680 2827 718 2869 oc
725 2827 823 2888 prope
836 2809 923 2888 repta
936 2809 987 2870 irc
1001 2813 1173 2880 sverm,-
1188 2813 1289 2870 tamen
1302 2827 1362 2868 non
1368 2805 1470 2885 filicae

376 2889 548 2972 serendum,
577 2891 728 2954 ohannem
752 2893 901 2956 nmen
925 2897 955 2954 ct
980 2894 1114 2954 Deorum
1135 2892 1341 2956 inmortalium
1362 2893 1470 2953 honori

384 2975 513 3054 obstare,
538 2982 568 3039 ct
591 2978 731 3039 mer-itam
752 2976 940 3058 debitumque
966 2977 1150 3058 triumphum
1168 2977 1305 3039 morari:
1338 2977 1470 3056 imperu-

384 3067 489 3140 torem,
503 3062 592 3124 rehtu
606 3064 724 3144 eprepie
730 3064 836 3144 pestis,
846 3063 1046 3142 victamqne
1059 3063 1224 3126 wantum
1237 3079 1304 3123 cum
1312 3061 1420 3140 prodo
1433 3080 1470 3122 oc

384 3147 513 3226 captivis
525 3145 614 3209 'onte
620 3154 732 3226 portos
743 3153 837 3225 stare,
853 3146 946 3209 donec
960 3145 1085 3223 mosali,
1098 3145 1135 3208 ob
1149 3147 1309 3226 noenum
1323 3147 1466 3222 moroni,

383 3229 486 3290 redire
513 3230 642 3292 Roman
670 3232 787 3294 iditum
813 3236 899 3294 esset.
959 3231 1068 3293 Veron
1104 3231 1262 3306 minuero,
1290 3249 1380 3310 qaum
1406 3231 1470 3291 sint

383 3307 595 3376 ’nobilissime
608 3314 667 3376 ribi
681 3335 748 3378 cum
770 3317 888 3378 cannete
908 3316 1084 3393 inimicitia,
1099 3315 1174 3396 quid
1192 3314 1230 3376 ab
1245 3333 1279 3376 eo
1293 3333 1470 3395 peremptam

378 3415 470 3476 parre
484 3399 560 3477 oeqai
577 3403 827 3481 exspectareque·
843 3421 904 3480 per
927 3397 1158 3480 irprepaeentiom
1173 3397 1288 3479 fintim
1305 3398 1325 3430 ¹⁰
1334 3405 1470 3460 ammas·

385 3481 551 3576 cpnsuttam
557 3480 678 3562 sactum
692 3485 735 3545 od
741 3486 882 3546 morium
893 3485 1044 3562 detulerit,
1053 3482 1277 3548 Ambraciamh
1292 3503 1356 3544 non
1371 3481 1469 3544 viden'

384 3585 417 3628 vr
432 3571 575 3648 captam
596 3587 661 3648 quc
684 3587 794 3649 oppere
816 3589 854 3631 oc
875 3569 971 3632 vineis
992 3567 1163 3649 obpnpnatc
1182 3569 1241 3642 eit,·
1263 3567 1325 3644 nbi,
1340 3569 1470 3629 incensis

411 3726 527 3774 *areauna
539 3729 611 3776 Gran.
624 3729 691 3776 Grer.
705 3729 782 3776 seii.
878 3725 974 3790 sitaque
986 3729 1058 3775 Gran.
1071 3729 1139 3774 Crev.
1235 3729 1359 3776 sabatius
1370 3728 1443 3774 Grau.

741 3788 881 3858 baiulent.
913 3795 1057 3840 Ambraciam
1067 3791 1125 3838 End.

254 3924 270 3982 7
287 3925 728 4002 Fcisiuutfnportu'nctsrnnsarere]
747 3931 830 3986 idest,
864 3931 952 3986 Livius,
972 3930 1013 3976 lib.
1029 3929 1134 3976 xxvn.
1146 3944 1167 3976 c.
1183 3929 1224 3984 35,
1243 3929 1373 3975 Inimicitias
1387 3929 1470 3974 nones

222 3989 310 4036 nulllus
321 4003 362 4044 ror,
375 4003 420 4035 ιιιιι
432 3993 551 4050 temporis.
568 3993 624 4038 Mox
634 4007 675 4052 pro
685 3994 719 4040 II.
729 3995 831 4050 Fulvius,
863 3997 923 4041 inter
940 4010 976 4040 eos
986 4001 1059 4040 nant.
1094 3991 1388 4044 strursusi.x1..e.⁴a,
1406 3992 1470 4037 inter

223 4053 332 4099 Muretus
346 4053 402 4100 Τιιιι
413 4053 515 4100 sunu.
547 4054 709 4104 (iconomus.
864 4059 903 4105 hos
914 4061 972 4104 viros
980 4059 1065 4104 nobiles
1076 4059 1200 4104 ininicitiae
1211 4062 1284 4103 nant.

255 4115 371 4164 8⁸Autc
390 4123 469 4176 partae
487 4115 561 4178 rtnrr]
587 4119 635 4168 Qui
653 4127 734 4166 erecto
756 4121 831 4179 magi·
897 4121 927 4167 Iti
952 4119 1194 4167 'Sacamum
1215 4153 1221 4166 .
1242 4153 1271 4166 ..
1293 4120 1349 4165 .ad
1364 4119 1470 4164 ενιιίιιιι

222 4187 297 4226 stram
312 4181 457 4241 triumphurn
474 4183 576 4242 petebat,
588 4183 610 4227 ei
625 4195 673 4228 uon
691 4183 774 4229 licebat
791 4185 828 4229 in·
860 4181 981 4244 detulerit]
1000 4185 1092 4230 Pridem
1101 4185 1132 4231 sd
1144 4185 1218 4230 edera
1230 4183 1321 4230 Cewrir
1333 4181 1470 4227 deserebas·

223 4251 284 4291 trare
303 4247 393 4300 urbem,
413 4244 468 4304 qula
487 4245 629 4306 ingredienti
652 4255 729 4304 portas
748 4248 828 4293 statim
863 4255 902 4294 tur
913 4249 1128 4294 senatusconsulta:
1148 4251 1214 4308 cujus
1232 4249 1302 4293 ιιιοιίι
1314 4245 1408 4291 initium
1420 4259 1470 4290 me-

223 4308 372 4354 astruebatur
383 4308 516 4368 imperium,
528 4310 591 4368 quod
602 4310 720 4366 integrum
737 4323 829 4356 serrare
861 4313 961 4358 monuit
974 4311 1078 4358 LivIusI.
1092 4311 1138 4357 III.
1157 4327 1177 4358 c.
1193 4312 1232 4358 aa.
1267 4309 1350 4356 Postea
1366 4310 1395 4355 ad
1414 4323 1472 4354 sers-

223 4371 322 4417 sessim
343 4371 374 4417 sd
395 4385 448 4418 earn
476 4373 539 4420 ditm
569 4387 616 4434 quo
645 4373 830 4434 triumphaturus
863 4375 924 4420 rium
936 4376 1073 4421 illuderent
1088 4375 1192 4435 placuit:
1210 4389 1236 4420 ac
1248 4381 1298 4420 turn
1315 4373 1410 4420 demum
1422 4383 1472 4418 ιιιι

224 4441 294 4479 esset.
862 4439 1016 4484 habebantur.
1050 4439 1086 4484 De
1098 4439 1149 4498 Ipsa
1160 4453 1193 4494 re,
1205 4439 1234 4484 de
1246 4451 1293 4497 qus
1310 4438 1417 4496 queritur
1433 4437 1472 4482 hit

257 4495 273 4542 Β
289 4497 443 4546 nortona
454 4531 460 4546 .
472 4533 479 4548 .
491 4496 630 4562 Imaicitr'e]
648 4499 686 4548 ste
696 4501 755 4548 solet
765 4500 830 4561 loqui
864 4499 970 4558 Fulvius,
982 4501 1029 4548 rid
1040 4515 1111 4562 supra
1122 4501 1261 4550 xxxvffl.
1271 4500 1312 4547 u.
