3118 5002
185 332 249 398 378
742 319 835 386 rm
859 317 974 384 lell

188 488 319 537 nessi
349 473 554 550 uacent,
568 477 737 556 postquam
752 487 901 554 prospere
914 486 1073 552 susm
1087 465 1227 550 equitem
1236 474 1442 552 sevenerunt

189 555 255 602 ac.
270 551 321 606 ΠΙ-
352 558 540 622 Fluctuante
564 576 636 638 rege
660 554 743 616 inter
767 573 857 638 spem
878 560 1061 634 metumque
1084 559 1182 613 tantae
1205 551 1251 614 rei
1275 552 1443 630 nouandis,

351 639 512 706 Cretensis
526 638 683 716 Evander,
697 659 761 721 quo
776 635 920 700 ministro
936 633 1072 720 Delphis
1086 634 1128 698 sd
1141 634 1272 699 insidias
1284 635 1444 700 Eumenis

407 725 414 739 “
462 745 540 788 usus
562 731 640 800 emt,
721 729 832 804 tqusm
856 719 999 804 ''sgmen
1024 717 1224 804 inpeditum⁸
1243 719 1444 784 veniendum

351 747 527 892 ffsignis
540 805 629 884 vidit,
696 825 802 888 regem
812 803 962 882 adcurrit,
976 810 1009 866 et
1018 823 1146 867 monere
1157 802 1284 882 institit,
1295 825 1334 868 sse
1344 807 1445 868 elutus

344 893 496 976 felicitate
509 911 655 954 monam
667 909 769 954 rersun
783 895 893 952 torsere
905 889 940 950 s‘ss
951 907 1011 950 ooss
1019 889 1221 950 massonum
1230 889 1331 952 okcm
1343 889 1446 952 doru.

355 972 1447 1055 Stwstentastenercqestoqstesseteodie,oelpoctstossestc

353 1061 554 1126 conditionem
568 1059 752 1136 tutiensis,
766 1058 815 1120 set
825 1057 977 1137 ptass'mos
997 1057 1066 1120 betti
1083 1057 1191 1133 sodes,
1213 1057 1266 1138 qus'
1279 1055 1447 1138 sortem

353 1150 558 1226 sequerentur,
577 1145 606 1206 ei
625 1143 737 1206 tettan
754 1141 867 1204 mallet.
911 1139 952 1204 ln
967 1139 1029 1204 hoc
1050 1139 1217 1204 consilium
1232 1141 1363 1224 pronior
1378 1150 1447 1204 eret

355 1229 481 1294 animus
509 1227 602 1313 regis.
646 1227 769 1310 ltaque,
797 1223 987 1290 conlaudato
1016 1223 1177 1302 Evandro,
1206 1223 1298 1308 signa
1324 1225 1448 1302 referri

238 1319 244 1364 t
355 1313 563 1400 peditumque
576 1333 691 1397 agmen
704 1309 804 1374 redire
820 1309 853 1372 in
869 1317 971 1372 castra
979 1307 1095 1393 jubet;
1116 1307 1278 1392 equitibus
1300 1309 1448 1396 receptui

356 1419 415 1463 can

399 1419 478 1548 teies
509 1479 658 1546 cecidere
686 1499 724 1543 ω
753 1479 803 1542 eie
828 1478 868 1542 ab
896 1476 1048 1540 sommis
1073 1476 1201 1540 suoens
1224 1475 1359 1574 equites,
1381 1478 1449 1542 suo

356 1567 465 1644 millis,
486 1565 572 1630 haud
594 1563 711 1640 minus,
725 1563 887 1646 peditum3
909 1561 994 1646 capti
1016 1561 1113 1624 ferme
1135 1561 1289 1625 ducents¹¹
1310 1563 1449 1645 equites.

357 1673 396 1716 ex
410 1649 505 1734 regiis
525 1657 631 1712 autem
646 1645 759 1745 viginti
774 1646 896 1728 equites
916 1645 1125 1730 quadraginta
1141 1645 1263 1730 pedites
1277 1645 1448 1710 interfecti.

358 1735 531 1816 Postquam
549 1731 668 1795 rediere
682 1752 716 1794 m
731 1739 834 1794 castra
847 1730 992 1810 victores,
1010 1751 1121 1794 omnes
1135 1730 1264 1814 quidem
1281 1729 1359 1810 laeti,
1373 1741 1450 1794 ente

356 1817 433 1881 alios
458 1817 617 1880 Threcum
641 1814 781 1880 insolens
805 1814 916 1878 laetitia
940 1814 1116 1878 eminebsts
1139 1833 1214 1878 cum
1239 1823 1337 1878 cantu
1361 1816 1450 1878 enim

358 1901 549 1986 ¹¹superfixa
570 1899 675 1985 capita
696 1899 838 1964 hostium
860 1907 1024 1985 portantes
1045 1899 1216 1963 redienmt.
1258 1899 1360 1984 Apud
1383 1901 1450 1964 Ro·

354 2007 467 2050 manos
481 2007 546 2050 non
561 1985 711 2050 moestitia
724 1992 850 2048 tantum
864 2005 904 2048 ex
918 1983 999 2048 male
1011 1991 1102 2068 gesta
1114 2005 1158 2062 re,
1169 1983 1226 2048 sed
1239 2005 1339 2068 pavor
1352 1984 1450 2048 etiam

357 2079 434 2150 erat,
455 2092 495 2134 ne
511 2079 614 2135 extem
649 2077 786 2134 ocastra
802 2069 904 2134 hostis
921 2069 1155 2154 adgrederetur.
1198 2069 1360 2133 Eumenes
1375 2089 1449 2134 sua-

215 2156 247 2188 ⁰⁸
270 2155 323 2251 ζῇ·
358 2156 442 2234 dere,
464 2164 501 2220 ut
515 2165 603 2220 trans
646 2177 761 2220 cneum
776 2154 959 2218 transferret
972 2160 1093 2232 castra;
1115 2161 1153 2216 ut
1171 2174 1229 2238 pro
1247 2153 1449 2217 munimento

358 2263 485 2306 amnem
513 2241 653 2319 heberet,
682 2240 760 2304 dum
791 2237 927 2324 perculsi
954 2237 1070 2302 milites
1098 2237 1220 2302 animos
1253 2237 1448 2322 colligerent.

249 2348 260 2380 ι
308 2365 314 2378 ·
359 2327 482 2390 Consul
495 2325 614 2392 moveri
628 2325 747 2410 flagitio
760 2323 882 2388 timoris
900 2322 1039 2386 fatendi:
1061 2321 1165 2386 victus
1187 2331 1294 2386 tamen
1316 2323 1448 2402 ratium,

359 2411 484 2476 silentio
500 2411 603 2476 noctis
618 2409 810 2474 transductis
824 2430 862 2472 co
886 2407 934 2486 iis,
954 2415 1056 2470 cestra
1069 2406 1103 2470 in
1118 2407 1265 2470 ulteriore
1279 2407 1350 2492 ripa
1364 2427 1449 2472 com-

358 2496 473 2560 munit.
519 2497 597 2572 Rex,
619 2502 746 2578 postero
766 2493 817 2558 die
838 2431 885 2556 ati)
900 2491 1100 2590 laqessendos
1120 2491 1233 2589 proelio
1251 2493 1362 2590 hostes
1375 2513 1449 2577 pso·

358 2585 784 2744 qqptsppqatpsppquqaqmupffi
792 2597 972 2745 waldi
983 2577 1451 2746 ‘iii'dppiiiiiisiiiiiinasisfflt

359 2745 471 2823 victis3
493 2745 549 2807 sed
570 2745 731 2828 aliquanto
751 2744 902 2829 majorem
922 2745 1050 2829 culpam
1067 2765 1145 2824 esse,
1163 2746 1249 2829 quod
1262 2753 1357 2809 nocte
1370 2747 1450 2810 foret

359 2835 527 2892 cessatum.
550 2849 634 2908 nam,
649 2837 687 2892 ut
698 2829 856 2892 neminem
869 2827 967 2892 alium
977 2851 1107 2893 suorum
1117 2837 1266 2908 moveret,
1276 2829 1339 2894 levi
1348 2851 1451 2894 arma·

359 2921 432 2978 tura
449 2913 588 2994 inmissa,
603 2913 830 3000 trepidantium
844 2913 878 2976 in
891 2914 1028 2978 transitu
1043 2913 1183 2978 fluminis
1198 2914 1339 2978 hostium
1355 2915 1452 2978 deleri

360 3021 476 3086 magns
499 3021 538 3063 ex
560 3007 649 3086 parte
669 2999 775 3099 copias
796 2998 947 3085 potuisse.
991 2998 1144 3062 Romanis
1166 2999 1295 3082 quidem
1309 3021 1452 3084 praesens

359 3107 459 3172 pavor
473 3086 599 3150 demtus
614 3093 690 3164 erat,
705 3107 738 3148 sn
753 3093 824 3149 tuto
839 3092 941 3148 castra
961 3083 1170 3148 habentibus:
1192 3083 1346 3148 dsmnum
1369 3085 1453 3150 inter

360 3179 463 3234 cetera
477 3169 638 3256 precipue
650 3171 743 3234 famae
756 3169 911 3234 movebat.
948 3167 1026 3230 etin
1041 3168 1172 3232 consilio
1187 3169 1274 3254 apud
1287 3169 1453 3233 consulem

336 3331 341 3340 Ι
360 3276 419 3339 pro
434 3275 467 3317 se
482 3255 617 3337 quisque
636 3253 669 3316 in
691 3253 818 3316 AEtolos
840 3251 1043 3316 conserebant
1066 3274 1210 3316 causeam
1221 3279 1231 3332 3
1253 3255 1292 3318 nb
1313 3255 1354 3317 s's's
1366 3253 1454 3338 supe

361 3339 545 3419 terrorisque
560 3339 748 3418 principium
772 3345 881 3401 ortam.
917 3343 1034 3401 secutos
1049 3359 1197 3422 panorm
1219 3340 1397 3404 AEtotows
1423 3345 1454 3404 et

361 3427 475 3484 ceteros
488 3422 585 3484 accim
600 3423 774 3484 Grecorum
785 3424 974 3503 populomm.
1018 3421 1106 3496 Quin
1130 3443 1169 3486 ue
1206 3423 1343 3508 rincipes
1358 3424 1453 3487 AEto-

360 3503 464 3568 losum
489 3503 601 3590 primi¹
625 3512 714 3590 terga
737 3515 894 3570 vertentes
924 3507 1085 3592 conspecti
1137 3443 1308 3572 ’seientes
1350 3508 1453 3572 Thes-

362 3587 444 3652 sali*
465 3610 524 3737 pido
550 3589 700 3688 copcione
725 3589 854 3670 laudati,
878 3591 1037 3676 ducesque
1067 3613 1177 3656 eorum
1201 3591 1296 3656 etiam
1323 3591 1452 3656 virtutis

363 3693 474 3736 caussa
511 3683 606 3738 onats.

199 3764 295 3812 Peneus
406 3757 498 3822 LXI.
529 3759 582 3823 Ad
608 3779 714 3858 regem
744 3759 844 3844 spolia
866 3781 1027 3824 ‚caesomm
1053 3759 1195 3824 hostium
1224 3757 1451 3824 referebantur.

198 3843 251 3876 '¹¹⁰¹
263 3829 341 3876 ‘¹⁰³⁸‘
362 3839 463 3905 dona¹
478 3863 517 3907 ex
529 3843 591 3922 his,
612 3845 681 3908 ahio
701 3865 788 3908 arm
799 3843 946 3929 insignia,
961 3843 1030 3908 aliis
1044 3865 1154 3928 equos,
1169 3844 1362 3930 quibusdam
1376 3865 1452 3930 cap-

451 4007 554 4064 togsssss
564 4003 664 4062 psdttsss
676 4003 772 4064 Rrsyss.
785 4003 862 4051 sess.
999 3999 1014 4037 ¹²
1025 4007 1088 4064 eopts'
1098 4002 1276 4066 ”monstrose
1289 4005 1354 4052 sau

355 4057 507 4122 murm,
519 4069 558 4127 qus
567 4069 636 4127 prens
648 4067 713 4114 aas.
822 4126 830 4164 Ι
847 4061 1051 4192 qupqepqqm
1063 4069 1233 4116 msere
1269 4069 1373 4116 runos
1385 4069 1450 4114 ana

230 4249 261 4296 10
276 4252 363 4314 Αμη
379 4251 521 4315 tsspsdttssn]
539 4254 653 4300 observat
670 4255 806 4304 Perizonius
839 4257 912 4304 Paulo
928 4265 981 4317 post
1000 4259 1029 4304 de
1048 4259 1131 4305 eadem
1149 4259 1279 4318 phalange:
1305 4259 1451 4320 psdttsssqss

196 4311 336 4374 phalangem
345 4318 409 4363 nullo
420 4319 490 4364 snodo
499 4319 627 4378 tmpsditoss
638 4319 683 4366 dici
695 4321 805 4379 potsdsse,
837 4335 917 4383 mess
928 4322 1003 4369 redire
1015 4325 1039 4368 ts
1049 4329 1125 4368 castm
1130 4321 1206 4382 justet.

196 4389 249 4434 quse
266 4393 336 4437 suprs
355 4395 375 4427 c.
387 4381 420 4428 ss
436 4381 523 4428 dicitur
538 4381 628 4428 stetisse
647 4383 760 4430 instructa
778 4399 806 4431 eo
872 4383 898 4431 ll
917 4385 1034 4444 Sspesfiro
1042 4382 1131 4446 cupita]
1144 4385 1243 4431 Videtur
1251 4385 1364 4432 excidisse
1371 4387 1453 4443 tastis,

196 4438 245 4484 loco
256 4455 303 4514 quo
313 4445 408 4499 aletes.
420 4455 501 4506 psrsss
511 4445 541 4492 sd
552 4459 662 4506 pugnam,
679 4457 705 4494 ut
716 4461 745 4493 es
757 4455 805 4494 tots
836 4455 877 4494 sut
888 4448 952 4494 sttud
963 4449 1003 4495 teti
1015 4463 1107 4496 nomen.
1140 4449 1300 4496 Gronovius.

195 4511 327 4551 nssrstsone
338 4509 419 4564 patuit.
451 4509 531 4570 ltaque
543 4511 599 4569 legit
610 4525 689 4573 agmen
695 4513 804 4573 peditum.
