3098 4958
598 1339 650 1422 T.
691 1335 835 1420 LlVlI
872 1334 1158 1418 PATAVlNl

739 1559 881 1624 LIBER
913 1559 1018 1624 XLV.

792 1767 959 1781 ψ

171 1935 199 1982 υ.
210 1935 236 1982 c.
248 1935 305 1984 aaa
333 1925 522 1990 Vrcroarn
547 1921 667 2001 nuncii,
684 1923 726 1992 Q„
744 1925 863 1991 Fabius
878 1935 912 1990 et
928 1926 967 1992 L.
983 1925 1143 1990 Lentulus
1155 1933 1188 1990 et
1204 1927 1246 1994 Q
1262 1927 1436 2008 Metellus,
1531 1979 1532 1982 ,

169 1997 241 2108 ffi
251 1999 304 2110 ¹42⁸
334 2019 453 2096 quanta
462 2009 568 2096 potuit
579 2010 721 2074 adhiberi
732 2011 903 2091 festinatio,
916 2011 1058 2076 celeriter
1070 2011 1204 2075 Romam
1213 2033 1315 2096 quum
1324 2014 1435 2077 venis-

168 2125 265 2172 victori.
335 2103 416 2174 sent,
426 2103 657 2182 praecaptum·
671 2104 779 2160 tamen
790 2096 858 2182 ejus
869 2097 914 2160 rei
925 2096 1068 2160 laetitiam
1079 2096 1279 2160 invenerunt
1304 2098 1435 2164 Quarto

169 2190 280 2237 usuro·
378 2189 409 2246 st
431 2181 493 2260 die,
508 2201 605 2264 quam
619 2202 693 2244 cum
714 2203 788 2267 rege
811 2189 860 2245 est
883 2190 1074 2266 pugnatum,
1089 2203 1189 2265 quum
1208 2181 1242 2244 in
1256 2182 1342 2246 circo
1362 2183 1435 2246 ludi

168 2251 228 2300 nie.
358 2273 457 2346 erent,
472 2287 617 2330 murmur
630 2275 761 2367 repente
815 2265 883 2353 puli
896 2275 964 2330 tota
979 2265 1159 2350 spectacula
1213 2267 1331 2332 rvasit:
1348 2290 1436 2350 W.
1531 2261 1532 2284 t

333 2359 440 2415 mam
462 2353 496 2414 ia
509 2351 704 2430 Macedonia,
720 2359 750 2415 et
825 2355 914 2414 'tum
934 2372 1036 2433 regem
1057 2372 1129 2414 esre.
1207 2351 1259 2414 ein
1282 2351 1435 2416 fremitus

332 2435 508 2499 increbruit
518 2437 550 2498 l:
573 2443 735 2520 postremo
751 2435 871 2500 clamor
884 2435 1090 2520 plaususque,
1105 2435 1193 2498 velut
1211 2443 1298 2499 certo
1310 2437 1434 2502 nuncio

332 2519 473 2583 victoriae
488 2519 603 2597 adlato,
622 2528 671 2582 est
685 2529 825 2584 exortus.
871 2520 983 2584 Mirari
1003 2521 1218 2605 magistratus,
1232 2535 1265 2585 et
1287 2543 1433 2605 quaerere
1531 2535 1532 2546 ¹

332 2613 493 2666 auctorem
507 2601 682 2686 repentinae
697 2603 836 2669 laetitiae:
860 2605 916 2688 qui
929 2613 1100 2690 postquam
1116 2605 1224 2669 nullus
1238 2615 1317 2685 erat,
1335 2608 1344 2638 ¹
1359 2629 1432 2672 eva-

332 2687 404 2750 nuit
429 2685 559 2768 quidem
583 2696 747 2770 tamquam
771 2688 901 2752 incertae
925 2689 971 2752 rei
992 2689 1166 2774 gandium3
1198 2712 1291 2754 omen
1321 2701 1431 2754 tamen

332 2771 443 2852 laetum
461 2769 618 2834 insidebat
632 2770 758 2836 animis.
803 2773 901 2839 Quod
916 2783 1087 2858 postquam
1100 2775 1182 2838 veris
1196 2774 1323 2838 nunciis
1339 2777 1432 2839 Fabii

332 2853 525 2939 Lentulique
547 2863 580 2919 et
597 2855 721 2920 Metelli
744 2857 884 2920 adventu
910 2859 1071 2922 firmatum
1094 2867 1153 2939 est,
1173 2881 1274 2944 quum
1297 2860 1431 2924 victoria

331 2942 411 3026 ipsa,
426 2949 496 3003 tum
520 2939 653 3026 augurio
676 2941 855 3006 animorum
879 2963 1020 3023 suorum,
1036 2943 1235 3008 laetabantur.
1280 2944 1327 3007 Et
1339 2945 1432 3010 aliter

331 3027 468 3090 traditur
480 3037 492 3065 ⁰
506 3025 654 3090 circensis
669 3027 773 3092 turbae
788 3049 854 3092 non
863 3028 971 3091 minus
983 3028 1094 3092 similis
1106 3029 1171 3092 veri
1181 3025 1301 3092 laetitia.
1322 3031 1430 3094 'Ante

332 3112 439 3176 diem*
470 3111 629 3176 decimum
655 3111 817 3176 Kalendas
842 3112 1011 3190 Octobres,
1031 3113 1181 3177 ludorum
1209 3115 1430 3178 Romanorum

331 3197 472 3259 secundo
488 3195 548 3274 die,
558 3195 595 3258 C.
608 3195 732 3260 Licinio
741 3197 877 3274 consuli,
883 3197 924 3260 ad
933 3197 1101 3282 quadrigas
1112 3199 1286 3262 mittendas
1299 3199 1429 3263 ‘escen-

331 3279 429 3356 denti,
444 3279 636 3354 tabellarius,
648 3281 704 3362 qui
720 3303 753 3344 se
767 3303 807 3344 ex
824 3281 1013 3346 Macedonia
1027 3283 1133 3346 venire
1148 3284 1275 3362 diceret,
1290 3287 1311 3330 *
1326 3285 1429 3348 laure-

330 3370 421 3424 atas⁰
444 3362 550 3424 literas
575 3361 708 3426 dicitur:
732 3365 896 3450 quadrigis
917 3366 1033 3444 missis,
1059 3368 1173 3431 consul
1198 3389 1330 3430 currum
1353 3389 1428 3432 con-

330 3445 454 3510 scendit
467 3469 475 3508 =
498 3453 541 3525 et,
556 3467 657 3530 quum
670 3469 729 3532 per
742 3449 862 3514 circam
877 3451 1080 3515 reveheretur
1094 3452 1104 3483 ⁴
1115 3453 1157 3516 ad
1170 3452 1255 3516 foros
1270 3453 1428 3538 publicos,

357 3616 517 3672 ’μωρίη
529 3611 625 3672 Kreyar.
640 3611 717 3659 Balla.
792 3606 1098 3661 brementensem.
1131 3617 1227 3663 luerent
1241 3617 1338 3676 Kreyas.
1352 3618 1427 3665 Bekk.

324 3677 424 3723 ‘editur
436 3675 621 3735 limyra-Beki.
686 3671 880 3738 ‘laddqstsrun
894 3675 958 3722 llud.
1023 3680 1132 3726 ‘diceret
1145 3677 1295 3740 [reddidisse]
1313 3682 1428 3729 hmdos

325 3741 394 3786 Cres.
428 3739 745 3795 dicerer.1aarearasssekk.

198 3867 485 3926 monuit-denquerat
501 3867 592 3912 incerta
605 3866 641 3912 rei
655 3859 779 3925 gaudiam]
812 3877 894 3910 novem
918 3865 1009 3910 dianam
1030 3875 1081 3912 erat
1103 3880 1133 3911 cx
1159 3867 1307 3912 ordinatione
1335 3867 1427 3924 Numa,

164 3931 202 3978 stc
211 3939 273 3978 recte
285 3928 401 3989 Sigonius.
435 3927 508 3974 Vetus
528 3929 601 3974 codex
621 3927 704 3974 babuit
721 3935 779 3974 tom·
812 3942 882 3986 quarn
893 3935 949 3974 tunc
958 3931 1116 3988 sequebantur
1125 3930 1234 3976 Romani.

163 4011 230 4056 qaeu
241 4001 315 4042 msa.
843 3991 860 4038 ³
876 3989 1026 4053 Emdenti]
1044 3993 1073 4040 ln
1085 4008 1187 4048 currum,
1205 4002 1232 4039 ut
1249 4008 1335 4054 nempe
1347 4009 1360 4041 e
1372 3995 1426 4042 scria

196 4059 289 4106 Hm
308 4058 367 4104 dien
384 4057 493 4104 decim
511 4053 565 4100 aaa
586 4049 704 4115 Octobres]
726 4053 777 4100 lmo
808 4055 915 4114 publicis,
933 4056 972 4102 ubi
992 4057 1095 4108 sedebat.
1112 4059 1143 4104 ad
1162 4071 1265 4104 cameras
1285 4059 1337 4114 iret,
1356 4069 1425 4118 atque

163 4121 272 4169 decim
294 4124 402 4182 quintana
437 4119 460 4166 la
481 4118 545 4163 enlm
568 4117 651 4164 tertius
671 4117 775 4164 decimus
808 4118 864 4164 iude
874 4119 968 4178 signum
980 4121 1100 4179 quadrigis
1112 4121 1186 4167 daret.
1206 4121 1317 4167 Ceterum
1330 4123 1426 4169 unicum

163 4185 213 4232 dies
229 4193 280 4232 erat
298 4188 327 4232 ab
346 4199 375 4230 eo
392 4199 438 4244 quo
453 4183 478 4228 in
495 4180 633 4228 Macedonia
643 4188 775 4240 pugnatum
807 4183 926 4242 exemplar
937 4183 1075 4242 preferebat
1086 4186 1236 4240 mundana,
1249 4185 1313 4230 unde
1324 4199 1425 4245 pronum

161 4256 204 4304 eat,
227 4257 253 4295 ut
275 4249 336 4296 intra
357 4249 499 4294 observatur.
542 4244 574 4290 At
595 4244 671 4303 pridie
695 4244 774 4290 Nonas
806 4253 842 4292 eat
852 4247 1088 4306 efficeremndests',
1105 4249 1169 4308 quod
1179 4249 1267 4309 placuit
1279 4249 1391 4296 Turnebo
1401 4255 1425 4297 et

162 4311 310 4371 Septembres
317 4319 447 4371 pugnatum
456 4310 545 4356 luerat:
559 4305 649 4368 (supra,
660 4308 676 4354 l.
685 4307 772 4354 llLlV.
805 4309 931 4356 Gronorio.

161 4373 246 4436 affl.)
281 4377 374 4420 Tertius
392 4375 496 4421 decimus
515 4379 593 4419 autem
610 4371 772 4431 dienpridie
838 4371 1095 4436 tddsompatltcor]
1112 4373 1422 4425 vinculatorum.
1531 4423 1532 4426 ,

161 4437 241 4484 Nonas
260 4441 408 4498 Septembres
427 4447 476 4484 erat
496 4445 551 4483 tuuc
570 4450 592 4482 a.
606 4436 629 4481 d.
648 4435 699 4481 xv.
721 4435 773 4481 llal.
804 4450 824 4482 e.
837 4435 877 4490 87.

160 4503 280 4548 Octobres.
314 4501 402 4547 Menos
418 4503 480 4547 eslim
499 4501 636 4560 September
648 4499 729 4560 viginti
749 4507 773 4546 et

450 4583 521 4644 (⁴³⁶)
