3086 4952
834 361 925 426 'l'l'l'l
957 361 1071 426 LlVll

296 527 408 640 'iiii'
437 511 1466 683 ttqtzzltttffifftitblttttttsstttttt

437 682 748 831 beffisamptglqrqt'
770 689 802 778 et
830 680 1057 828 phissprnelius
1085 681 1202 828 tSaclipio,
1230 690 1263 744 et
1292 683 1352 830 Cp.
1381 683 1461 829 Mpp

541 815 549 830 .
621 787 830 830 .crron1u
938 787 1072 830 umvrro
1130 788 1140 828 ι
1166 787 1269 829 nonn
1342 789 1466 844 um,o

436 873 504 916 rem
530 788 911 937 adpareretpcorisulatus
934 849 1027 912 datus
1049 857 1107 912 est.
1140 788 1344 914 ’additurilgbi
1369 853 1409 914 de
1432 853 1466 936 pl

438 936 499 1000 coll
588 935 648 998 M'.
662 933 782 998 Acilius
799 932 944 1030 Glabrio..
984 934 1113 998 Postero
1128 933 1179 997 die
1196 941 1346 1018 pretores
1362 937 1466 1014 creati,

438 1021 481 1084 AE
540 1020 588 1083 'us
609 1019 749 1096 Paullus,
772 1017 821 1081 M.
835 1017 986 1080 AEmilrus
1010 1017 1163 1103 Lepidus,
1185 1017 1234 1082 M.
1250 1019 1369 1082 Junius
1391 1021 1466 1082 Brut

438 1105 478 1168 A.
499 1103 666 1169 Cornelius
690 1101 877 1180 Mammula,
900 1101 939 1166 (l.
964 1102 1085 1181 Livius,
1108 1111 1141 1166 et
1166 1101 1204 1166 L.
1226 1103 1373 1188 Oppius;
1397 1105 1466 1167 utri

438 1211 547 1252 eorum
563 1188 719 1252 Salinator
732 1207 908 1285 cognomen
923 1194 999 1250 erat.
1042 1185 1170 1272 Oppius
1184 1187 1211 1250 is
1225 1196 1301 1266 erat,
1322 1188 1377 1272 qui
1391 1189 1466 1252 class

437 1273 591 1358 triginta¹
613 1271 742 1336 navium
770 1293 804 1333 m
834 1269 971 1333 Siciliam
999 1270 1140 1334 duxerat.
1185 1271 1317 1335 Interim
1347 1273 1425 1335 dum
1449 1295 1466 1334 n

438 1357 640 1442 magistratus
664 1355 851 1419 sortirentur
875 1354 1062 1439 provincias,
1088 1355 1137 1418 M.
1154 1355 1283 1419 Baebius
1308 1377 1327 1419 a
1351 1357 1465 1420 Brund

438 1463 511 1505 cum
535 1441 684 1505 omnibus
705 1439 805 1524 copiis
827 1440 960 1501 transire
982 1439 1016 1501 in
1038 1439 1067 1501 Ε
1091 1439 1173 1502 irum
1196 1449 1245 1502 est
1259 1440 1381 1524 jussus,
1396 1451 1429 1504 et
1442 1443 1466 1504 ci

437 1525 639 1612 Apolloniam
663 1524 769 1608 copias
793 1523 972 1586 continere:
995 1531 1028 1586 et
1052 1461 1100 1588 bl.
1117 1523 1230 1588 Fuluio
1249 1525 1377 1609 praetori
1402 1527 1466 1588 urb

438 1610 600 1694 negotium
626 1608 736 1672 datum
760 1615 820 1687 est,
844 1615 881 1670 ut
905 1607 1147 1691 quinqueremes
1171 1629 1269 1672 novas
1293 1610 1466 1694 quinquagi

437 1694 589 1874 iaoyeffi·
610 1775 656 1839 Et
669 1775 809 1862 poprdus
823 1777 951 1860 quidem
969 1777 1132 1874 Romanus
1147 1775 1192 1839 ita
1205 1797 1242 1874 se
1253 1777 1294 1840 ad
1305 1799 1415 1840 omnes
1431 1800 1466 1841 co

299 1867 348 1913 α’·
438 1869 492 1924 tus
505 1861 656 1924 Antiochi
670 1883 737 1946 prae
761 1862 878 1925 arabat.
922 1859 1023 1924 Nabis
1038 1861 1106 1945 jam
1126 1883 1191 1924 non
1212 1861 1376 1925 drfferebat
1395 1863 1466 1925 belh

439 1947 495 2008 sed
521 1966 645 2008 summa
666 1945 698 2008 vi
727 1883 885 2030 dythium
912 1945 1135 2042 obpugnabat3
1157 1953 1190 2008 et
1217 1945 1360 2010 infensus
1387 1947 1466 2010 Ache

438 2030 525 2114 quod
552 2029 702 2092 miserant
730 2029 867 2093 obsessis
894 2029 1088 2114 praesidium,
1115 2051 1207 2114 agros
1234 2051 1343 2094 eorum
1370 2031 1466 2094 vasta]

438 2113 559 2193 Achaei,
573 2135 638 2178 non
652 2121 745 2177 antea
759 2113 827 2176 ausi
848 2135 1009 2198 capessere
1027 2113 1157 2193 bellum,
1179 2135 1274 2198 quam
1293 2115 1333 2178 ab
1356 2115 1458 2178 Roma

299 2213 322 2243 ¹¹
334 2213 359 2244 ¹¹¹
386 2213 424 2244 ¹¹¹¹
438 2197 606 2263 vertissent
618 2197 724 2283 legati,
738 2205 786 2278 ut,
801 2197 879 2296 quid
894 2197 1016 2262 senatui
1035 2197 1182 2283 placeret,
1201 2199 1326 2278 scirent,
1344 2209 1419 2283 post
1442 2222 1466 2262 rr

290 2277 374 2308 seems
402 2295 409 2309 ”
437 2291 507 2346 tum
531 2283 707 2367 legatorum
728 2291 760 2346 et
784 2283 952 2368 Sicyonem
973 2282 1140 2346 concilium
1161 2281 1337 2363 edixerunt,
1358 2291 1391 2346 et
1404 2284 1466 2368 lega

437 2369 477 2431 ad
491 2368 529 2430 Τ.
545 2367 734 2434 Quinctium
752 2367 917 2445 miserunt,
931 2365 986 2450 qui
1001 2367 1167 2430 consilium
1181 2367 1221 2431 ab
1234 2375 1437 2515 eopeterent.

437 2451 569 2515 concilio
592 2451 735 2514 omnium
759 2451 800 2514 ad
819 2451 937 2514 bellum
952 2451 1111 2548 extemplo
1122 2471 1272 2536 capessen
1296 2473 1350 2514 um
1363 2451 1465 2515 inclini

437 2535 602 2600 sententiae
622 2543 730 2598 erant:
751 2533 850 2597 literae
870 2535 907 2597 T.
924 2533 1068 2599 Quinctii
1089 2535 1322 2600 cunctationem
1337 2537 1465 2621 injecere

436 2619 554 2702 quibus
576 2625 686 2681 auctor
707 2625 774 2680 erat
791 2625 959 2717 praetorem
980 2618 1174 2704 classemque
1199 2621 1374 2684 Romanam
1394 2643 1465 2706 exsp

436 2703 534 2766 tandi.
579 2702 689 2767 Quum
702 2701 882 2787 principum
903 2702 956 2766 alii
976 2703 1010 2765 in
1031 2704 1187 2768 sententia
1207 2715 1448 2789 permanerent3

436 2787 591 2851 utendum
615 2785 694 2864 e'us,
719 2807 814 2870 quem
837 2787 899 2885 ipsi
918 2787 1161 2874 considuissent,
1181 2789 1311 2853 consilio
1338 2811 1464 2854 censere

436 2871 608 2936 multitudo
625 2809 871 2956 ihilopoemems
886 2872 1075 2936 sententiam
1094 2873 1306 2958 exspectabat.
1351 2875 1463 2938 Praetor

435 2965 505 3020 tum
529 2964 606 3036 erat,
627 2965 659 3020 et
680 2975 790 3020 omnes
809 2977 847 3020 eo
867 2965 1009 3040 tempore
1032 2957 1095 3020 ”et
1108 2957 1277 3042 prudentia
1290 2967 1323 3021 et
1337 2959 1463 3022 auctorit

436 3042 584 3106 anteibat.
629 3041 662 3104 Is
676 3041 838 3126 praelatus,
854 3041 874 3073 '¹
885 3043 968 3104 Bene
983 3049 1188 3123 conparatum
1202 3043 1463 3124 opudAEtolas¹e

435 3147 473 3190 ne
479 3133 606 3208 pretor,
621 3147 712 3206 quum
725 3127 763 3188 de
778 3127 853 3190 bello
874 3127 1078 3204 cmuuluisset,
1099 3128 1165 3208 ipse
1185 3129 1364 3190 sedentium
1385 3128 1462 3190 dicer

436 3219 573 3273 statuere
595 3210 830 3294 quamprimum
853 3209 950 3296 ipsos,
968 3210 1045 3293 quid
1059 3210 1186 3289 vellent,
1203 3211 1310 3296 jussit.
1354 3213 1462 3274 Pretoi

435 3295 556 3357 decreta
571 3313 673 3356 smum
687 3293 825 3374 cumflde
839 3301 868 3356 et
883 3314 958 3357 eura
971 3301 1197 3358 eesemtumm:
1217 3297 1459 3377 adnisurumque,

434 3385 578 3460 puniam
592 3379 625 3440 ia
640 3379 765 3441 emilia
779 3380 907 3441 tamone
916 3381 1051 3460 positum
1069 3386 1156 3458 esset,
1177 3400 1232 3443 nec
1247 3382 1339 3462 pacis
1360 3401 1410 3443 eos
1421 3402 1461 3461 pa

434 3469 521 3541 teret,
534 3481 589 3525 nec
603 3463 682 3526 teus.
726 3461 802 3526 Plus
817 3483 853 3526 ea
867 3462 966 3526 oratio
980 3463 1133 3527 momenti
1146 3463 1187 3527 ad
1200 3463 1378 3528 incitandos
1393 3466 1433 3527 ad
1453 3465 1461 3526 1

433 3546 500 3610 lum
515 3545 637 3624 babuit,
652 3567 748 3630 quam
763 3546 790 3609 si
804 3554 911 3632 aperte
927 3547 1088 3610 suadendo
1104 3547 1311 3632 cupiditatem
1325 3569 1375 3611 res
1390 3570 1460 3632 gere

433 3631 632 3695 ostendisset.
677 3629 790 3714 ltaque
807 3631 928 3730 ingenti
948 3653 1105 3694 consensu
1124 3631 1243 3695 bellum
1263 3633 1424 3695 decretum
1449 3653 1460 3694 s

432 3724 559 3800 tempus
580 3723 612 3778 et
634 3714 715 3778 ratio
736 3715 975 3778 administrandi
999 3709 1067 3800 ejus
1088 3715 1187 3779 libera
1235 3715 1340 3780 raetori
1364 3715 1460 3800 permi

431 3809 508 3863 sunt
515 3811 535 3863 ¹.
580 3799 808 3884 Philopoemen,
822 3807 1032 3884 praeterquam
1046 3801 1132 3884 quod
1145 3799 1190 3863 ita
1237 3799 1357 3864 uinctio
1371 3801 1459 3884 place

430 3891 463 3947 et
484 3885 552 3983 ipse
576 3883 776 3946 existimabat
794 3884 926 3946 classem
948 3885 1124 3948 Romanam
1145 3884 1399 3970 exspectandam,
1414 3907 1459 3968 qu

429 3989 508 4031 marr
534 3967 693 4052 Gytbium
716 3967 797 4030 tueri
816 3975 933 4052 posset,
955 3969 1010 4032 sed
1031 3977 1187 4048 metuens,
1207 3989 1247 4032 ne
1267 3967 1447 4032 dilationem

428 4075 494 4116 non
508 4059 678 4138 pateretur,
693 4059 725 4114 et
739 4073 804 4115 non
828 4052 984 4136 Gytbium
997 4053 1111 4131 solum,
1125 4053 1181 4116 sed
1196 4053 1377 4138 praesidium
1392 4075 1458 4136 quo

455 4187 573 4234 ‘'oddim
584 4185 657 4232 (leon.
671 4184 737 4231 cm.
843 4189 857 4229 Ρ
868 4187 951 4245 viginti
963 4185 1057 4245 Kreyas.
1071 4185 1148 4232 Belli.
1277 4193 1291 4231 (Ι
1304 4189 1397 4234 debeor
1409 4189 1457 4234 Beli

869 4253 879 4281 ¹
890 4255 942 4296 uns
953 4251 999 4296 del.
1010 4250 1069 4296 Ead.

293 4367 325 4414 8⁰
343 4367 374 4413 lit
389 4361 522 4426 patratu]
542 4362 594 4408 Duo
613 4359 831 4408 eMSS.Gronorll
849 4368 872 4410 et
903 4363 966 4421 opud
976 4364 1076 4410 Actaea
1110 4363 1173 4412 Quid
1190 4366 1253 4410 enlm
1273 4364 1364 4424 pretori
1378 4365 1457 4410 Achae

258 4431 407 4490 providentio.
442 4427 631 4476 Acceditvictor.
903 4439 956 4470 cum
968 4427 1059 4480 AEtolis,
1072 4433 1098 4470 ut
1117 4425 1200 4472 borum
1218 4427 1262 4472 sibi
1280 4427 1386 4474 instituta
1396 4443 1456 4488 sequ

292 4493 321 4540 sl
341 4483 801 4552 eusampararanapuolsruoeem]
820 4487 872 4534 imo
903 4489 1100 4536 esseexistimetl
1134 4489 1294 4537 Gaouovws.
