3108 4982
213 307 277 374 226
798 297 890 366 TITI
921 297 1035 362 LIVII

216 471 350 586 ff&
372 455 487 536 petitos
502 449 726 596 f'em'm’s'n
744 467 804 526 eos,
823 467 950 530 quorum
969 449 1192 594 oqrerapdalria
1209 455 1348 552 eslmrm
1370 471 1407 515 ne
1428 455 1460 516 in

277 571 284 583 '
370 533 1461 704 Xffmnfflfflninffldi‘il

371 707 523 789 seoemsnl.
552 724 616 781 uec,
627 703 702 784 jure
721 723 762 764 an
776 703 890 781 injuria
905 703 974 764 ansi
987 703 1059 778 sint,
1074 705 1283 782 arqumenlari
1296 704 1400 784 rqsert.

422 788 602 852 XXXVII.
623 790 668 850 At
683 789 761 850 euim
776 787 831 848 illa
851 793 931 848 cerie
949 792 1050 848 nestra
1067 792 1147 863 sisui,
1161 788 1277 864 Arnai,
1294 789 1375 868 quod
1387 789 1463 870 lepos

380 875 627 956 disciplinamque
648 873 880 934 valentissimam
904 870 1040 951 Lycurqi
1063 871 1237 948 uululislis,
1259 873 1340 952 quod
1362 893 1463 936 muros

380 959 529 1022 diaulia.
574 958 646 1028 Qua
668 962 797 1035 uls-aque
822 955 860 1016 ab
884 955 991 1016 iisdem
1013 954 1102 1033 objici
1125 957 1176 1034 qui
1186 959 1342 1036 possunt?
1374 977 1463 1038 qman

380 1045 461 1106 usuri
473 1040 708 1104 londonensis
722 1059 782 1100 non
803 1039 842 1100 ab
855 1039 1005 1119 Lyourqo,
1020 1039 1076 1100 sed
1087 1058 1204 1119 pausos
1217 1045 1286 1102 aule
1305 1061 1401 1102 annos
1423 1041 1465 1104 ad

381 1126 601 1190 dissolvendam
614 1125 750 1204 loyearqi
764 1123 954 1202 disciplinam
969 1125 1101 1184 enimn·
1120 1126 1190 1186 sini.
1238 1125 1373 1205 lys-anni
1387 1127 1464 1188 ersim

380 1231 476 1292 snper
490 1230 549 1286 eos,
563 1229 664 1272 arcem
686 1215 715 1270 el
735 1209 948 1270 munimentum
964 1207 1033 1284 sili,
1048 1228 1107 1270 nou
1130 1209 1257 1285 civitati,
1265 1215 1464 1289 parauerunt.

381 1297 437 1372 El,
449 1297 478 1358 si
494 1295 622 1357 eesislal
640 1293 727 1356 lsodie
747 1292 786 1354 ab
798 1291 905 1372 inseris
915 1292 1083 1372 Lycurqus,
1097 1293 1232 1373 qaudeal
1243 1295 1341 1355 rumis
1353 1313 1464 1370 sonan,

381 1385 411 1444 el
426 1399 505 1442 uuna
521 1397 553 1442 se
566 1379 706 1458 patriam
723 1383 752 1439 el
765 1377 910 1456 Spartam
920 1377 1075 1457 antiquam
1087 1377 1348 1458 uqnoseeredical.
1394 1379 1466 1440 Non

382 1465 632 1546 Philopoemenen
653 1467 837 1542 easpealare,
851 1480 906 1523 nee
927 1462 1064 1537 Aelsoeos,
1081 1462 1137 1522 sed
1155 1481 1208 1523 oos
1230 1463 1302 1542 ipsi,
1325 1463 1465 1525 Laceda-

381 1550 484 1624 monii,
498 1548 608 1609 nestris
621 1545 759 1607 monibus
773 1545 893 1606 amoliri
908 1551 938 1606 el
951 1545 1071 1607 diruere
1090 1546 1190 1607 omnia
1212 1547 1385 1626 tyrannidis
1402 1567 1465 1608 oes-

382 1635 459 1713 lipia
473 1631 627 1694 minutis.
675 1631 787 1692 Vestra
802 1630 880 1690 ersim
894 1630 954 1690 illa
968 1629 1116 1709 desomnes
1127 1631 1220 1692 ueluti
1231 1632 1390 1694 cicatrices
1403 1651 1466 1693 ses·-

381 1719 487 1780 oilulis
502 1721 610 1778 eranl:
633 1720 672 1791 sl,
688 1733 778 1795 quum
791 1715 855 1775 sine
864 1715 960 1774 muris
975 1713 997 1746 ⁸⁴
1006 1734 1063 1793 per
1073 1715 1258 1796 oolinqenlos
1266 1735 1363 1795 prope
1373 1735 1467 1778 annos

382 1801 480 1878 liberi,
495 1799 656 1880 aliqnando
671 1801 763 1860 eliam
771 1799 928 1878 principes
945 1799 1070 1860 Grceeia
1076 1798 1226 1878 fuissetis,
1241 1799 1263 1832 ⁸⁵
1273 1802 1377 1878 musis,
1387 1801 1466 1862 aelel

383 1885 580 1966 compedibus,
617 1883 813 1946 eirmsmdolis
847 1883 941 1944 vincli
962 1903 1023 1962 per
1052 1889 1169 1945 eentum
1196 1904 1293 1946 annos
1320 1885 1466 1946 sensistis.

386 1971 473 2042 Quod
486 1969 529 2031 ad
542 1971 619 2050 leqes
633 1969 770 2030 ademlos
785 1966 910 2044 adiisset,
925 1987 978 2048 eqo
994 1969 1135 2048 anliquos
1143 1969 1378 2031 Laeedaemoniis
1389 1970 1467 2049 leqes

383 2059 530 2134 lyrannos
552 2053 698 2115 ademisse
720 2053 873 2124 arbitram
896 2071 951 2113 nos
973 2072 1033 2114 non
1056 2073 1128 2113 suas
1141 2053 1296 2130 ademisse,
1310 2073 1386 2133 quas
1408 2074 1468 2115 non

383 2139 542 2214 nolebant,
555 2137 610 2200 sed
630 2143 751 2199 nostras
773 2139 852 2218 leqes
873 2137 1008 2208 dedisse,·
1030 2138 1176 2198 mensale
1196 2139 1378 2199 aorenduisse
1394 2139 1468 2199 oios'·

383 2225 452 2300 lali,
467 2243 556 2306 quum
577 2224 697 2286 cmssilii
718 2224 814 2284 nostri
837 2242 903 2284 eam
919 2221 1094 2300 fecerimus,
1109 2225 1138 2282 el
1153 2222 1238 2284 nolis
1251 2223 1468 2298 misossesisnus,

382 2315 417 2372 ui
432 2329 539 2388 corpus
552 2328 643 2369 unum
658 2313 687 2370 el
698 2307 855 2368 concilium
870 2307 961 2368 lolius
972 2307 1168 2386 Peloponnesi
1183 2311 1268 2368 essel.
1303 2308 1396 2384 lunc,
1411 2307 1469 2368 ul¹

384 2395 500 2473 opinor,
514 2393 541 2453 si
556 2393 627 2452 aliis
648 2393 708 2471 ipsi
730 2391 843 2471 lepidus
856 2393 1030 2467 viveremus,
1046 2391 1125 2452 alias
1138 2392 1207 2452 ielis
1226 2391 1469 2470 irqiusuaissemus,

383 2479 478 2556 queri,
493 2497 526 2537 se
546 2476 728 2554 iniquojure
748 2495 821 2551 esse,
836 2481 866 2536 et
889 2475 1044 2555 indiqnari
1062 2481 1196 2554 possent.
1240 2477 1311 2538 Seio
1327 2497 1393 2558 eqo,
1408 2479 1468 2557 Ap.

387 2561 506 2635 Claudi,
529 2560 608 2618 lona
628 2560 803 2634 orationem,
824 2579 883 2638 qua
902 2579 968 2620 sum
985 2560 1084 2620 adlrus
1104 2579 1185 2636 usus,
1210 2579 1303 2640 neque
1320 2563 1470 2623 sooiorsan

384 2643 467 2722 opud
479 2643 584 2718 socios,
599 2661 692 2721 neque
712 2641 812 2702 libera
831 2644 933 2724 pontis
956 2663 1037 2706 esse:
1059 2644 1115 2705 sed
1131 2663 1200 2706 uere
1215 2645 1387 2706 seruorum¹
1407 2645 1471 2707 dis·

384 2728 567 2806 oeplanlium
589 2726 673 2805 opud
695 2725 838 2788 dominos.
882 2727 975 2802 Nam,
999 2729 1106 2790 sinon
1122 2749 1201 2790 vana
1223 2727 1380 2792 illa³¹oon
1390 2750 1473 2810 pra-

384 2813 468 2874 aonis
481 2809 557 2890 suit,
579 2829 639 2890 qua
655 2811 764 2872 liberos
782 2831 845 2872 esse
861 2813 991 2873 omnium
999 2813 1120 2892 primos
1136 2814 1264 2876 Acloeos
1271 2813 1422 2892 jessem
1444 2816 1473 2875 si

375 2895 480 2978 fadus
491 2901 593 2958 ratum
608 2901 662 2973 esi,
683 2897 852 2958 sisooielos
866 2901 895 2957 el
910 2897 1046 2958 amioidn
1061 2917 1099 2959 ee
1113 2917 1195 2978 aquo
1213 2897 1400 2975 obsonator,
1416 2917 1474 2960 osus·

384 3001 448 3064 eqo,
462 2981 545 3064 qaid,
563 2981 667 3062 Capua
680 2987 780 3062 capla,
786 2979 926 3061 severitis
939 2981 1079 3058 Romani,
1094 3001 1155 3044 non
1168 3001 1286 3062 quarm
1306 3001 1361 3044 aas
1373 2984 1475 3044 ralio-

384 3087 452 3130 nem
465 3067 632 3147 reposcitis,
647 3065 723 3146 quid
734 3066 841 3128 Achai
853 3065 1089 3128 Laoedoemoniis
1100 3065 1175 3128 bello
1188 3064 1475 3146 vialisseeerisnus?

384 3151 543 3230 Inloseeli
562 3151 657 3229 aliqui
679 3155 769 3221 mul:
791 3149 887 3230 finqe,
913 3169 933 3211 a
962 3150 1056 3212 nolis.
1101 3150 1209 3222 Quid?
1236 3170 1289 3212 oos
1316 3157 1475 3214 sensatam

388 3236 557 3314 Campanos
569 3234 669 3294 securi
682 3253 742 3295 non
750 3234 973 3312 persuasistis?
1014 3235 1124 3296 Muros
1144 3235 1301 3297 dirssirnus.
1336 3255 1390 3298 aas
1412 3255 1476 3298 noa

384 3337 486 3379 muros
509 3321 636 3394 tonnis,
656 3317 712 3378 sed
730 3317 834 3378 urbem
855 3321 886 3378 el
905 3336 997 3398 apros
1014 3319 1179 3382 adernidm
1223 3320 1339 3400 Specie,
1360 3321 1475 3401 inquis,

582 3477 597 3518 ¹
608 3491 633 3532 sl
645 3485 691 3532 del.
703 3485 776 3534 Gran.
789 3485 858 3533 cmv.
985 3481 993 3520 ¹
1004 3501 1115 3536 seram
1125 3490 1200 3536 sarias
1212 3487 1277 3535 End.

253 3634 286 3682 84
302 3635 349 3682 Par
364 3635 501 3696 scrupeum
517 3648 586 3695 propa
604 3629 686 3694 assos]
713 3632 831 3678 Numerus
864 3641 912 3678 tem
929 3633 973 3680 soli
990 3633 1099 3680 intersint
1115 3634 1220 3681 anniid
1255 3635 1359 3682 Primum
1371 3636 1432 3684 illud
1444 3639 1475 3684 de

221 3700 321 3746 ansonis
337 3705 426 3745 auctus.
460 3699 581 3758 Siquidem
599 3697 741 3756 aLymrgo,
760 3711 830 3756 quem
863 3697 936 3742 muris
948 3696 1053 3742 firmssur
1064 3698 1200 3744 auctoritate
1211 3699 1331 3745 Psusaniss
1340 3699 1474 3758 etlustini,

221 3763 261 3808 hie
286 3763 380 3823 respicis
400 3761 489 3820 Livius,
505 3763 535 3808 sd
552 3761 701 3808 Cieomsnem
722 3760 832 3806 Leonidas
864 3768 891 3805 ut
909 3761 1081 3806 observavimus
1100 3761 1129 3806 ad
1149 3761 1163 3806 Ι.
1184 3761 1292 3807 XXXIV.
1306 3763 1376 3816 ass.
1392 3779 1475 3824 supra.

221 3827 305 3880 lilium,
333 3827 373 3886 qui
401 3827 490 3886 primus
517 3833 631 3884 tyrannm
661 3825 828 3870 Lacsdsemons
863 3825 909 3870 Sed
924 3825 965 3883 qui
983 3825 1008 3870 id
1026 3825 1094 3871 liceat
1111 3825 1189 3872 ditare
1203 3825 1270 3872 Livio
1288 3840 1336 3872 nass
1355 3829 1476 3884 videmus,

222 3890 293 3937 luisse
311 3890 396 3936 dicitur
419 3903 496 3949 supra.
514 3889 553 3934 lib.
571 3889 681 3934 XXXIV.
698 3887 829 3944 ammon
863 3888 1000 3946 quistloso
1011 3889 1220 3935 modomemosato
1235 3899 1259 3936 es
1274 3889 1312 3935 hia
1328 3891 1352 3936 iss
1371 3891 1400 3936 iis
1420 3907 1477 3950 qa·

222 3951 713 4010 effluxessnssnnisexcentiesocsoginsa
859 3952 965 4011 proxIme
990 3953 1126 4012 precedunt
1155 3953 1246 4012 scripsit
1271 3967 1350 4000 musas
1381 3955 1477 4014 Sparsas

254 4019 286 4065 35
302 4019 379 4065 Muris
389 4017 449 4064 selus
458 4017 598 4075 oonpsds'dsu
606 4017 750 4062 circumdatis
758 4015 828 4061 vincli
857 4029 941 4074 passos
952 4021 1006 4062 assis
1016 4029 1094 4070 anam,
1105 4030 1185 4076 super,
1197 4029 1212 4062 a
1222 4017 1329 4076 tyrannis
1340 4025 1477 4064 eutnsctos

221 4097 262 4144 por
273 4089 361 4130 amians
371 4095 440 4128 annos
448 4075 560 4140 mulis]
574 4079 627 4124 Duo
635 4078 674 4123 nie
683 4079 829 4125 sfflrmantur
861 4093 918 4124 assa.

222 4161 237 4193 a
257 4147 338 4193 Lindos
367 4158 450 4196 unum,
473 4157 551 4188 muros
572 4141 754 4188 Laeedamoniis
773 4149 828 4187 ante
892 4141 924 4188 36
941 4141 1014 4188 'Vos
1033 4144 1144 4202 preconis
1157 4173 1242 4188 ......
1255 4157 1301 4204 qua
1319 4143 1402 4190 liberos
1425 4159 1478 4192 esse

222 4219 317 4256 sentum
333 4223 407 4256 annos
426 4207 514 4254 exstrui
532 4213 619 4264 emptas
637 4219 702 4258 ssssq
719 4205 828 4262 alterum,
860 4207 956 4252 omnisss
974 4207 1059 4265 prissos
1078 4207 1174 4252 Asnaus
1187 4203 1307 4267 junius]
1325 4205 1409 4252 Achai
1434 4208 1479 4254 ins

224 4273 415 4322 Laoedsmonem
437 4285 478 4332 pas
505 4277 599 4316 censum
628 4281 701 4314 annos
722 4269 828 4324 servisse,
861 4283 916 4314 vocs
937 4269 1048 4328 pannonii
1066 4271 1163 4315 omnino
1175 4269 1288 4314 nominati
1307 4283 1354 4316 aon
1366 4269 1479 4318 suerunt.

222 4339 333 4383 nimirum
351 4352 365 4384 a
383 4335 490 4396 tysannIs
501 4345 642 4394 oppressam.
677 4331 727 4377 Hae
739 4339 829 4392 postre-
863 4331 915 4378 Non
936 4333 1042 4378 videmus
1062 4334 1180 4392 quomodo
1202 4333 1295 4378 Livium
1314 4333 1352 4380 IsIe
1371 4347 1386 4381 a
1406 4335 1480 4398 lapsu

222 4414 286 4445 mum
308 4401 373 4446 nullo
391 4407 460 4460 pacto
480 4411 561 4444 vasum
580 4409 631 4442 asse
650 4403 734 4456 potest,
755 4409 829 4454 quum
861 4395 980 4443 memoria
992 4397 1122 4442 Immunem
1135 4395 1297 4444 defendamus.

221 4463 388 4509 interlunium
400 4463 466 4524 segni
478 4459 610 4508 cleonem·
621 4467 646 4506 st
657 4459 754 4506 Nabidis
766 4473 829 4504 mar·
