3118 5002
123 335 187 402 296
588 332 681 398 ΤΙΤΙ
713 333 828 398 len
852 333 940 399 LIB.
963 334 1038 400 XL.

125 507 155 553 u.
165 506 192 552 c.
204 503 257 558 ota
288 485 376 549 Deos
390 491 534 548 auctores
547 485 631 570 mgae
646 505 726 564 esse,
739 483 918 567 caelumque
933 483 967 547 in
982 505 1016 546 se
1029 503 1120 546 ruere
1134 481 1270 546 aiebant
1304 483 1381 549 Dis-

126 569 193 617 Μ·
207 569 259 624 ¹⁷⁰·
289 569 383 656 sipati
404 569 552 654 procella,
566 591 678 654 quum,
692 577 856 652 tamquam
877 591 917 632 ex
938 568 1113 667 naufragio,
1127 568 1271 652 plerique
1285 570 1380 632 semi-

288 675 389 718 ermes
414 655 448 718 in
470 663 582 732 castra,
605 655 692 717 unde
716 653 850 752 profecti
873 661 973 732 erant,
996 653 1174 732 redissent3
1206 654 1379 718 consultari

289 739 368 822 quid
382 748 521 824 agerent,
532 747 694 824 coeptum:
716 739 791 801 rnde
806 746 876 802 orta
888 737 1063 818 dissensio;
1085 737 1154 801 aliia
1168 739 1379 818 redeundum,

289 823 357 886 aliis
371 825 602 909 penetrandum
616 824 650 886 in
663 823 857 888 Dardaniam
869 823 1083 886 censentibus.
1124 822 1269 906 Triginta
1281 823 1379 888 ferme

288 909 388 972 millia
402 908 568 972 hominnm
585 907 751 990 (Clondico
775 907 856 970 duee
874 907 1009 993 profecti
1031 908 1133 989 erant)
1155 917 1378 992 pervenerunt.

289 1001 393 1056 cetera
406 993 579 1056 multitudo
596 1001 691 1070 retro,
706 1013 770 1076 qua
780 999 933 1055 venerant
941 1003 965 1070 ⁸,
974 991 1276 1056 tmnsdanubianam
1291 992 1375 1076 regi-

126 1087 258 1146 Λιιὶιοιιιι
289 1099 383 1140 onem
408 1078 543 1163 repetiit.
588 1078 733 1156 Perseus,
756 1077 879 1162 potitus
898 1097 1007 1161 regno,
1022 1075 1158 1139 interfici
1178 1075 1378 1158 Antigonum

125 1151 270 1197 interficitur.
284 1161 401 1247 jussit:
432 1171 475 1242 et,
498 1163 575 1225 dum
598 1163 739 1226 firmaret
761 1182 822 1240 res,
844 1162 964 1245 legatos
986 1161 1121 1224 Romam
1145 1159 1186 1223 ad
1208 1159 1377 1223 amicitiam

289 1255 453 1331 paternam
477 1247 701 1327 renovandum,
724 1246 970 1330 petendumque,
991 1254 1029 1308 ut
1054 1267 1108 1308 rex
1127 1244 1167 1308 ab
1189 1253 1302 1308 senatu
1321 1245 1377 1309 ad-

289 1332 470 1417 pellaretur,
484 1331 581 1396 misit.
627 1331 708 1395 Haec
722 1352 759 1394 eo
774 1351 858 1394 enno
872 1329 906 1392 in
922 1329 1111 1393 Macedonia
1127 1337 1227 1414 gesta.

126 1419 269 1494 ruvirum.
333 1417 425 1480 LIX.
461 1417 553 1481 Alter
576 1416 744 1480 consulum
768 1414 809 1480 Q.
839 1415 972 1478 Fulvius
1001 1435 1041 1477 ex
1062 1413 1236 1500 Liguribus
1263 1414 1377 1478 trium-

125 1483 265 1544 inemptus
288 1501 410 1585 phavit.
456 1523 529 1565 uem
543 1503 742 1585 triumphum
753 1499 854 1584 magis
865 1499 985 1584 gratiae,
996 1519 1091 1582 quam
1101 1519 1206 1561 rerum
1215 1507 1377 1583 gestarum

288 1523 511 1670 magnitudini,
526 1586 635 1648 datum
650 1584 824 1647 constabat.
867 1585 1040 1648 Armorum
1050 1583 1213 1646 hostilium
1227 1605 1377 1667 magnam

287 1671 352 1733 vim
368 1671 549 1748 transtulit3
568 1669 689 1731 nnllam
702 1668 871 1752 pecuniam
884 1669 1066 1732 admodum.
1095 1668 1202 1731 divisit
1220 1675 1326 1732 tamen
1342 1669 1376 1732 in

288 1753 429 1838 singulos
443 1753 560 1816 milites
572 1752 594 1785 ¹⁸
604 1752 766 1816 tricenostl
780 1753 861 1832 aeris,
875 1753 994 1838 duplex
1003 1752 1251 1832 centurionibus,
1260 1753 1377 1838 triplex

287 1838 396 1920 equiti.
439 1837 530 1900 Nihil
545 1837 578 1900 in
592 1859 630 1900 eo
644 1837 807 1922 triumpho
822 1838 924 1922 magis
945 1837 1069 1922 insigne
1084 1837 1155 1916 fuit,
1171 1859 1266 1920 quam
1287 1839 1377 1921 quod

287 1923 367 1985 forte
397 1921 512 2001 evenit,
537 1931 576 2021 ut
603 1922 713 1985 eodem
745 1923 796 1986 die
825 1923 1047 2007 triumpharet,
1060 1945 1136 2020 'quo
1160 1922 1265 2006 priore
1290 1944 1376 2021 anno

286 2008 784 2175 {ultttlttltlltlttl
795 2007 1376 2170 ..itlldffiittttliffltl

285 2175 347 2242 lius
357 2177 468 2240 Vulso.
491 2177 512 2210 '²
525 2178 701 2241 Praetorum
715 2177 800 2257 inde,
809 2177 912 2241 tribus
927 2177 1050 2254 creatis,
1061 2177 1189 2240 comitia
1202 2184 1375 2262 tempestas

287 2263 421 2326 diremit.
468 2271 571 2326 ostero
586 2264 636 2326 die
650 2262 763 2346 reliqui
777 2271 841 2326 tres
855 2262 931 2325 facti
943 2270 1017 2324 ante
1031 2261 1116 2324 diem
1130 2271 1279 2346 quartum
1295 2263 1375 2327 ldus

287 2347 432 2427 Martias,
444 2285 501 2412 ll.
516 2347 654 2412 Titinius
669 2348 806 2424 Curvus,
820 2347 860 2410 'Ii
876 2346 1029 2410 Claudius
1044 2347 1143 2425 Nero,
1161 2347 1199 2410 Τ.
1221 2347 1375 2412 Fonteius

286 2431 411 2516 Capito.
455 2433 540 2495 Ludi
560 2432 695 2495 Romani
716 2431 883 2495 instaurati
907 2431 947 2494 ab
972 2431 1117 2494 sedilibus
1132 2431 1295 2495 curulibus
1311 2431 1374 2498 Cn.

286 2516 417 2579 Servilio
443 2517 604 2600 Caepione,
620 2519 682 2599 Ap.
705 2515 839 2580 Claudio
863 2516 1040 2593 Centhone,
1064 2524 1195 2614 propter
1218 2516 1374 2663 prodigia,

285 2621 357 2683 quae
372 2608 549 2662 evenerant.
592 2601 689 2662 Terra
702 2601 820 2664 movit:
841 2601 875 2663 in
888 2601 964 2664 foris
984 2599 1130 2685 pubhcis,
1146 2600 1202 2664 ubi
1233 2602 1374 2665 ectister·

284 2685 374 2746 nium
389 2691 465 2760 erat,
481 2684 623 2746 Deorum
638 2683 751 2768 capita,
767 2705 839 2767 quae
852 2685 886 2748 in
900 2685 991 2748 lectis
1011 2694 1110 2764 erant,
1125 2694 1306 2750 averterunt
1321 2708 1373 2766 se3

285 2767 465 2850 ’ἾιιιιιιιιιιεΙ
479 2789 553 2830 cum
568 2767 795 2852 integumentis
805 2769 830 2848 ¹¹,
844 2791 916 2853 quae
931 2771 953 2834 J
955 2770 1005 2834 ovi
1026 2770 1189 2854 obposita¹
1202 2770 1273 2848 fuit,
1288 2771 1373 2834 deci·

284 2853 341 2916 dit.
371 2853 409 2916 de
423 2873 534 2916 mensa
548 2852 632 2916 oleas
647 2875 772 2936 quoque
787 2863 1000 2939 praegustasse
1012 2875 1129 2933 mures,
1144 2855 1178 2918 in
1191 2855 1373 2940 prodigium

283 2959 410 3002 versum
426 2946 483 3002 est.
526 2939 580 3002 Ad
592 2959 629 3002 ea
642 2939 799 3025 expianda
811 2939 891 3003 nihil
905 2940 1103 3024 ultraquam
1117 2947 1155 3004 nt
1169 2939 1237 3004 ludi
1251 2941 1373 3005 instau-

283 3031 438 3104 rarentur,
454 3031 562 3088 actum
576 3032 634 3089 est.

310 3181 426 3224 emat
436 3177 502 3222 Crev.
515 3176 611 3236 Kreyea.
625 3176 703 3222 Bekk.
769 3171 784 3210 ²¹
796 3184 894 3226 trecenos
906 3175 1000 3234 Kreyaa.
1013 3175 1089 3222 aera.
1162 3169 1276 3238 llaarqae
1288 3175 1354 3224 ned

470 3235 632 3286 kintr-irruentia
645 3240 723 3286 Beklr.
860 3236 868 3274 ¹
879 3241 984 3302 adposito
997 3239 1091 3300 Kreyee.
1102 3239 1178 3287 aeth.

151 3389 183 3436 26
203 3389 308 3435 racem
331 3385 396 3448 aerie]
426 3387 479 3434 Sive
504 3394 583 3433 ternos
611 3389 728 3442 denarios,
762 3391 921 3451 loneqaecese
939 3391 1227 3452 integumento,me
1244 3398 1310 3438 eruet
1327 3407 1370 3451 op-

118 3453 199 3513 quales
207 3451 360 3497 octouneiam
373 3452 463 3510 argenti
477 3451 672 3498 Parisefficinnt.
703 3453 726 3498 Si
759 3457 842 3513 posita,
863 3456 956 3502 decidit.
991 3455 1037 3501 Sed
1057 3470 1104 3500 non
1124 3455 1177 3501 ideo
1196 3469 1232 3502 rea
1251 3455 1277 3500 fit
1295 3458 1370 3502 multo

118 3517 156 3563 eui
167 3517 211 3561 boc
222 3515 292 3560 nimis
300 3515 412 3574 exiguum
423 3515 547 3572 ridebitur,
557 3515 627 3575 legat,
636 3523 663 3562 ut
672 3517 724 3576 qui·
759 3518 849 3564 clarior.
883 3518 1369 3579 Schellerussuspiraturiaenaquovesti·

118 3581 172 3626 dem
184 3580 272 3624 habent
283 3579 348 3635 editi,
360 3586 465 3626 trecenos.
759 3591 839 3628 mento
848 3585 974 3628 utebantur
982 3583 1037 3628 ituri
1050 3584 1079 3629 ad
1089 3597 1200 3628 maome
1211 3583 1301 3630 balneo.
1321 3584 1370 3630 Nec

150 3643 181 3698 27
198 3644 325 3690 Pretorium
342 3644 401 3700 iude,
414 3645 487 3690 tribus
498 3640 593 3704 erectis]
611 3643 727 3690 Videntur
759 3653 822 3692 earet
834 3646 923 3692 ratione
934 3647 984 3692 hee
996 3647 1219 3705 emendatio,qnum
1235 3648 1275 3692 hic
1286 3657 1371 3706 agatur

118 3707 157 3754 bic
167 3706 282 3754 excidisse
293 3708 389 3754 nomine
399 3709 471 3756 trium
486 3709 580 3756 illorum
591 3715 726 3768 praetorum.
759 3711 789 3755 de
801 3710 950 3766 lectisternio,
962 3711 1010 3756 eive
1022 3711 1092 3770 epulo
1103 3711 1201 3771 praebito
1213 3711 1266 3757 lovi
1282 3720 1305 3757 et
1317 3712 1370 3758 aliie

119 3772 202 3832 Neque
224 3771 287 3817 enim
310 3772 358 3818 ulla
378 3774 438 3820 ratio
459 3781 502 3828 eat,
524 3789 566 3820 cur
587 3773 630 3820 bos
649 3773 727 3832 potius
759 3773 812 3818 diis.
854 3775 916 3820 ltine
938 3773 964 3819 fir
984 3789 1077 3834 qnoque
1103 3775 1192 3820 mentio
1213 3775 1318 3820 olearum
1340 3777 1370 3822 de

118 3836 276 3896 supersederit
294 3835 416 3884 nominare
436 3837 523 3894 Livius,
540 3851 611 3897 quam
626 3851 666 3884 eoa
683 3837 723 3897 qui
756 3837 909 3893 mense‚sovi
927 3837 1016 3884 scilieet
1032 3839 1172 3899 appositae
1191 3839 1298 3885 muribus
1310 3853 1371 3899 prae-

118 3907 212 3961 postero
223 3899 261 3946 die
273 3899 327 3946 laeti
336 3909 398 3946 eunt.
756 3909 910 3960 gustaturum.
944 3901 1008 3952 Quid
1028 3902 1076 3948 sint
1093 3905 1248 3964 integumenta
1262 3903 1314 3949 lovi
1331 3919 1370 3964 op·

151 3965 183 4011 Ἠ
199 3965 363 4026 Lauoqeecun
375 3959 544 4023 ammas]
563 3963 644 4010 Monet
656 3965 724 4022 sigo-
755 3967 830 4026 porita
841 3967 878 4012 rel
889 3968 1001 4028 appetita,
1013 3966 1111 4014 delinire
1124 3981 1170 4014 non
1183 3979 1314 4027 possumus.

119 4027 173 4076 niue
194 4027 319 4088 legendnm
345 4039 396 4074 esee
426 4040 455 4073 ex
477 4026 542 4074 iulio
564 4027 723 4088 obsequente,
