3094 4954
439 283 527 349 LIB.
549 281 731 350 XXXVII.
756 285 852 350 cAP.
879 286 984 352 XLV.
1340 295 1401 361 119

142 433 370 512 omnesne,
391 435 477 497 laad
497 453 584 497 semes
606 453 696 516 quam
713 435 806 511 Deos,
827 435 979 498 consulem
997 441 1028 498 et
1039 453 1171 516 parcere
1183 457 1236 502 aas
1250 457 1277 504 υ.
1291 459 1316 505 c.
1328 459 1382 508 sos

139 521 249 600 qenes-i
269 519 398 581 lamone
422 524 549 599 oportet.
592 517 667 581 Jum
688 525 772 596 unte,
793 539 889 602 quum
906 517 1001 602 legati
1014 519 1168 599 venirent,
1182 521 1276 585 de-A·
1289 523 1315 570 ⁰·
1330 523 1375 572 ¹9⁰

143 611 267 664 cretum
283 610 360 680 erut,
380 602 459 685 quid
477 623 527 664 res
551 602 731 666 onderetur.
763 602 953 686 respondere
967 602 1153 667 Africanum
1167 605 1235 690 ple-

143 687 223 749 cuit.
267 686 301 750 ls
315 685 349 750 in
364 687 450 749 hunc
469 707 502 749 m
546 707 601 750 um
621 685 748 750 locutus
767 687 882 748 lerturs
904 689 1034 750 Romeni
1048 707 1087 751 ee
1100 689 1149 766 iis,
1170 709 1235 770 quo
1248 711 1394 772 Responsum

143 773 179 832 in
201 772 300 834 Dettm
326 773 534 834 inmortalium
554 777 708 850 potestate
735 776 834 848 mont,
856 791 893 833 ea
917 771 1068 850 labemus,
1091 792 1156 854 ques
1178 775 1235 837 Dii
1248 775 1357 824 emesan

144 855 302 918 dederunt.
345 857 482 933 Animos,
496 857 548 936 qui
561 861 673 918 nostres
685 857 793 917 mentis
806 857 887 932 eunt,
900 855 1017 919 eosdem
1029 858 1063 920 in
1075 859 1156 920 omni
1162 857 1234 939 for-

144 945 220 1001 tuna
241 941 398 1020 aestimate,
419 942 630 1021 aetimueqtoe:
653 959 746 1020 neque
766 959 816 1002 eos
833 941 969 1002 seeundo
983 961 1033 1004 res
1052 943 1233 1021 retuterunt,

143 1043 200 1086 nee
214 1025 349 1086 adrem
361 1025 542 1086 minuerant.
576 1023 640 1103 dits
653 1026 710 1101 rei,
722 1029 756 1086 ut
771 1025 848 1086 ulios
863 1025 1009 1103 omittam,
1030 1026 1233 1090 Hannibalem

143 1113 276 1170 oestntm
291 1108 375 1170 robis
393 1109 499 1170 dorm
518 1114 633 1186 testem,
653 1109 715 1170 ruisi
728 1127 780 1170 uos
794 1109 875 1188 ipsos
887 1109 963 1172 dure
969 1129 1099 1190 possm
1142 1112 1233 1174 Past-

142 1213 235 1272 quarn
248 1193 473 1272 Hellespontum
487 1192 660 1273 trqy'eoimus
669 1202 693 1270 ¹,
708 1193 889 1273 priusquam
902 1197 1005 1256 eastra
1018 1197 1113 1276 reolo,
1126 1197 1233 1276 peius·

141 1297 235 1357 quum
258 1279 355 1339 ocios
371 1278 549 1354 videremur,
569 1297 659 1358 qtnon
680 1279 844 1340 communis
862 1277 955 1340 Mors
969 1283 998 1340 et
1012 1279 1144 1342 intutus
1163 1279 1232 1344 belli

141 1367 265 1424 evenes
278 1367 366 1438 esset,
379 1361 417 1423 de
423 1381 503 1442 paee
515 1361 599 1424 eolis
613 1361 781 1443 eventibus,
803 1381 879 1442 quas
890 1381 986 1442 pares
1000 1363 1130 1444 paetus
1145 1363 1231 1444 sere-

141 1445 248 1508 lornue
262 1446 456 1524 wnduionu,
469 1447 589 1508 eosdem
602 1465 682 1509 nune
694 1447 824 1509 uictores
837 1447 926 1510 vietis
932 1445 1073 1527 serimus.
1102 1448 1230 1529 Europe
1243 1469 1307 1516 escis
1319 1485 1372 1518 eon.

141 1530 298 1608 abstinete,
313 1531 449 1612 Ariaqtte
463 1532 575 1608 omnit,
590 1551 656 1612 que
671 1532 716 1593 oie
732 1531 864 1593 Taunum
876 1537 1005 1594 montem
1016 1536 1071 1609 est,
1087 1531 1347 1596 deseruerunt·

140 1615 207 1677 Pro
220 1616 356 1696 inpensis
370 1615 477 1677 deinde
489 1617 522 1678 in
536 1613 644 1678 bellem
650 1614 749 1696 saetis
759 1615 928 1696 qttindeeim
937 1617 1035 1678 millia
1051 1615 1073 1647 ⁸⁴
1082 1617 1229 1681 tolentino

138 1699 344 1762 Euboicorum
366 1699 499 1763 deluis:
522 1702 684 1781 quinyentu
699 1701 866 1780 proemia
875 1725 886 1773 ,·
909 1701 968 1764 duo
986 1701 1084 1764 milia
1098 1707 1128 1764 et
1141 1703 1229 1784 quin-

134 1790 239 1865 genta,
253 1800 343 1865 qtutrn
356 1790 480 1848 senatus
492 1786 679 1866 papultuqete
697 1785 852 1847 Romames
862 1805 973 1866 parem
990 1784 1229 1868 ''emtprobooe-

137 1869 225 1940 rint,-
252 1869 350 1932 mittin
376 1868 483 1932 deinde
512 1871 659 1934 tatetttm
681 1889 742 1950 per
768 1869 923 1932 duodecim
951 1889 1055 1933 annos.
1098 1871 1229 1934 Eumeni

138 1973 254 2034 qaoque
267 1953 356 2016 reddi
369 1954 590 2034 quadringenta
605 1953 730 2032 talenta,
740 1959 769 2016 et
780 1953 1014 2035 quadsrumenti
1026 1955 1174 2037 retiqwen
1188 1975 1228 2019 eu

137 2057 185 2114 eo,
212 2039 293 2118 quod
314 2040 403 2118 putri
428 2037 560 2100 &tuum
585 2043 639 2116 est,
657 2039 771 2119 placet.
813 2038 889 2101 Huc
908 2057 999 2120 quum
1012 2041 1226 2122 pepiyerimus,

129 2120 276 2202 facturos
288 2142 341 2184 oos
352 2128 387 2184 ut
395 2141 456 2202 pro
470 2125 552 2186 cerlo
566 2123 738 2200 lateamus,
756 2124 816 2185 erit
830 2123 949 2202 quidem
966 2123 1090 2205 aliqwd
1103 2125 1227 2206 piynus,

136 2207 168 2267 ri
178 2206 298 2268 oltrtdes
310 2207 417 2286 riointi
428 2213 529 2270 nostro
545 2207 699 2270 arbdrotu
713 2207 846 2269 dabitis:
860 2207 916 2269 sed
927 2204 947 2236 ⁸⁶
956 2217 1136 2287 nammeuw
1150 2209 1227 2270 solit

138 2289 268 2371 liquebit
282 2290 377 2368 nobis,
391 2291 433 2353 ili
439 2311 548 2372 poem
562 2311 627 2354 esse
634 2291 749 2372 populo
763 2291 910 2367 Romano,
924 2290 975 2352 uli
987 2291 1145 2352 Hannibal
1157 2293 1226 2356 erit.

137 2394 208 2436 mm
232 2381 304 2438 ante
323 2377 422 2438 endu
440 2377 636 2457 deposdmut.
683 2377 846 2438 lloontem
865 2394 979 2456 qaoque
991 2375 1142 2453 AEtolum,
1157 2395 1227 2439 oon-

137 2461 267 2521 eitorem
280 2459 409 2522 AEtolioi
431 2461 510 2538 belli,
532 2462 584 2542 qui
602 2466 633 2524 et
650 2461 772 2523 οἸΙοπιοη
783 2459 902 2539 fiducia
915 2479 977 2538 vos,
998 2465 1028 2524 et
1042 2465 1143 2522 uestra
1156 2461 1226 2524 telos

137 2545 174 2605 in
186 2563 243 2606 noe
257 2546 396 2623 aminon,
411 2545 536 2624 dedetis,
548 2551 578 2608 et
592 2565 659 2609 oum
679 2565 713 2608 eo
731 2543 754 2576 '²
764 2545 1033 2608 Menaenorum·
1047 2545 1225 2624 Acarnana,

136 2633 171 2690 et
188 2629 397 2692 Chalcidenses
409 2631 569 2692 Pltilonent
581 2635 612 2692 et
624 2629 818 2692 Eubulidam.
860 2631 900 2692 ln
916 2629 1065 2694 deteriore
1085 2649 1141 2692 etta
1154 2629 1225 2712 sor·

136 2719 214 2774 tuna
220 2733 331 2793 puern
338 2712 439 2794 furiet
452 2733 519 2792 reo,
533 2715 605 2796 quia
619 2716 717 2777 sertus
723 2713 816 2795 soeit,
830 2734 919 2795 quum
926 2713 1033 2794 fouere
1043 2716 1152 2796 potuit.
1189 2715 1226 2778 Si

134 2815 218 2859 mete
225 2801 360 2861 moretm
365 2797 475 2879 fito-it,
488 2799 578 2876 reiut,
591 2818 696 2880 renunt
705 2798 893 2880 ntojestutem
901 2799 1054 2882 difficilius
1064 2799 1103 2860 ul
1111 2817 1225 2862 sumnia

126 2879 261 2962 suetioio
283 2883 327 2944 od
343 2883 474 2945 medium
488 2883 619 2961 detentui,
639 2903 729 2964 quam
742 2903 762 2945 a
775 2883 883 2944 mediis
896 2883 938 2943 ud
948 2884 1011 2944 into
1020 2885 1225 2962 medullari.

135 2963 223 3027 Cum
239 2965 309 3028 liisb
322 2967 480 3029 mundatis
493 2966 533 3029 sb
548 2987 621 3050 rege
633 2966 722 3030 missi
736 2973 826 3029 erant
836 2963 942 3049 legati,
952 2973 989 3028 ut
999 2985 1125 3028 omnem
1138 2965 1225 3048 pacis

133 3049 351 3113 conditionem
367 3050 554 3135 acciperent.
590 3051 695 3136 itsque
715 3051 850 3114 Romam
864 3048 972 3113 mittil
1031 3056 1081 3111 tos
1119 3047 1225 3112 lacuit.

134 3132 261 3196 Consul
284 3135 317 3196 in
342 3135 474 3198 hiberna
498 3135 669 3200 exercitum
692 3135 891 3220 Magnesiam
915 3134 956 3198 ad
1015 3153 1083 3197 aean
1193 3140 1226 3196 et

132 3217 257 3280 ¹Prslles
272 3218 501 3303 Ephesumque
518 3219 635 3284 divisit.
678 3221 844 3318 Ephesum
864 3218 904 3282 ud
925 3217 1088 3283 consulem
1106 3238 1225 3304 paucos

132 3311 212 3398 post
226 3302 294 3365 dies
308 3302 433 3368 obsides
448 3305 488 3368 ab
501 3323 575 3389 rege
589 3304 718 3368 adducti
733 3312 827 3368 sunt:
849 3311 882 3367 et
896 3302 1000 3388 legati,
1019 3301 1075 3386 qui
1089 3303 1224 3366 Romam

133 3395 231 3464 irent,
244 3396 410 3451 venerumt.
453 3389 613 3452 Eumenes
636 3409 761 3472 quoque
782 3389 892 3452 eodem
907 3395 1047 3473 tempore
1062 3387 1223 3472 profectus

167 3501 183 3530 ²
193 3496 327 3559 trojeeinus
337 3501 506 3560 Hellespontum
516 3501 591 3546 neuk.
860 3503 875 3541 l
885 3499 1013 3552 abstinetur
1029 3499 1088 3546 Asu
1099 3500 1158 3544 omni
1168 3497 1228 3543 End.

133 3565 146 3594 ¹
158 3576 270 3622 mquam
282 3563 355 3610 Goon.
484 3569 497 3597 ⁸
510 3564 673 3611 ltnnetloeltun
685 3562 752 3610 Cres.
766 3562 861 3622 Kreyst.
874 3561 951 3608 Beleia.
1085 3555 1140 3608 bits
1151 3560 1228 3607 Beue.

167 3661 200 3708 Sl
221 3661 339 3709 Talentis
348 3661 508 3726 Euboicorum]
521 3665 646 3711 Talentum
659 3663 757 3710 nuso:
780 3663 898 3710 toritatem
916 3675 1051 3722 sequemur,
1068 3661 1182 3708 talentum
1197 3657 1327 3707 Euboicum
1342 3659 1388 3706 erit

135 3739 191 3770 enm
209 3725 294 3772 Festus
309 3728 403 3773 merit
414 3736 513 3786 quotuor
524 3727 624 3774 millium
640 3727 748 3774 deustio-
779 3739 911 3772 murratum
926 3725 1016 3784 urgenti
1036 3724 1174 3771 nostratium
1193 3724 1262 3785 paulo
1280 3723 1333 3785 plus
1347 3723 1387 3770 88.

134 3803 197 3834 rum.
235 3789 305 3839 Quod
322 3791 342 3836 ti
359 3791 504 3847 admittatur,
522 3789 651 3838 Euboicum
671 3790 748 3836 minus
781 3791 805 3836 Si
819 3789 890 3844 Festi,
901 3803 1031 3836 merentum
1042 3785 1081 3844 62,
1092 3803 1145 3834 cum
1156 3787 1230 3834 unciis
1242 3785 1264 3833 4.

133 3853 181 3898 erit
199 3851 279 3898 Attico
294 3867 341 3898 uns
359 3854 428 3899 tertis
445 3861 519 3914 purte.
561 3855 667 3905 Qustuor
683 3853 746 3900 enim
810 3853 842 3900 35
860 3847 1065 3913 Gomprolaosrt'ttt]
1083 3851 1143 3898 viee
1155 3851 1236 3906 codex,
1247 3857 1273 3896 ut
1284 3855 1308 3895 et
1320 3848 1386 3908 Sigo-

134 3915 210 3962 millis
222 3915 370 3962 uenenorum
382 3917 486 3963 efficiunt
497 3918 651 3978 qusdmglnts
662 3917 747 3976 minu,
779 3916 812 3962 nii
830 3915 896 3968 liber,
918 3917 1106 3978 empralmertt:
1126 3915 1189 3974 qnod
1205 3911 1302 3960 torum
1319 3921 1386 3958 ente·

135 3993 195 4038 qun
208 3979 312 4024 Atticum
333 3981 447 4026 talentum
465 3981 536 4026 hsbet
553 3981 681 4041 sexaginte.
714 3979 748 4026 At
779 3979 921 4040 ponendum.
955 3975 1297 4034 viromandense&

137 4043 248 4098 linitus,
260 4043 276 4088 l.
289 4043 329 4089 lV.
342 4045 371 4089 tle
390 4047 456 4099 Arse,
474 4044 561 4103 colligit
579 4058 609 4090 ex
629 4043 748 4090 Herodoto
811 4041 843 4090 ³6
859 4040 992 4103 Nunquam]
1006 4041 1161 4102 Reposuimut
1172 4037 1386 4100 nunquunsexvitl.

135 4106 252 4151 mentum
276 4105 406 4152 Euboicum
429 4107 539 4152 habuisse
564 4108 640 4154 minus
661 4121 702 4152 sex
725 4113 748 4152 et
779 4107 866 4161 codiee,
877 4120 950 4164 quum
961 4105 1048 4166 vulgati
1059 4105 1112 4150 libri
1130 4103 1254 4164 proterunt
1265 4115 1387 4160 nusquarr:

136 4169 475 4228 qninqusgintsmmdusbue
484 4170 677 4230 minoepsrtibum
695 4183 747 4228 qun
780 4169 882 4230 minup
938 4169 944 4180 '

847 4183 858 4214 s
883 4183 967 4228 ropne.

134 4246 228 4278 summe
240 4233 320 4278 reduci
332 4234 403 4280 debet
413 4233 493 4279 selues
505 4241 529 4280 et
539 4234 660 4293 wxsgtntu
678 4245 749 4292 supro
811 4232 842 4286 ³7
859 4227 1035 4291 ltnast'loeltunt]
1058 4231 1130 4277 Error
1147 4229 1173 4274 ln
1191 4227 1235 4273 hoo
1251 4237 1337 4272 nomen
1355 4225 1387 4271 ir·

135 4305 258 4342 sexcentos
277 4303 300 4342 et
316 4297 442 4356 quinquies
460 4297 525 4343 mille
541 4297 655 4343 (lemnos.
690 4297 749 4342 Utro
780 4303 890 4356 repserst,
916 4295 1083 4354 legebaturque
1106 4291 1293 4338 linariasaeltaas·
1331 4287 1389 4336 Cor·

135 4359 290 4406 mimauone
307 4360 417 4406 utendum
435 4361 472 4416 tit,
495 4359 607 4406 Budaeine
626 4375 657 4406 sn
677 4359 748 4415 Festi,
780 4359 883 4406 reximus
901 4373 930 4405 ex
951 4359 1030 4416 Polyb.
1050 4357 1118 4414 leget
1137 4351 1169 4400 24
1187 4361 1210 4399 et
1225 4351 1264 4408 36,
1282 4359 1307 4398 et
1322 4351 1389 4400 Livio

135 4423 203 4468 nulrit
220 4423 336 4470 nousetis
352 4423 434 4483 liquet.
468 4425 572 4470 Sufficiet
583 4423 685 4469 divense
697 4437 748 4468 sm·
780 4423 838 4482 ipso,
853 4435 924 4481 supro
941 4421 956 4466 l.
970 4419 1157 4476 xxxvt.cspp.
1172 4415 1197 4462 ll
1217 4424 1239 4464 et
1253 4415 1290 4464 lu.
1323 4417 1389 4466 Idem

136 4487 219 4532 luorum
234 4487 365 4534 sententies
382 4487 524 4547 exposuisse.
558 4487 581 4534 st
595 4487 675 4533 lludal
693 4501 747 4534 sur-
780 4487 892 4532 mendum
904 4485 968 4539 tolle,
980 4483 994 4528 1.
1007 4477 1226 4528 xxxvuuest.
