3056 4962
481 285 805 350 HISTORIARUM
829 285 1005 351 LIBROS.

110 453 239 516 Synnada,
251 454 316 510 urba,
328 455 368 508 33,
383 455 418 502 15.
437 455 475 511 45,
487 457 525 504 34
752 456 871 505 Tabernae
888 467 913 505 et
930 456 1034 506 leniente
1044 459 1186 519 conjuncte,
1198 457 1224 506 in
1236 457 1359 522 publicum

110 518 229 579 Synedri,
243 517 407 565 Macedonum
419 528 550 575 senatores,
562 521 600 576 45,
613 521 651 568 33.
784 530 862 578 emtas,
876 523 914 577 44,
925 522 961 570 16.

111 583 225 656 Syphex,
238 597 281 658 rea
293 581 464 656 Numidarum,
475 598 490 630 a
508 583 663 645 Scipionibus
681 599 724 658 sp·
751 584 870 632 Taberna
883 584 969 658 Nuper,
981 584 1027 632 loci
1040 599 1127 632 nomen
1142 584 1231 642 Romre,
1243 586 1267 642 3,
1279 587 1317 633 43.

146 647 725 781 313323.1333313331ἰᾶ
751 647 1358 768 itttttzttit'titttt‘ttttiithnm.

147 773 230 820 rusios
242 772 311 834 tugis,
324 776 379 820 ibid.
397 775 449 834 ejus
467 775 497 821 ad
510 775 632 822 Romanos
643 775 724 836 legati,
782 775 904 832 militaria,
916 776 1095 838 magistratibus
1104 775 1129 822 in
1140 775 1276 838 provincias
1287 775 1357 824 ituris

147 851 267 898 prospera
291 853 346 884 cum
373 837 616 900 Carthaginiensibus
638 839 724 900 proelia
782 839 1172 903 subministramdcpuhlicoffl,
1187 840 1206 886 1.

147 911 319 956 memorantes,
334 901 372 956 37,
384 904 406 948 4.
423 901 453 947 ad
472 917 526 948 eum
538 901 643 949 vicissim
654 918 723 950 sena-
750 902 924 960 Tabernacula,
961 903 1137 964 militaremque
1171 901 1355 965 supellectilem,

149 971 191 1011 tua
214 964 307 1026 legatos
328 964 411 1018 mittit,
431 967 487 1012 ibid.
512 965 543 1012 ad
565 980 620 1012 euru
643 966 724 1029 Scipio
782 967 876 1029 qualem
896 967 990 1014 consuli
1013 967 1116 1030 praeberi
1141 981 1193 1014 mos
1215 975 1259 1024 est,
1278 966 1356 1014 Masi·

150 1027 257 1088 navigat,
271 1030 310 1083 33,
325 1029 361 1083 17.
379 1028 463 1076 eodem
484 1037 547 1076 tecto
564 1029 652 1092 recipit
671 1031 723 1077 Sci·
782 1031 854 1078 nine
865 1030 956 1078 donant
967 1030 1080 1088 Romani,
1093 1032 1131 1086 33,
1145 1031 1182 1084 17.

149 1091 252 1202 pipnppn¹
267 1100 292 1164 et
304 1092 471 1202 Apiubplepp,
480 1093 531 1203 Aid
539 1107 636 1204 cubrpleo
642 1093 725 1204 ff{pedus
751 1093 1099 1206 T⁸i³⁸m⁸1⁶⁰¹¹miffi¹ipqpiri⁰
1110 1101 1240 1158 conspecto
1251 1093 1355 1142 maxims

149 1170 182 1202 act
230 1171 253 1202 cr
271 1170 331 1207 ro.s
372 1191 378 1202 .
412 1171 451 1202 ucr
533 1171 561 1203 rn
603 1171 623 1204 ts
669 1171 724 1213 tam,
794 1171 876 1204 nmuo
904 1173 1001 1214 natum,
1078 1193 1084 1204 .

150 1221 190 1272 39,
219 1171 270 1266 Sap
292 1217 401 1282 Scipioni
430 1219 561 1267 amicitiam
591 1221 725 1276 renunciat,
750 1219 844 1268 Tabule
861 1173 1172 1274 eTQuintio⁸dictatore
1191 1221 1217 1268 in
1235 1220 1356 1283 Capitolio

149 1284 207 1329 ibid
225 1284 277 1342 ejus
288 1283 402 1330 adversus
416 1283 570 1331 Masinissam
583 1283 681 1342 bellurn,
693 1287 725 1334 39
781 1283 908 1346 subsigno
920 1283 989 1332 Jovis
1002 1284 1158 1348 imperatoris
1171 1285 1225 1340 lixa,
1238 1285 1261 1341 6,
1273 1286 1312 1334 39.

149 1347 222 1394 -33
235 1346 260 1393 in
270 1348 321 1407 ejus
333 1356 411 1394 castra
422 1346 491 1408 ignes
502 1347 634 1408 conjiciunt
644 1348 683 1396 Sci
701 1349 726 1396 io
765 1371 798 1384 ·-·
815 1347 905 1410 templo
916 1347 996 1396 adfixa
1006 1348 1056 1396 voti
1067 1349 1148 1406 index,
1161 1349 1199 1404 43,
1209 1351 1247 1396 53.

150 1419 177 1457 et
190 1409 328 1464 Masinissa,
340 1411 379 1466 33,
391 1413 414 1458 5.
432 1411 531 1472 Syphax
541 1411 656 1459 adversus
698 1427 724 1459 a·
765 1436 798 1446 -
814 1411 921 1459 victorie
938 1411 1013 1460 index
1030 1411 1056 1459 in
1073 1412 1125 1460 sede
1138 1411 1227 1458 Matris
1245 1411 1355 1468 Matutre,

150 1473 263 1520 sinissam
275 1483 300 1520 et
307 1474 407 1520 Laelium
416 1473 499 1537 copias
508 1475 595 1531 educit,
605 1475 641 1523 tt.
658 1476 725 1538 capi·
782 1476 820 1531 41,
834 1476 873 1524 33.

150 1545 199 1592 tur,
212 1539 267 1584 ibid.
284 1537 309 1584 in
321 1549 400 1585 castra
412 1539 522 1586 Romana
538 1538 673 1595 adducitur,
687 1541 723 1588 13
750 1537 849 1586 Tabulae
860 1538 943 1586 decern
953 1554 966 1586 a
977 1537 1121 1587 decemviris
1131 1537 1194 1595 latoe,
1205 1539 1229 1594 3,
1241 1539 1280 1586 34.

150 1602 205 1662 ejus
215 1601 292 1648 oratio
310 1602 339 1648 ad
352 1601 498 1664 Scipionem,
511 1605 565 1650 ibid.
583 1617 597 1649 a
610 1603 684 1650 Loelio
699 1603 726 1650 in
765 1626 798 1638 —
814 1603 868 1650 duae
878 1602 1000 1666 prioribus
1011 1602 1093 1651 decem
1106 1601 1201 1658 edditoe,
1214 1603 1253 1656 37.

152 1663 250 1712 ltaliam
261 1665 395 1721 abducitur,
409 1666 444 1720 17.
478 1665 568 1714 Tibure
580 1665 689 1724 moritur,
701 1676 726 1715 et
768 1689 801 1700 —
817 1667 951 1724 duodecim,
964 1667 989 1715 in
1001 1681 1034 1714 aes
1051 1665 1141 1722 incise,
1155 1665 1181 1713 in
1192 1663 1289 1728 publico
1300 1679 1356 1728 pro·

151 1727 249 1790 publico
261 1727 344 1776 funere
355 1727 459 1786 effertur,
472 1731 509 1776 46.
781 1730 874 1792 posite,
887 1731 926 1786 67.

118 1791 253 1854 Sypheum,
278 1791 427 1840 Bruttiorum
456 1792 580 1855 oppidum,
602 1791 685 1842 deficit
711 1809 725 1841 a
750 1792 850 1842 Tabulae
861 1794 971 1857 publicse,
983 1796 1006 1850 4,
1018 1795 1041 1842 3.
1058 1795 1097 1850 36,
1109 1794 1148 1842 36.

153 1855 236 1902 Ptenis
247 1856 277 1902 ad
290 1855 420 1912 Romanoa,
433 1857 471 1911 33,
485 1858 521 1905 19.
765 1881 798 1891 -
813 1858 899 1918 priscae
910 1858 977 1916 artis,
989 1858 1096 1905 inventae
1107 1855 1216 1912 Eretriae,
1228 1857 1267 1912 33,
1280 1856 1317 1904 16.

118 1917 253 1980 Syracuse,
270 1929 324 1982 post
346 1930 447 1966 mortem
466 1920 610 1981 Hieronymi
631 1933 725 1982 magnes
765 1945 798 1954 -
814 1921 944 1968 Ambracia
955 1931 1053 1978 avecta,
1066 1923 1138 1978 333.

152 1983 277 2044 Syracusis
296 1983 379 2038 turbas,
389 1985 429 2038 34,
440 1984 480 2030 31.
492 1985 530 2038 37.
547 1997 595 2045 pax
606 1997 661 2032 curn
674 1985 724 2032 Ro·
750 1983 850 2031 Tabulis
868 1983 940 2045 pictis
958 1983 1040 2032 lanum
1051 1983 1187 2046 AEsculapii
1207 1989 1356 2037 exornatum,

151 2046 230 2094 manis
241 2047 344 2102 decreta,
354 2047 409 2094 dein
423 2047 523 2104 turbata,
532 2048 635 2095 33-33.
653 2049 724 2110 Syra·
782 2047 820 2102 43,
833 2048 855 2093 4

151 2124 216 2157 erasse
238 2111 282 2158 auh
308 2111 496 2158 dominationem
522 2111 680 2174 Hippocratis
701 2122 726 2160 et
750 2109 1039 2166 Tabulaenovmfflfflfl.

152 2173 269 2236 Epicydis
277 2175 372 2230 cadunt,
380 2177 419 2222 33.
437 2183 502 2221 terra
513 2175 621 2236 marique
632 2189 724 2238 oppug-
750 2172 915 2230 Tabularium,
927 2175 965 2228 43,
979 2175 1015 2222 13

152 2237 455 2298 nanturehlarcello,S³.
483 2239 628 2286 Archimede
641 2238 724 2286 delen·
751 2237 924 2284 Tabulatorum
936 2237 1042 2299 quinque
1054 2236 1135 2294 turris,
1148 2237 1186 2292 33,
1198 2237 1221 2284 6.

151 2301 231 2356 dente,
240 2303 277 2349 34.
294 2303 474 2365 oppugnatione
485 2302 604 2350 absistunt
614 2302 725 2359 Romani,
751 2300 869 2348 Tabuliua
881 2316 945 2374 ager,
957 2303 1001 2348 oid.
1016 2300 1145 2348 Trientius.

152 2375 177 2412 et
185 2365 316 2413 obsidendo
325 2375 570 2422 arcentcommeatus,
580 2369 634 2413 ibid
654 2367 725 2428 Syra·
751 2363 773 2412 Τ
821 2363 948 2420 assuvrus,
961 2366 999 2420 31,
1011 2367 1033 2412 5.
1051 2365 1089 2418 37,
1101 2364 1136 2412 19.
1154 2363 1193 2420 35,
1206 2364 1245 2410 33.
1261 2363 1301 2419 39,
1312 2363 1350 2410 33.

152 2443 216 2476 cusa
243 2440 327 2492 capue,
350 2432 389 2486 35,
413 2429 515 2477 33-31.
556 2429 726 2492 Syracusarum
752 2428 788 2475 Ta
798 2427 869 2484 assio,
883 2443 931 2475 vox
939 2427 1062 2490 nuptialis,
1077 2428 1098 2482 l,
1110 2429 1132 2475 9.

151 2492 229 2555 spolia
243 2495 343 2541 Romam
355 2494 462 2548 devecta,
475 2495 513 2541 43.
752 2491 879 2540 Talentum
892 2491 1010 2546 Atticum,
1022 2493 1061 2545 33,
1073 2491 1111 2538 34.
1128 2491 1173 2537 nid.
1185 2496 1207 2536 et
1215 2489 1254 2537 33.

121 2555 265 2618 Syracusani
284 2557 310 2604 in
329 2556 401 2604 fidem
418 2556 602 2620 clientelamque
615 2557 727 2606 Marcelli
767 2581 800 2592 -
817 2556 961 2610 Euboicum,
974 2557 1013 2610 37,
1024 2556 1063 2602 46.
1080 2555 1120 2611 33,
1131 2555 1154 2602 3.

153 2621 236 2667 urbem
249 2635 316 2668 suam
329 2621 434 2674 tradunt,
445 2622 483 2676 36,
496 2623 534 2669 33.
753 2619 854 2668 Talenta
865 2619 958 2682 argenti
972 2620 1076 2666 ducenta
1088 2616 1201 2679 Philippo
1212 2613 1359 2678 pollicentur

122 2683 176 2745 Syri
188 2683 252 2732 haud
271 2683 352 2747 paullo
366 2684 540 2746 mancipiorum
552 2683 645 2742 melius,
656 2699 726 2747 quarn
783 2683 1003 2746 Carthaginienses,
1015 2693 1042 2730 ut
1054 2683 1078 2729 in
1089 2680 1195 2728 Siciliam
1207 2687 1250 2726 aut
1262 2677 1358 2726 ltaliam

153 2746 265 2802 militum,
283 2763 367 2810 genus,
384 2749 423 2804 35,
435 2749 472 2797 49.
490 2749 556 2796 leves
574 2757 600 2796 et
616 2749 727 2797 servituti
784 2762 839 2795 curn
851 2747 960 2795 exercitu
972 2746 1083 2808 trajiciat,
1093 2748 1132 2802 39,
1143 2746 1166 2791 4.

153 2811 212 2867 nati,
223 2813 262 2868 33,
277 2813 314 2866 17.
333 2811 410 2859 Gallis
421 2812 568 2874 stipendium
580 2813 726 2875 pependere,
753 2811 855 2859 Talaum
871 2811 982 2868 ducenta,
994 2819 1109 2858 semestre
1120 2805 1275 2870 stipendium,
1287 2804 1360 2867 Cotyi

153 2875 191 2929 33,
205 2876 241 2922 16.
784 2889 891 2937 appensa
903 2889 917 2921 a
929 2875 1025 2930 Perseo,
1038 2875 1077 2930 43,
1088 2873 1127 2928 67.

123 2937 199 2999 Syrtis
211 2938 296 2996 minor,
308 2941 347 2997 33,
359 2941 397 2988 33
414 2940 453 2996 34,
465 2941 503 2987 63.
752 2937 855 2986 Talenta
863 2938 1069 3000 quinquaqintain
1079 2936 1132 2998 ripa
1139 2933 1239 2999 exponit
1247 2933 1360 2989 Perseus,

784 3001 856 3049 militi
867 3001 1010 3064 diripienda,
1022 3002 1061 3056 44,
1072 3002 1111 3048 45.

752 3065 870 3121 Tamiani,
883 3065 947 3112 inter
957 3063 1047 3111 auxilia
1061 3061 1217 3118 Rhodiorum,
1230 3061 1269 3116 33,
1284 3059 1321 3107 13.

409 3130 437 3178 Τ.
752 3127 871 3201 Tanagra,
883 3129 922 3184 33,
932 3129 969 3174 33
987 3129 1026 3182 35,
1038 3127 1076 3175 61.

753 3191 851 3248 Tanais,
861 3191 946 3247 amnis,
958 3191 996 3246 33,
1008 3191 1049 3238 33.

123 3253 271 3311 Tabre,urbs
285 3256 442 3314 ridebere,
455 3257 491 3305 13.
753 3255 880 3316 Tanaquil,
901 3254 990 3302 femina
1014 3267 1107 3301 summo
1130 3251 1182 3299 loco
1205 3259 1268 3305 nata,
1292 3248 1361 3297 nubit

123 3317 226 3366 Tabellas
238 3331 264 3366 et
273 3319 349 3368 literae
361 3319 482 3376 laureatae,
494 3322 532 3379 45,
548 3321 567 3368 l.
785 3318 928 3373 Lucumoni,
948 3319 969 3374 l,
983 3319 1021 3366 34
1046 3315 1179 3365 coelestium
1195 3312 1361 3378 prodigiorum

124 3381 281 3438 Tabellarius,
293 3385 347 3431 idid.
360 3391 383 3432 et
395 3384 433 3442 44,
445 3385 485 3432 44.
785 3383 871 3446 perita,
890 3384 946 3430 ibid.
973 3380 1134 3456 Tarquinium
1156 3379 1185 3426 ad
1208 3377 1361 3451 educandum

123 3444 239 3494 Tabernae
262 3446 347 3494 nome
368 3463 383 3496 s
404 3446 538 3510 Tarquinio
562 3446 645 3496 l'riaco
670 3463 727 3511 rege
784 3463 878 3496 summa
895 3461 954 3495 cura
972 3447 1082 3494 Serrium
1106 3443 1202 3500 excitat,
1221 3443 1260 3491 33.
1285 3451 1361 3488 tnter·

156 3508 231 3566 fflclffir
243 3511 311 3566 113⁵·
785 3512 847 3558 fecto
859 3510 999 3572 Tarquinio,
1019 3509 1130 3558 eumdem
1149 3506 1267 3561 Servium,
1286 3519 1361 3569 gene-

124 3571 240 3621 Tabernae
259 3575 285 3622 in
304 3575 371 3637 gravi
391 3573 499 3637 periculo
516 3573 596 3621 claudi
611 3575 727 3634 jusum,
785 3589 838 3620 rum
850 3589 928 3628 suum,
940 3574 971 3620 sd
989 3573 1160 3635 capessendam
1178 3584 1260 3618 rerum
1278 3583 1362 3617 curant

154 3637 191 3691 37.
209 3639 230 3693 4,
247 3638 285 3686 31.
302 3637 329 3685 in
348 3637 422 3695 luctu,
434 3640 457 3695 3,
470 3639 492 3694 7.
509 3637 535 3685 in
552 3652 613 3701 pace
628 3645 726 3700 apertae,
784 3637 902 3692 hortatur,
915 3637 953 3683 41.
970 3639 1014 3683 oid
1027 3645 1049 3682 et
1061 3636 1098 3690 47.

154 3700 175 3754 6,
188 3702 225 3748 36.
754 3700 881 3754 Tanetum,
891 3697 965 3753 vicus,
976 3700 1015 3754 31,
1023 3701 1061 3744 35.
1078 3700 1123 3745 nid.
1135 3704 1157 3744 et
1169 3697 1208 3754 33,
1220 3698 1257 3744 19.

124 3762 240 3812 Tabernre
257 3765 400 3827 argentaria
418 3764 463 3812 sori
475 3764 579 3812 Romani
591 3763 729 3812 venduntur
754 3763 894 3817 Tarentum,
907 3761 971 3817 urbs,
984 3762 1022 3817 34,
1037 3762 1073 3808 13

154 3827 184 3872 ab
197 3827 324 3884 Annibale,
336 3841 415 3876 castra
426 3830 456 3876 sd
468 3829 552 3876 urbem
564 3828 676 3883 habente,
688 3827 728 3884 36,
754 3825 886 3873 Tarentum
898 3824 1009 3888 proditur
1018 3823 1141 3878 Annibali,
1153 3825 1192 3879 35,
1205 3823 1220 3868 3
1236 3827 1259 3868 et
1277 3823 1299 3869 9.
1317 3835 1361 3882 op·

157 3891 191 3937 ll·
786 3899 916 3952 pugnatur,
928 3896 953 3936 et
971 3887 1091 3952 capitura
1104 3887 1179 3933 Fabio
1191 3883 1309 3938 Maximo,
1321 3883 1361 3940 37,

125 3952 239 4002 Tabernae
251 3964 343 4017 septem
356 3955 441 4003 &mm
452 3954 564 4003 incendio
576 3954 728 4010 hauriuntur,
788 3955 825 4001 15.
1242 4007 1248 4020 ,

155 4017 192 4072 36,
204 4019 242 4072 37.
260 4019 410 4076 reficiuntur,
421 4020 459 4076 37,
473 4019 510 4067 11.
754 4016 888 4064 Tarentina
905 4029 951 4064 arx
969 4021 1123 4078 oppugnatur
1140 4011 1171 4057 ab
1182 4007 1311 4064 Annibale,
1323 4009 1363 4082 35,

126 4079 336 4130 Tabernaeomnes
353 4097 407 4130 curn
426 4081 508 4144 magni
524 4081 597 4144 pretii
610 4080 729 4128 mercibus
789 4080 825 4128 11.
858 4079 997 4128 Tarentinas
1025 4076 1075 4124 arci
1097 4073 1227 4138 provident
1249 4073 1362 4127 Romans,

155 4143 370 4208 conflagraverunt,
382 4147 421 4201 35,
434 4147 472 4194 43.
789 4143 826 4190 15.
1235 4199 1240 4210 Ι

126 4207 239 4256 Tabernae
266 4219 369 4272 quatuor
396 4209 421 4257 in
444 4207 568 4272 publicum
591 4216 670 4267 emtas,
689 4207 729 4265 39,
755 4207 890 4264 Tarentini,
903 4207 927 4264 3,
938 4206 975 4260 37.
993 4218 1075 4251 eorum
1087 4200 1222 4266 indignatio
1233 4214 1259 4246 tn
1272 4199 1362 4245 Roma-

156 4271 192 4318 44
787 4285 839 4328 nos,
852 4273 906 4318 ibid
923 4267 1045 4316 concitant
1056 4267 1175 4321 Lucanos,
1187 4266 1241 4312 ibid.

126 4333 239 4382 Taberna
251 4336 341 4384 circum
353 4336 430 4383 iorum
440 4333 598 4398 piscatorium
610 4333 636 4382 in
648 4333 730 4398 priva·
821 4349 903 4382 eorum
919 4333 1023 4443 aupzrba
1040 4329 1136 4394 legatio,
1145 4332 1169 4386 9,
1184 4329 1219 4376 14.
1237 4325 1330 4374 ridetur
1349 4339 1364 4372 s

158 4406 207 4445 turn
220 4400 333 4460 venditae,
343 4401 383 4455 43,
394 4399 432 4446 51.
788 4397 928 4445 consulibus
978 4394 1064 4452 manis,
1077 4393 1106 4442 ed
1119 4405 1224 4456 pugnam
1236 4405 1262 4438 se
1273 4403 1363 4452 paran-

128 4461 240 4510 Tabernar
252 4463 304 4511 ioro
315 4462 478 4522 circumdatae,
491 4463 529 4520 41,
541 4462 580 4510 33.
789 4460 860 4518 tibus,
873 4461 928 4508 tete

396 4525 466 4586 (¹2⁹)
