3094 4954
229 325 291 388 122
823 321 916 386 ΤΙΤῙ
943 315 1058 383 LlVlI

230 483 258 530 υ.
271 482 297 528 o.
309 479 364 526 aaa.
393 465 501 528 laetos.
546 458 696 528 Rumoris
710 463 808 548 hujus
821 464 898 548 quia
911 463 1071 527 neminem
1086 459 1184 524 alium
1198 468 1360 525 auctorem
1374 463 1481 543 habeo,

229 547 258 594 A
271 546 297 592 ⁰·
311 545 363 592 ¹⁸⁹·
392 567 496 631 neque
520 547 685 610 adfirmata
705 569 756 611 res
775 569 845 612 mea
863 547 1013 633 opinione
1034 546 1085 624 sit,
1108 566 1166 608 nee
1188 566 1247 630 pro
1262 566 1344 609 vana
1357 557 1481 632 preter·

393 652 498 696 mrssa.

231 707 313 766 ¹⁴⁹⁸·st
437 713 563 778 XLIX.
585 713 687 777 AEtoli
699 713 794 797 legati
809 715 843 776 in
857 720 1002 776 senatum
1017 711 1201 790 introducti,
1217 735 1318 796 quum
1331 724 1363 778 et
1376 737 1482 779 caussa

229 771 381 892 fflffssfoe
394 820 448 862 eos
467 820 525 862 sua
546 805 578 860 et
595 797 723 862 fortuna
743 799 932 876 hortaretur,
956 806 993 860 ut
1009 797 1190 860 confitendo
1213 819 1270 860 seu
1294 820 1361 862 suae
1383 801 1481 884 culpae

230 897 326 944 armiro.
395 904 452 946 seu
473 881 571 946 errori
594 883 718 945 veniam
747 890 893 966 peterent
921 881 1101 966 supplices3
1123 881 1187 944 orsi
1214 903 1234 944 a
1260 882 1421 947 beneficiis
1449 886 1480 946 in

438 967 550 1052 pulum
566 967 757 1044 Romanurn,
777 975 810 1030 et
845 987 922 1052 rope
937 965 1164 1050 exprobrantes
1178 966 1329 1030 virtutem
1345 989 1433 1031 suam
1447 969 1479 1032 in

394 989 536 1136 lolrilippi
555 1050 648 1128 bello,
672 1059 704 1114 et
727 989 939 1114 obtenderent
960 1071 1051 1114 aures
1070 1049 1238 1114 insolentia
1257 1053 1410 1116 sermonis
1416 1079 1425 1131 3
1450 1063 1482 1116 et

395 1157 442 1213 eo,
463 1145 568 1198 vetera
588 1143 621 1197 et
640 1135 804 1198 obliterata
822 1135 1004 1220 repetendo,
1025 1155 1092 1196 rem
1111 1135 1324 1214 adduxerunt,
1345 1147 1383 1200 ut
1396 1139 1479 1202 haud

395 1220 502 1305 paullo
517 1219 656 1305 plurium
671 1220 897 1282 maleficiorum
912 1220 1027 1304 gentis,
1045 1241 1141 1302 quam
1159 1219 1395 1300 beneficiorum,
1416 1245 1481 1286 me-

395 1305 495 1368 moria
519 1304 639 1367 subiret
662 1304 784 1368 animos
809 1305 950 1384 Petrum,
970 1312 1013 1382 et,
1035 1303 1152 1386 quibus
1173 1303 1387 1370 misericordia
1403 1329 1482 1392 opus

396 1397 472 1466 erat,
493 1389 572 1452 iram
587 1389 741 1452 etodium
759 1389 926 1452 imitarent.
971 1388 1161 1473 Interrogati
1182 1388 1223 1452 ab
1245 1411 1310 1452 uno
1332 1401 1482 1470 senatore,

390 1475 640 1554 pemiltereutue
650 1475 812 1536 arbitrium
823 1473 900 1536 dese
907 1475 1018 1554 popolo
1026 1475 1189 1536 Roman&
1204 1473 1317 1537 deinde
1327 1475 1367 1538 ab
1377 1475 1483 1554 altero,

396 1559 567 1621 Aeduus-ine
577 1559 702 1635 eosderu,
713 1560 919 1639 quospopulus
931 1559 1096 1636 Romanus,
1109 1561 1206 1622 accim
1215 1565 1245 1621 et
1253 1561 1352 1622 hostes
1362 1568 1483 1624 meret?

396 1642 476 1704 nihil
494 1642 534 1705 ad
554 1663 590 1703 ea
605 1642 844 1726 respondentes,
861 1642 967 1724 egredi
986 1642 1106 1726 templo
1119 1642 1203 1726 jussi
1222 1651 1308 1706 sunt.
1352 1644 1483 1708 Concla-

396 1735 519 1788 matum
534 1725 646 1788 deinde
661 1747 761 1810 prope
776 1726 816 1789 ab
831 1725 978 1789 universo
994 1735 1107 1790 senatu
1122 1735 1180 1805 est,
1205 1729 1295 1792 Toloa
1308 1730 1407 1792 adlutr
1419 1733 1483 1792 Au-

397 1811 490 1872 lioclu'
513 1811 637 1872 AEtolos
654 1829 727 1888 esse,
749 1817 779 1873 et
797 1831 836 1874 er
856 1813 947 1874 unico
970 1831 1007 1874 eo
1025 1833 1079 1893 ape
1090 1813 1225 1894 pendere
1243 1815 1359 1877 arumna
1373 1835 1483 1878 cuum.

395 1895 504 1974 Itaque
526 1893 633 1956 bellum
655 1915 723 1958 eum
745 1897 830 1958 haud
847 1896 947 1958 dubiis
967 1897 1102 1959 hostibus
1119 1897 1294 1978 perustum,
1302 1899 1484 1978 perdoman-

397 1979 507 2060 dosque
521 1977 642 2059 seroces
664 1981 781 2044 animos
799 1999 872 2043 esse.
915 1979 1023 2042 Etiam
1043 1980 1097 2044 illa
1111 2001 1161 2044 res
1175 1982 1328 2060 accendit,
1347 1983 1434 2066 quod
1447 2005 1484 2046 eo

396 2061 467 2147 ipso
494 2070 646 2148 tempore,
673 2085 737 2147 quo
765 2085 876 2149 pacem
904 2064 945 2127 ab
975 2065 1128 2128 Romanis
1150 2065 1312 2149 petebant,
1338 2067 1484 2152 Dolopiae

397 2155 492 2229 atque
514 2148 715 2212 Athamaniae
738 2149 857 2212 bellum
880 2148 1067 2212 inferebant.
1112 2149 1430 2214 senatusconsultum
1451 2153 1483 2214 in

397 2231 457 2295 Μ’.
472 2232 566 2296 Acilii
590 2234 788 2311 sententiam,
807 2233 863 2317 qui
887 2234 1084 2297 Antiochum
1106 2235 1296 2318 AEtolosque
1319 2235 1484 2313 devicerat,

397 2317 517 2380 factum
540 2326 599 2397 est,
625 2319 664 2382 Ut
687 2321 788 2382 AEtoli
810 2339 844 2382 eo
867 2319 916 2381 die
928 2319 1111 2398 juberemur
1123 2319 1281 2400 proficisci
1301 2321 1340 2383 ab
1357 2323 1440 2398 urbe,
1455 2330 1485 2384 et

396 2404 481 2464 intro
510 2403 792 2483 quintumdecimum
818 2404 898 2466 diem
924 2405 1021 2466 Italia
1054 2405 1206 2467 excedere.
1249 2405 1289 2468 A.
1317 2406 1485 2468 Terentius

397 2485 497 2548 Varro
513 2487 553 2548 ad
568 2487 811 2548 custodiendum
830 2487 889 2549 iter
911 2509 1020 2550 eorum
1036 2488 1163 2566 missus,
1186 2487 1485 2574 denunciatumque,

398 2571 435 2632 si
449 2591 509 2650 quo
522 2570 628 2632 ddnde
642 2572 752 2651 epulis
768 2591 806 2634 ee
820 2573 948 2649 AEtols's,
971 2574 1032 2635 uisi
1042 2575 1196 2654 permissu
1210 2575 1413 2654 imperatoris,
1434 2578 1485 2656 qui

397 2673 464 2715 eam
482 2655 674 2734 prouinciam
693 2655 850 2731 obtineret,
874 2663 989 2719 etcum
1009 2659 1107 2738 leputo
1120 2659 1267 2735 Romano,
1281 2661 1410 2722 uenisset
1424 2661 1485 2722 Ro-

397 2756 488 2814 mom,
496 2755 558 2818 pro
571 2738 705 2800 hostibus
719 2739 960 2819 omuesficturos.
1005 2741 1055 2804 Ita
1069 2741 1190 2804 dimissi
1204 2741 1316 2806 AEtoli.

441 2821 480 2884 L.
502 2821 552 2884 De
575 2821 745 2906 provinciis
773 2823 886 2888 deinde
910 2825 1056 2889 consules
1083 2827 1280 2890 retulerunt:
1303 2827 1409 2891 sortiri
1433 2849 1487 2892 eos

234 2903 372 2951 ⁰⁰⁰⁸¹¹¹⁸¹0³
398 2905 551 2970 AEtoliam
566 2915 598 2970 et
611 2907 721 2970 Asiam
735 2905 864 2992 placuit.
887 2909 942 2992 qui
956 2910 1066 2973 Asiam
1082 2911 1213 2974 sortitus
1224 2919 1316 2990 esset,
1329 2913 1487 2976 exercitus

233 2969 355 3016 exarcum.
397 2991 436 3070 ei,
459 3013 554 3075 quem
577 2993 616 3056 L.
633 2991 739 3078 Scipio
760 2993 899 3072 haberet,
921 3003 970 3058 est
990 2996 1146 3074 decretus,
1165 3005 1197 3059 et
1216 2996 1249 3060 in
1268 3017 1342 3060 eum
1358 2998 1488 3094 supple-

396 3085 541 3140 mentum
552 3085 689 3160 quatuor
707 3078 804 3142 millia
817 3079 961 3164 peditum
973 3079 1200 3160 Romanorum,
1214 3081 1343 3144 ducenti
1353 3093 1488 3165 equites,

396 3169 429 3223 et
453 3161 610 3224 sociorum
633 3183 669 3225 ac
689 3163 795 3226 Latini
815 3164 952 3227 nominis
972 3173 1045 3228 octo
1067 3165 1166 3228 millia
1189 3165 1344 3249 peditum,
1362 3175 1395 3229 et
1410 3189 1489 3250 qua-

397 3243 556 3326 dringenti
572 3246 710 3327 equitesr
731 3247 781 3310 his
795 3247 895 3332 copiis
909 3257 946 3312 ut
960 3248 1079 3312 bellum
1091 3271 1165 3312 cum
1179 3250 1340 3314 Antiocho
1354 3261 1488 3334 gereret.

396 3327 497 3390 Alteri
513 3329 636 3391 consuli
651 3331 817 3410 exercitus
836 3333 891 3416 qui
906 3333 1020 3396 eratin
1035 3335 1166 3412 AEtolia,
1189 3343 1239 3398 est
1255 3335 1423 3414 decretus3
1446 3343 1490 3413 et,

396 3419 434 3474 ut
448 3412 706 3496 supplementum
725 3416 883 3494 scriberet,
947 3418 1107 3496 emissum,
1125 3419 1242 3482 civium
1266 3420 1490 3504 sociorumque

397 3497 543 3558 eumdem
557 3517 735 3577 numerum,
750 3521 845 3582 quem
859 3523 896 3565 co
920 3524 987 3586 ega
1016 3525 1111 3566 nares
1125 3525 1251 3587 quoque
1266 3503 1351 3567 idem
1362 3506 1490 3583 consul,

396 3601 469 3663 quse
483 3581 586 3665 priore
601 3603 684 3646 anno
697 3593 816 3668 paratae
827 3594 926 3664 erant,
940 3587 1177 3671 ornarejussus‚
1188 3589 1348 3653 seducere
1359 3611 1490 3652 secum:

396 3685 455 3728 nec
478 3687 551 3729 cum
572 3667 689 3732 AEtolis
713 3669 817 3732 solum
839 3670 958 3734 bellum
978 3693 1096 3754 gerere,
1118 3673 1286 3736 sedetiam
1300 3673 1335 3736 in
1349 3673 1490 3759 Cephal-

396 3748 510 3812 leniam
524 3749 661 3815 insulam
676 3753 827 3838 trajicere.
871 3755 1063 3819 Mandatum
1076 3757 1188 3834 eidem,
1203 3767 1272 3835 nt⁹,
1288 3759 1315 3820 si
1327 3779 1387 3842 per
1401 3781 1490 3822 oom-

395 3833 526 3898 modum
541 3835 723 3920 reipublicee
738 3838 839 3902 sacere
848 3849 966 3923 posset,
976 3849 1014 3904 ut
1024 3841 1064 3904 ad
1074 3841 1201 3905 comitia
1212 3843 1348 3905 Romam
1360 3844 1490 3907 rediret.

396 3939 481 3996 nam,
504 3929 715 4004 praeterquam
730 3925 816 4006 quod
831 3923 1035 4008 magistratus
1048 3926 1146 3989 annui
1161 3927 1355 4010 subrogandi
1370 3935 1490 4006 essent,

396 4021 540 4066 censores
555 4026 681 4089 quoque
696 4007 819 4091 placere
836 4009 943 4073 creari.
978 4009 1005 4072 si
1020 4031 1145 4093 quares
1160 4033 1234 4074 eum
1249 4019 1381 4090 teneret,
1398 4035 1490 4075 sena-

395 4095 465 4150 tum
488 4089 652 4152 certiorem
675 4091 801 4170 faceret,
827 4115 860 4155 se
886 4095 927 4157 ad
946 4095 1147 4158 comitiorum
1170 4103 1298 4180 tempus
1318 4097 1490 4160 obcurrere

232 4177 365 4225 Provincia.
395 4193 460 4235 non
473 4193 577 4256 posse.
621 4175 741 4238 AEtolia
756 4177 804 4240 M.
821 4177 944 4257 Fulvio,
965 4179 1043 4242 Asia
1058 4179 1119 4243 Cn.
1135 4181 1258 4243 Manlio
1272 4189 1356 4244 sorte
1372 4183 1490 4245 evenit.

397 4257 551 4321 Praetmes
565 4257 678 4322 deinde
691 4261 794 4324 sortiti
808 4271 894 4340 sunt,
909 4263 965 4348 Sp.
979 4265 1163 4328 Postumius
1178 4265 1316 4329 Albinus
1331 4267 1490 4330 urbanam

395 4349 427 4406 ct
451 4341 534 4408 inter
556 4343 749 4429 peregrinos,
772 4345 821 4411 M.
840 4347 1048 4432 Sempronius
1068 4349 1249 4414 'Iuditanus
1271 4349 1425 4430 Siciliam,
1451 4353 1490 4420 Q.

814 4516 827 4546 ⁸
839 4519 864 4558 at
875 4513 921 4559 del.
933 4513 1007 4562 (iton.
1016 4515 1084 4562 Cres.
