3108 4982
470 329 557 394 LIB.
583 329 748 396 XXXIX.
775 329 871 396 CAP.
894 332 956 396 IX.
1325 338 1387 400 201

137 472 330 538 ulteriorem.
389 471 584 539 Consulibus
608 477 781 542 ambobus
803 478 937 562 quaestio
959 479 999 543 de
1023 479 1226 545 clandestinis
1239 499 1372 548 ubete

138 556 411 641 conjurationibus
431 559 555 622 decreta
577 568 635 624 est.
680 563 813 626 Graecus
836 563 984 646 ignobilis
1008 563 1041 627 in
1063 565 1225 628 Etruriam
1238 564 1306 610 Μ·
1319 563 1373 664 ¹⁰⁶}

137 643 279 726 primum
296 643 384 706 venit
398 643 486 706 nulla
500 665 574 706 cum
587 653 653 708 arte
667 665 785 724 earum,
801 667 879 730 quas
902 647 1019 711 multas
1041 649 1082 712 ad
1104 649 1225 713 animo-
1237 627 1359 739 ,ἔξω

136 747 211 790 rum
236 747 468 812 corporumque
492 728 614 791 cultum
631 729 724 792 nobie
747 731 958 794 eruditissima
980 733 1124 796 omnium
1144 755 1224 818 gens

138 811 268 889 invexit,
284 811 478 875 sacrificulus
493 819 526 874 et
536 821 642 876 vates:
664 835 723 877 nec
737 814 775 893 is,
789 815 843 898 qui
858 824 966 900 aperta
978 817 1138 901 religione,
1173 839 1224 882 ro-

138 897 243 980 palum
269 903 303 958 et
322 905 481 979 quaestum
501 905 534 959 et
554 897 753 982 disciplinam
773 899 961 983 profitendo,
978 901 1100 964 animos
1117 839 1222 966 ''lor-

138 991 229 1043 rorey
254 980 420 1058 imbueret,
445 981 502 1044 sed
527 981 724 1046 occultorum
756 993 788 1046 et
817 993 1066 1048 nocturnorum·
1091 986 1222 1050 antistes

139 1085 310 1128 sacrorum.
352 1065 483 1128 ”Initia
509 1073 608 1144 erant,
634 1087 706 1150 quae
729 1067 833 1151 primo
854 1068 963 1152 paucis
988 1069 1104 1134 tradita
1128 1079 1221 1135 sunt:

138 1149 252 1214 deinde
273 1149 396 1234 vulgari
419 1157 524 1233 coepta
541 1157 640 1212 sunt·
664 1171 722 1234 per
745 1151 829 1214 viros
858 1152 1077 1236 mulieresque.
1105 1155 1221 1219 additae

136 1233 317 1318 voluptates
355 1233 499 1318 religioni
523 1234 589 1297 vini
610 1241 643 1297 et
666 1234 842 1318 epularum,
858 1257 922 1320 quo
953 1237 1094 1321 plurium
1124 1239 1222 1302 animi

137 1319 351 1382 inlicerentur.
394 1318 416 1350 ¹⁸
429 1317 540 1384 Quum
554 1318 665 1382 vinum
678 1319 811 1398 animos,
824 1328 857 1382 et
871 1341 935 1383 nox
949 1327 982 1383 et
994 1321 1086 1384 mixti
1095 1322 1221 1388 feminis

136 1425 250 1481 mares,
264 1403 367 1466 aetatis
381 1410 498 1466 teuerae
512 1402 693 1488 majoribus,
708 1403 877 1468 discrimen
900 1425 994 1468 omne
1038 1405 1145 1470 udonis
1167 1429 1221 1470 ex-

138 1488 341 1566 stinxissent3
378 1487 566 1572 corruptelae
586 1487 725 1572 primum
748 1489 852 1552 omnis
870 1489 993 1572 generis
1013 1427 1081 1552 leri
1098 1499 1221 1575 ooeptae,

138 1593 239 1656 quum
262 1571 359 1636 adid
384 1572 529 1656 quisque,
553 1593 617 1656 quo
639 1579 754 1636 natura
783 1571 939 1657 pronioris
965 1573 1105 1638 libidinis
1128 1583 1221 1655 esset,

138 1665 278 1754 paratam
291 1657 488 1755 voluptatem
503 1657 642 1754 haberet.
686 1657 755 1720 Nec
766 1677 867 1720 uuum
877 1677 979 1741 genus
988 1679 1097 1757 noxae,
1111 1665 1222 1744 stupra

137 1741 1018 1910 libitum.itttititlliiiti‘ttt‘l
1030 1743 1221 1892 {iiiiii

134 1909 233 1975 ibant.
277 1911 409 1974 Venena
421 1910 561 1973 indidem
580 1909 803 1994 intestinaeque
825 1911 946 1974 caedes:
968 1911 1014 1976 ita
1032 1920 1069 1976 ut
1090 1934 1131 1976 ne
1152 1935 1220 1978 cor-

134 2017 213 2079 pora
222 1995 352 2079 quidem
367 1995 526 2058 interdum
540 1995 581 2058 ad
592 1995 787 2079 sepulturam
799 2003 968 2058 exstarent.
1012 1995 1119 2060 Multa
1136 1997 1220 2076 dolo,

135 2080 285 2164 pleraque
301 2080 429 2164 pervim
440 2079 646 2144 audebantur.
672 2079 836 2144 occulebat
849 2079 925 2157 vim,
936 2079 1023 2163 quod
1036 2101 1103 2164 prae
1117 2081 1218 2146 ulula·

135 2165 236 2241 tibus,
254 2173 539 2248 tympanorumque
565 2171 598 2228 et
625 2163 843 2249 cymbalorum
872 2163 1018 2247 strepitu,
1043 2165 1131 2228 nulla
1157 2187 1220 2230 vox

134 2247 359 2333 quiritantium
373 2247 452 2312 inter
464 2257 576 2332 stupra
593 2256 626 2312 et
644 2247 747 2311 ooedes
762 2247 904 2310 exaudiri
917 2255 1051 2330 poterat

179 2333 241 2396 IX.
266 2332 375 2416 Hujus
398 2333 471 2397 mali
500 2333 586 2398 labes
616 2353 656 2396 ex
681 2331 811 2394 Etmria
839 2331 984 2408 Romam,
1001 2331 1089 2394 velut
1112 2339 1220 2394 conta·

133 2418 228 2504 gione
257 2417 371 2494 morbi,
400 2418 584 2502 penetravit.
623 2416 727 2502 primo
751 2414 839 2479 urbis
867 2414 1053 2499 magnitudo
1076 2436 1113 2478 ca
1136 2415 1220 2480 acior

177 2502 366 2586 tieutiorque
388 2502 500 2566 talium
522 2502 678 2566 malorum
701 2522 739 2564 ea
760 2499 891 2564 celavitt
913 2500 1042 2564 tandem
1066 2499 1100 2564 in
1125 2500 1218 2564 'cium

160 2607 198 2649 oc
234 2587 367 2650 maxime
402 2587 498 2650 modo
532 2587 573 2650 ad
621 2585 821 2650 Postumium
862 2585 1024 2650 consulem
1064 2585 1217 2671 pervenit.

137 2671 173 2734 P.
196 2671 358 2749 AEbutius,
388 2671 480 2756 eujus
515 2680 606 2756 pater
636 2670 765 2756 publico
794 2691 876 2755 equo
905 2669 1063 2755 stipendia
1091 2671 1382 2751 fecemt,1nneteseum

133 2755 275 2840 pupillus
295 2757 433 2834 relictus,
452 2755 585 2819 mortuis
605 2755 719 2819 deinde
750 2755 920 2833 tutoribus,
940 2755 1000 2819 sub
1027 2756 1127 2820 tutela
1147 2757 1217 2821 Du·
1231 2753 1255 2798 ¹²·
1268 2753 1358 2800 ΕΜ

132 2841 230 2904 roniae
252 2839 362 2903 matris
384 2848 416 2903 et
429 2839 532 2904 vitrici
552 2841 590 2904 Τ.
606 2839 784 2938 Sempronii
807 2840 909 2902 Rutili
932 2841 1084 2904 educatus
1104 2842 1216 2906 fitemt.
1230 2830 1307 2877 ψη

133 2925 179 2988 Et
192 2933 292 2988 mater
306 2924 412 3024 dedita
423 2924 491 2988 viro
506 2932 592 2988 erate
614 2932 646 2988 et
660 2924 801 3002 vitricus,
816 2924 891 3007 quia
903 2923 1035 3020 tutelam
1049 2924 1101 3021 ⁸ita
1112 2947 1218 3009 gesse-

132 3009 653 3158 iilitlliitrtiiir‘ii
681 3007 1219 3239 effipildiividil'iuiitil*

6 3173 8 3186 ’
132 3177 204 3241 telae
220 3177 430 3242 Bacchanalia
453 3185 552 3241 erant.
636 3185 703 3240 ater
723 3175 993 3240 adoescentulum
1016 3175 1163 3260 adpellat,
1177 3179 1218 3242 Se

126 3283 188 3343 pro
203 3283 282 3345 epra
300 3283 335 3326 eo
349 3264 472 3340 uoniam,
485 3263 536 3326 ubi
551 3264 686 3343 primum
707 3263 913 3338 montebert,
929 3259 951 3292 ¹¹
962 3261 1093 3324 Bacchis
1107 3281 1173 3324 eam
1185 3282 1218 3326 ee

131 3349 333 3410 &adiuturam
364 3346 570 3410 ‘'damnatam
590 3348 663 3424 voti,
679 3346 776 3409 Derim
797 3347 989 3427 deaipaitate,
1011 3347 1163 3410 resolvere
1183 3347 1220 3410 id

130 3433 216 3495 velle
247 3433 359 3494 Decem
372 3431 489 3494 diemm
503 3433 683 3496 castimonia
691 3450 765 3512 opas
775 3451 847 3494 ease.
866 3430 980 3494 decim
995 3430 1045 3493 die
1059 3437 1217 3509 conatam,

241 3597 255 3635 1
265 3606 340 3640 errore
352 3592 421 3638 crea.
432 3591 508 3639 seta
659 3597 704 3640 'et
716 3598 870 3640 recimerem
882 3591 927 3637 dei.
940 3591 1013 3637 Gron.
1024 3589 1093 3636 crea.

308 3659 322 3688 ⁸
332 3661 384 3702 aaut
395 3655 441 3703 del.
455 3656 520 3702 liaed.
649 3649 663 3688 b
674 3662 849 3716 testamentaque
861 3653 955 3714 lireysa.
969 3651 1045 3699 sesa.

162 3811 195 3869 87
212 3811 308 3876 Errare]
327 3814 364 3862 Sic
376 3822 431 3862 vett
442 3815 499 3862 editi
516 3823 540 3862 et
552 3817 602 3863 lis.
614 3817 673 3863 viee
686 3831 735 3864 me-
769 3817 877 3864 Catilina
894 3817 990 3862 eborum
1010 3814 1092 3862 tribuit
1109 3815 1198 3872 cicero,
1218 3829 1247 3863 ex
1266 3815 1379 3864 &dicitas

130 3879 186 3932 liae,
198 3893 269 3938 quam
281 3879 343 3938 quod
360 3893 374 3925 a
386 3879 481 3939 Signnlo
500 3881 617 3941 prolatum
636 3881 736 3927 editores
768 3888 837 3942 atque
848 3881 946 3935 suariis,
959 3895 1001 3941 pro
1013 3879 1075 3926 Mur.
1087 3895 1110 3926 n.
1121 3880 1160 3927 49.

131 3945 385 4064 &girami
397 4006 505 4066 luteilige
520 4008 639 4067 mysteria,
651 4007 736 4066 quibua
762 3941 950 4068 judi-idum]
962 3945 1036 3990 pm
1047 3943 1135 4004 8¹⁸⁰„ss
1147 3942 1287 3990 mmmm
1304 3940 1377 3996 Am,

131 4067 297 4114 initiabantur:
315 4070 513 4129 quemadmodum
529 4085 607 4130 supra,
618 4071 633 4116 i.
646 4069 736 4117 xxxi.
801 4071 834 4117 ⁴2
850 4071 948 4118 Bacchis
959 4086 1008 4118 ears
1019 4086 1043 4118 aa
1054 4065 1209 4126 initiatarum]
1228 4067 1290 4118 Quia
1300 4066 1377 4126 primo

130 4145 149 4176 e.
164 4131 200 4186 14,
209 4147 253 4192 per
265 4134 383 4180 laita'm
394 4133 450 4180 dier.
769 4134 794 4180 id
806 4136 931 4180 sacmrium
944 4133 1082 4180 seminarum
1095 4134 1147 4190 init,
1155 4147 1198 4179 nee
1207 4131 1242 4178 tir
1253 4129 1376 4188 quiequam

161 4195 194 4243 w
212 4197 284 4245 Quen
295 4199 370 4242 rheae
381 4199 467 4242 m
476 4203 499 4244 et
510 4193 565 4257 aar]
584 4197 654 4244 Haud
666 4197 737 4243 dubie
770 4211 798 4244 eo
814 4199 988 4252 admittebatur,
999 4205 1131 4258 propterea,
1148 4196 1213 4254 quael
1233 4191 1376 4239 Baeebamm

130 4267 238 4318 corrupta
250 4263 444 4306 eetroaaniaaoe.
477 4261 609 4306 Gronovius
618 4261 736 4316 emendat,
769 4269 940 4316 saerumeeset‚
954 4261 1052 4307 Bacchis
1070 4260 1157 4307 initiari
1170 4253 1375 4312 dixerunt,quiae

129 4323 213 4378 dm,
229 4323 418 4378 clamoremque
442 4323 554 4380 Clericus,
571 4327 737 4384 strumam,
769 4325 1052 4372 saemiiiicommitteret.
1087 4325 1219 4368 Sidonius.

128 4389 214 4432 etant.
800 4387 832 4436 43
848 4391 985 4438 Dmatam
995 4383 1053 4446 eati]
1074 4385 1127 4432 vid.
1140 4389 1188 4430 nat
1201 4381 1231 4428 ad
1244 4381 1259 4427 l.
1272 4379 1373 4428 xxvii.

161 4449 194 4495 40
209 4449 308 4496 ram..
318 4445 432 4510 .iadieia]
446 4450 520 4497 Falsa
531 4451 666 4506 delationes,
679 4451 736 4497 falsa
768 4465 787 4498 c.
799 4451 838 4498 46.

128 4511 227 4560 erimim
239 4514 263 4558 in
280 4514 384 4560 insontes
395 4515 505 4575 coniecta.
541 4513 593 4560 Non
605 4514 734 4561 absimilem
