3098 4958
456 355 544 420 Llli.
559 353 683 420 XLIV.
713 353 809 419 OAP.
835 355 960 422 XLVI.
1316 357 1380 420 453

123 507 167 572 Q.
182 503 281 569 Fabio
295 503 362 568 filio
376 509 410 566 et
424 503 464 566 L.
480 503 618 567 Lentulo
633 511 665 567 et
680 503 721 570 Ο,
734 503 868 568 Metello
881 525 956 566 cum
968 500 1067 568 literis
1080 503 1216 568 Romam
1230 516 1257 563 u.
1267 515 1296 564 c.
1308 517 1363 563 sas,

121 589 239 668 missis,
254 588 357 674 spolia
365 587 501 674 jacentis
519 588 660 652 hostium
677 589 834 652 exercitus
856 587 1019 674 peditibus
1039 587 1215 666 concessit3
1228 580 1257 627 Ἀ
1269 579 1297 627 ⁰·
1311 580 1363 627 ¹⁶¹²

121 673 284 758 equitibus
297 673 439 758 praedam
453 671 647 758 circumjecti
667 673 743 758 agri,
766 673 844 736 dum
866 694 907 736 ne
930 672 1067 757 amplius
1090 671 1215 736 duabus

121 759 271 822 noctibus
285 767 325 820 a⁰
347 755 458 820 castris
473 756 629 821 abessent.
674 757 748 842 Ipse
763 757 895 842 pmpius
909 777 994 820 mare
1013 756 1054 819 od
1070 757 1215 841 Pydnam

122 851 226 906 casua
246 841 356 906 movit.
400 841 514 904 Beroea
527 841 677 926 primum,
693 841 807 904 deinde
821 841 1055 918 Thessalonica,
1070 850 1102 904 et
1118 841 1214 920 Pella,

122 935 156 990 et
186 927 334 1011 deinceps
362 925 467 988 omnis
495 925 593 988 ferme
621 925 811 989 Macedonia
834 925 919 988 intra
939 925 1074 989 biduum
1096 925 1211 988 dedita.
1226 941 1346 988 uorsus-

123 1011 266 1096 pydnaei,
288 1009 344 1094 qui
358 1008 494 1095 proximi
509 1017 608 1088 erant,
623 1010 766 1073 nondum
781 1010 932 1073 miserant
945 1009 1082 1094 legatos:
1105 1009 1213 1072 multi·
1225 1007 1321 1082 &⁰³¹⁸
1335 1006 1376 1052 ὼ·

122 1096 201 1158 tudo
216 1094 378 1159 incondita
390 1093 530 1179 plurium
545 1093 641 1156 simul
654 1094 809 1178 gentium,
823 1094 990 1178 tmbaque,
1009 1115 1081 1178 quae
1096 1115 1135 1157 ex
1148 1094 1213 1158 scie
1225 1069 1282 1116 dm·

121 1180 198 1264 fuga
212 1180 245 1242 in
260 1201 363 1243 unum
378 1199 448 1242 com
472 1178 543 1242 ulsa
557 1186 634 1256 erat,
647 1179 815 1242 consilium
828 1187 861 1242 et
875 1199 1066 1242 consensum
1077 1179 1213 1242 civitatis

121 1263 323 1350 inpediebat:
346 1283 405 1326 nec
431 1199 546 1328 ciiausae
569 1263 666 1326 modo
729 1271 798 1342 rtse,
822 1263 879 1326 sed
902 1263 997 1326 etiam
1015 1263 1212 1327 inaedilicatoe

120 1357 221 1412 erant.
265 1347 360 1412 Missi
374 1347 479 1411 Milol’
493 1355 526 1410 et
542 1347 684 1411 Pantauc
707 1369 746 1411 us
761 1349 821 1411 sub
835 1369 944 1412 muros
955 1349 995 1410 ad
1008 1348 1212 1432 conloquium

122 1433 261 1511 Solonis,
281 1432 304 1466 ¹·
315 1432 371 1532 qui
396 1431 544 1518 praesidio
570 1439 679 1496 erata:
701 1454 759 1517 per
787 1454 861 1496 eum
890 1433 1046 1496 emittitur
1069 1432 1212 1496 militaris

120 1517 228 1580 turba.
261 1517 414 1602 oppidum
436 1517 580 1580 deditum
594 1516 748 1580 militibus
763 1517 857 1581 datur
871 1517 1094 1602 diripiendum.
1139 1518 1212 1581 Per·
1226 1520 1302 1566 renat
1315 1519 1360 1566 πῆ·

121 1623 207 1678 seua,
229 1601 489 1664 “unatantums
513 1601 739 1665 eBisaltarum
762 1601 870 1665 auxilii
894 1611 1016 1664 tentata
1025 1613 1045 1680 ¹,
1066 1602 1108 1665 ad
1131 1624 1211 1686 quos
1224 1585 1322 1631 “³⁰⁶⁸

120 1686 337 1770 nequidquam
350 1623 520 1750 miseratio
562 1695 623 1765 tos,
642 1685 675 1749 in
699 1688 883 1750 concionem
905 1687 1069 1772 processit,
1092 1687 1211 1772 Philip-
1224 1663 1281 1694 Μ’

120 1793 200 1856 pum
223 1793 330 1834 secum
353 1771 455 1834 lilium
479 1771 520 1834 ha
560 1793 619 1834 ns:
641 1779 679 1834 ut
702 1779 735 1835 et
759 1771 846 1858 ipsos
869 1771 1158 1856 Amphipolitanos,
1180 1781 1213 1835 et

121 1855 266 1938 equitum
280 1855 497 1940 peditumque,
513 1856 568 1940 qui
582 1865 638 1919 aut
652 1877 776 1942 semper
791 1857 902 1936 secuti,
923 1865 980 1920 aut
1002 1857 1080 1940 fuga
1101 1855 1212 1920 eodem

121 1941 217 2004 delati
231 1949 332 2020 erant,
346 1941 543 2005 adhortando
564 1941 584 1974 ⁴¹
597 1941 719 2005 animos
734 1943 935 2006 confirmaret
942 1951 963 2005 ⁸.
1007 1941 1071 2005 Sed
1092 1940 1212 2025 aliquo-

121 2025 203 2124 tiesi
225 2025 327 2124 dicere
351 2025 557 2124 incipientem
581 2047 681 2110 quum
706 2025 843 2124 lacrimae
881 2025 1116 2126 'rupedissentj
1138 2026 1213 2110 quia

121 2109 326 2258 lilith
340 2111 874 2280 tlibiltiftiiitit.
891 2121 956 2257 ”ii
985 2131 1112 2272 titii
1129 2132 1212 2258 tiit

122 2280 164 2342 ad
179 2301 239 2343 con
296 2288 384 2344 ctum
406 2280 489 2366 regis
504 2281 678 2364 fletumque
691 2289 757 2343 tam
771 2279 980 2343 miserabilem
994 2287 1026 2342 et
1040 2279 1110 2364 ipsa
1123 2278 1212 2363 inge·

121 2385 232 2428 muers
321 2365 328 2378 '
383 2373 541 2450 seratque,
555 2365 599 2428 ita
610 2365 751 2428 Evandri
760 2365 933 2428 orationem
944 2363 1209 2448 adspernabaturt

122 2457 156 2512 et
184 2449 312 2534 quidam
334 2449 404 2514 ausi
428 2459 504 2514 sunt
528 2449 631 2514 media
655 2471 695 2514 ex
720 2450 871 2514 concione
892 2448 1097 2527 subclamare,
1119 2449 1210 2511 Abire
1225 2466 1357 2526 Amphipoli

123 2537 203 2613 binc,
218 2556 264 2614 ne,
278 2537 330 2618 qui
337 2537 433 2618 pauci
446 2555 648 2618 upermmtss,
655 2541 786 2618 propter
803 2556 856 2598 voa
869 2554 1038 2616 percomta.
1083 2533 1210 2596 Horum
1222 2531 1278 2577 ‘¹³⁵¹-

122 2619 238 2718 serocia
250 2641 359 2684 vocem
374 2619 515 2684 Evandri
529 2619 652 2684 clausit.
689 2619 717 2720 '⁴⁸
729 2621 798 2683 Rex
815 2619 849 2682 in
858 2630 874 2660 ¹¹
888 2619 1019 2718 domum
1035 2639 1068 2682 se
1081 2617 1210 2703 recepit,

122 2713 721 2875 resurrecturum
737 2703 1211 2886 lauretus-,thuere

121 2874 185 2938 bus
205 2895 238 2972 se
262 2874 456 2938 committere
479 2897 545 2938 non
565 2874 645 2953 ausi,
666 2875 778 2938 domos
800 2875 922 2972 dilapsi,
937 2881 970 2972 et
984 2873 1052 2937 aliae
1067 2873 1211 2970 militans

121 2957 1044 3142 titiffitptittitihssitttmgtttfiuhi
1054 2979 1210 3138 iiiiii

121 3127 212 3212 ginta
226 3127 345 3192 talenta
358 3127 396 3190 tis
411 3128 516 3212 posita
530 3135 607 3192 suut
620 3127 654 3190 in
667 3125 737 3212 ripa
751 3125 936 3212 diripienda.
966 3125 1018 3190 Ab
1032 3125 1091 3188 hac
1106 3125 1210 3208 direp-

121 3211 209 3276 tione
224 3233 324 3296 quum
333 3233 391 3310 per
400 3211 576 3276 tumultum
587 3233 684 3276 naves
692 3211 950 3289 conscenderent,
959 3208 1100 3272 lembum
1108 3229 1210 3271 unum

121 3295 156 3360 in
171 3297 253 3360 ostio
267 3317 368 3360 amma
392 3295 597 3360 multitudine
618 3303 784 3381 gravatum
802 3302 989 3358 merserunt.
1033 3293 1209 3378 Galepsum
1223 3292 1358 3338 camoran-

121 3402 160 3444 eo
175 3379 236 3459 die,
250 3389 378 3465 postero
397 3381 644 3459 Samothracam,
659 3401 755 3464 quam
768 3379 929 3465 petebant,
938 3379 1146 3464 perveniunt:
1169 3377 1210 3440 ad
1222 3371 1334 3466 22:5ss²*

121 3465 143 3498 ‘⁸
152 3463 218 3528 duo
231 3465 330 3528 mihis
342 3464 497 3529 talenthm
512 3473 660 3550 pervecta
674 3487 711 3528 eo
726 3464 885 3528 dicuntur.

165 3549 289 3614 XLVI.
319 3549 459 3628 Paullus,
474 3571 532 3634 per
550 3571 661 3614 omnes
684 3549 806 3614 deditas
831 3548 972 3614 civitates
995 3547 1133 3612 dimissis
1155 3545 1211 3631 qui

250 3722 303 3768 θῶ
316 3721 410 3782 Kreyss.
424 3719 504 3768 Beth.
639 3727 653 3766 Ρ
665 3721 748 3770 liedes
760 3721 855 3781 Kreyss.
889 3721 969 3768 lindos
982 3719 1057 3766 asts.

120 3789 245 3845 αμυσαι
257 3784 351 3846 Kreyss.
362 3784 529 3909 Regium
541 3789 604 3896 mr
614 3787 697 3833 uncti
709 3785 807 3896 cqeiqh
819 3847 913 3908 mm
921 3786 1097 3894 ’Βᾚωανηε
1109 3783 1183 3830 Gron.

152 3991 186 4041 39
205 3993 365 4053 Qslpraesidio
378 3991 442 4056 erat]
461 3995 538 4056 hlsgis
555 3996 658 4056 placeret
672 4009 734 4056 prae·
766 4002 809 4051 est,
828 3995 905 4041 locum
924 3993 1028 4053 auguriis
1044 3999 1210 4039 consecratum.
1243 3989 1295 4034 vid.
1308 4000 1378 4045 supra

119 4061 179 4108 ersi,
196 4058 259 4116 qnod
269 4065 351 4104 monet
362 4057 501 4105 Gronovius.
765 4059 781 4104 l.
795 4059 862 4105 Vlli.
875 4073 894 4104 c.
909 4057 944 4104 14

154 4119 187 4166 40
207 4119 257 4166 llas
276 4127 363 4168 toste·
380 4137 418 4182 spe
437 4123 578 4169 Bisaltarum
593 4123 674 4169 metit
684 4127 733 4170 tes·
798 4123 830 4169 ts
846 4123 896 4169 lies
906 4124 931 4168 is
942 4117 1042 4181 osas]
1060 4119 1155 4166 Gaudet
1167 4115 1247 4162 Livius
1258 4112 1379 4188 prehpere

120 4179 179 4242 loti]
197 4183 261 4242 Lege
272 4198 325 4232 eum
337 4185 420 4231 eodem
432 4185 549 4232 Gronovio
560 4191 654 4232 astuto.
766 4185 941 4246 propositiones
952 4185 981 4231 iis
992 4183 1126 4230 nominibus
1137 4193 1190 4238 quse
1205 4191 1235 4223 ex
1250 4177 1379 4234 vulgatiora

151 4245 183 4294 41
201 4248 294 4294 Am
320 4245 473 4310 eoqfloearst]
499 4249 655 4296 Grouoviansr
681 4247 732 4294 edl·
765 4262 810 4296 usu
829 4263 868 4296 ees
887 4248 1021 4310 repudiant.
1056 4243 1170 4302 Exempla
1191 4239 1278 4300 passim
1299 4253 1379 4284 oecur-

118 4309 204 4367 tloou,
222 4313 385 4370 mut.
418 4311 570 4360 correximus
587 4327 617 4359 es
635 4311 733 4360 vetusti·
765 4319 828 4358 runt.

119 4373 207 4420 oritas.
798 4376 831 4422 44
852 4376 1022 4434 Quinquaginta
1049 4365 1147 4429 labsis]
1177 4367 1263 4414 uus·
1289 4365 1381 4424 argenti

153 4437 185 4482 42
201 4437 238 4484 De
249 4437 330 4498 itsspio
340 4435 467 4500 deseesdit]
482 4439 516 4485 De
527 4439 577 4486 loeo
589 4439 651 4486 unde
660 4453 735 4498 popu·
768 4449 882 4484 nostrates
894 4437 965 4490 4637,
979 4434 1053 4481 uociss
1065 4433 1087 4478 4.

117 4499 169 4546 lum
180 4501 268 4562 alloqui
280 4515 331 4549 mos
343 4509 399 4552 erat.
429 4503 543 4562 Loquitur
553 4517 618 4550 more
630 4503 737 4548 Romsm
801 4503 832 4548 it
849 4501 901 4548 Deo
911 4501 983 4546 ssiiiio
995 4491 1116 4556 tsiestdss]
1129 4495 1215 4542 Marce
1225 4501 1279 4541 sunt
1290 4493 1382 4554 argenti

121 4563 209 4612 Livius.
244 4565 332 4612 Notum
344 4573 380 4612 est
392 4567 477 4612 Rostra
494 4567 599 4626 tenplum
615 4565 694 4618 inissa,
711 4565 736 4611 ld
772 4563 879 4618 illidito.
