3086 4952
430 303 518 368 LIB.
541 303 684 370 XXXV.
714 306 811 372 GAP.
834 307 995 373 XLVIII.
1350 321 1392 382 39

134 447 338 533 invisamque
363 470 432 514 esse
455 451 608 518 annaio
630 453 811 520 credebant
864 457 1071 540 Amynander
1097 479 1228 523 uxorem
1241 475 1269 520 a.
1282 475 1374 522 asoa

133 534 315 619 Apamiam,
337 534 436 598 filiam
460 535 633 600 Alexandri
655 539 821 624 cujusdam
846 539 1118 626 Megalopolitani,
1132 544 1228 608 habe·
1241 539 1268 584 Α·
1281 539 1307 584 ⁰¹
1321 537 1373 586 ¹⁹²

133 617 206 682 hat:
228 617 296 702 qui,
312 640 346 682 se
368 619 539 684 oriundum
560 643 580 684 a
600 623 639 686 M
703 625 917 688 oAlexandro
933 626 1047 704 ferens,
1061 625 1135 688 filiis
1149 629 1228 692 duo-

132 701 194 766 hus
218 703 405 788 Philippum
426 713 521 788 atque
535 705 659 770 Alexan
720 730 763 786 m,
777 717 809 770 et
824 709 896 772 filiae
909 709 1077 794 Apamiam
1098 712 1229 776 nomina

132 787 338 872 inposuerat:
361 810 467 871 quam,
481 790 575 874 regiis
590 789 731 854 inclitam
750 793 881 877 nuptiis,
896 793 996 877 major
1017 815 1055 856 ex
1076 794 1227 860 fratribus

133 871 306 957 Philippus
320 881 449 936 secutus
470 873 504 938 in
519 875 743 938 Athamaniam
756 877 868 940 suerat.
913 878 1021 956 Hunc,
1036 878 1116 942 forte
1137 879 1226 966 inge·

131 956 185 1020 nio
199 977 333 1035 vanum,
347 957 451 1022 AEtoli
464 965 497 1022 et
510 959 690 1024 Antiochus
705 960 737 1024 in
761 961 885 1026 ulerant
899 962 933 1025 in
948 983 1048 1047 spem,
1060 963 1081 994 ⁸⁰
1090 965 1178 1047 quod
1198 965 1226 1028 is

131 1062 204 1104 vere
223 1062 339 1126 rqum
363 1042 471 1127 stirpis
493 1052 586 1122 esset,
599 1044 689 1129 regni
752 1046 960 1124 acedoniae,si
980 1047 1224 1130 Amynandrum

130 1127 393 1210 Athamanesque
406 1127 565 1192 Antiocho
588 1129 813 1213 conjunxisset.
842 1139 874 1194 et
897 1152 934 1194 ea
953 1132 1075 1195 vanitas
1090 1133 1225 1216 promis-

130 1231 242 1274 sorum
252 1212 424 1358 pplnapud
438 1212 623 1298 Philippum
638 1213 744 1293 modo,
760 1215 816 1278 sed
836 1214 931 1279 etiam
952 1217 1037 1300 apud
1058 1217 1224 1302 Amynan-

130 1295 403 1444 mqqzmrpaln
416 1381 536 1444 Achaia
556 1379 668 1467 legatis
681 1382 833 1446 Antiochi
849 1383 1103 1468 AEtolorumque,
1116 1405 1222 1450 coram
1235 1404 1315 1464 tegar

129 1463 169 1526 Τ.
198 1464 364 1543 Quinctio,
387 1466 431 1528 AE
455 1465 473 1478 ''
500 1466 610 1530 datum
633 1475 682 1530 est
705 1467 884 1532 concilium.
926 1467 1077 1532 Antiochi
1099 1467 1380 1554 legetustntioehiet

129 1548 228 1632 prior,
240 1569 341 1696 quam
355 1550 434 1614 AEto
447 1549 467 1628 ',
492 1559 541 1614 est
561 1551 699 1616 auditus.
743 1551 788 1631 Is,
810 1560 847 1616 ut
870 1551 1023 1638 plerique,
1044 1575 1124 1636 quos
1146 1575 1222 1638 opes
1234 1533 1380 1644 ffffffl,

128 1633 226 1718 regiae
271 1641 342 1713 unt,
354 1633 553 1718 vaniloquus,
566 1635 665 1700 maria
673 1644 832 1720 terrasque
842 1637 929 1701 inani
937 1637 1044 1702 sonitu
1054 1639 1222 1704 verborum

129 1717 312 1803 complevit.
355 1721 503 1802 Equitum
515 1721 762 1784 innumerabilem
781 1723 843 1786 aim
864 1723 968 1804 trajici
982 1723 1175 1804 Hellesponto
1188 1727 1222 1788 ia

129 1803 300 1885 Europam,
316 1807 436 1885 partim
451 1806 605 1883 arinates,
623 1825 696 1888 qsaos
720 1809 933 1886 cataphractos
956 1814 1084 1880 aarum
1100 1811 1221 1890 partim

127 1889 254 1969 umaro
274 1909 314 1952 aa
333 1909 408 1970 equo
431 1896 558 1968 alentes,
572 1897 612 1968 et,
625 1911 646 1954 a
671 1911 727 1972 qao
751 1893 830 1954 reittl
848 1893 926 1955 satia
940 1893 1011 1956 teeti
1033 1895 1085 1970 ait,
1100 1914 1221 1957 warns

127 1971 297 2054 mente
310 1993 384 2054 equa
398 1974 656 2056 catiasfiyeates.
701 1974 763 2038 His
782 1975 981 2058 equestribus
996 1975 1095 2062 copiis
1110 1999 1221 2075 quam·
1291 2009 1296 2022 ·

128 2077 228 2140 quam
242 2057 293 2120 vel
307 2057 405 2122 tatius
421 2058 560 2156 Emupae
576 2059 731 2124 exercitus
746 2059 780 2124 in
801 2083 902 2124 unum
924 2061 1024 2124 coacti
1039 2061 1131 2126 obrui
1145 2083 1221 2160 pos·

129 2149 214 2218 sent,
242 2141 407 2226 adjiciebat
433 2143 625 2228 multiplices
650 2144 757 2241 copias
786 2145 940 2230 peditum,
967 2153 999 2208 et
1037 2146 1221 2209 nominibus

128 2247 262 2310 quaque
277 2227 417 2310 gentium
438 2227 491 2292 vix
514 2227 609 2292 fando
632 2229 749 2292 auditis
769 2230 926 2294 terrebat:
948 2230 1069 2308 Dahas,
1094 2231 1221 2310 Medos,

129 2309 359 2394 Elymaeosque
373 2311 619 2412 etCaddusios⁸
642 2312 814 2412 adpellsns.
856 2315 1023 2376 Nacoliam
1042 2333 1113 2375 vero
1140 2317 1222 2394 copi-

128 2416 323 2544 mli
335 2397 1222 2563 “atttttmttttttttttlttttttt

128 2571 254 2638 tenere,-
275 2573 465 2647 pasycrates
480 2567 569 2630 nulla
582 2587 723 2648 anquam
744 2587 798 2630 nec
821 2571 899 2645 arte,
913 2587 969 2631 nec
981 2569 1094 2631 virtute
1117 2570 1221 2632 navali

125 2656 307 2732 marm.
348 2652 421 2714 Jam
439 2652 693 2732 praedandam
711 2653 788 2715 alim
810 2652 879 2716 belli
902 2653 1071 2733 adparatra
1094 2653 1220 2734 referre,

125 2754 382 2815 ammonam
396 2755 470 2800 cese.
498 2737 578 2800 scire
591 2737 683 2816 ipson
698 2737 866 2800 abundasse
880 2757 997 2818 seraper
1011 2738 1109 2800 aarob
1124 2757 1220 2820 repna

125 2821 221 2884 Acie.
265 2820 375 2902 ltaque
395 2840 456 2884 non
478 2839 546 2884 aem
558 2821 711 2902 Pldlr’ppa,
733 2841 788 2884 nec
800 2822 974 2884 Hannibale
995 2841 1061 2884 rem
1076 2821 1220 2902 firtaram

125 2904 288 2981 Romania
306 2905 449 2986 primite
471 2905 589 2968 alteroe
610 2907 754 2983 ciuitatis,
769 2905 866 2968 altero
888 2906 1077 2968 Macedonia
1101 2912 1220 2970 tantam

126 2991 213 3070 repat
219 2987 339 3069 finibus
353 2991 489 3062 instram
509 2990 565 3052 aad
577 3009 643 3054 atra
655 3005 764 3072 acaprio
777 2991 967 3088 Aeiautotias
983 2991 1144 3088 partisque
1153 2991 1221 3089 lla·

125 3073 1221 3240 &rotaithm‘ttttttttltttttttttttltt

119 3241 199 3320 fidu
225 3261 333 3310 aarum
355 3243 499 3308 adrasus
512 3245 675 3322 Roaiam
682 3245 805 3324 priores
818 3244 915 3306 aanor
928 3249 1018 3324 atque
1032 3244 1154 3320 aanor,
1170 3245 1220 3306 ta-

126 3326 231 3390 datar.
277 3327 349 3390 Noa
362 3329 452 3406 erum,
466 3333 501 3390 at
514 3348 615 3394 seatm
627 3329 772 3392 adnerotes
781 3347 832 3390 eos
856 3348 943 3390 arrna
965 3327 1098 3408 comat,
1111 3329 1168 3392 aed
1185 3333 1220 3390 at

126 3412 229 3474 matri
239 3413 330 3492 parti
343 3431 407 3476 aare
421 3412 612 3494 annuarum,
624 3419 737 3493 petere.
780 3414 893 3474 Paean
900 3413 1020 3492 atriqae
1027 3413 1127 3492 parti,
1141 3411 1223 3492 qiud

126 3496 245 3560 aedos
258 3495 362 3560 decem
376 3497 499 3575 amnas,
517 3503 639 3578 optent.-
663 3497 738 3560 lello
760 3517 793 3560 se
810 3515 870 3559 noa
883 3497 1085 3577 interponant.
1129 3497 1219 3560 Idem

126 3579 224 3644 tame
242 3588 275 3646 et
293 3579 476 3646 AEtolomm
500 3581 624 3666 legatus
637 3580 850 3646 Archidamus
873 3579 975 3665 petiit,
988 3588 1036 3658 ut,
1050 3600 1122 3662 quae
1134 3579 1220 3642 facil-

126 3663 200 3728 lima
224 3671 262 3728 et
285 3663 445 3730 mtissima
468 3673 561 3745 esset,
584 3665 723 3750 quietem
745 3671 942 3751 praestarent,
966 3670 1220 3748 spectatoresque

126 3747 199 3814 belli
213 3750 419 3814 fontanarum
433 3749 605 3814 dienmm
615 3757 764 3814 eventum
775 3749 843 3812 sine
852 3747 918 3812 ullo
927 3747 1105 3812 discrimine
1114 3769 1220 3812 rerum

127 3855 259 4004 aa
535 3831 1221 3983 „senseresensere

1037 4133 1047 4164 2

255 4215 269 4242 ⁸
281 4211 399 4266 caasa
411 4217 437 4256 et
446 4211 480 4256 rio
491 4209 559 4265 intra,
572 4209 668 4270 Kreyss.
680 4210 755 4256 aest.
828 4204 910 4256 brrrero
920 4225 1006 4270 anper
1019 4209 1096 4256 Bella

526 4274 603 4321 ⁰add.
613 4275 680 4322 antu
693 4273 787 4333 Kreyas.
801 4272 876 4320 neat.

161 4377 191 4422 tt
209 4377 314 4426 Quadis
336 4389 387 4422 aare
411 4389 489 4436 regua
505 4375 585 4435 stirpis
602 4371 672 4431 erret]
698 4371 741 4418 llls
773 4372 830 4433 llppl
855 4387 942 4426 errore,
961 4381 985 4418 et
1007 4373 1038 4418 ad
1059 4372 1232 4430 quaternam
1250 4371 1321 4420 urbs
1340 4385 1383 4420 sua

133 4441 204 4486 serbis
219 4455 266 4486 non
286 4453 323 4485 res
342 4439 480 4496 affirmatur,
491 4438 531 4484 ed
548 4437 647 4484 retertur
666 4449 742 4484 sermo
774 4436 1006 4483 accommodandum.

135 4501 261 4550 Etolnrnm
272 4511 297 4550 et
309 4501 422 4550 Antiochi
434 4501 580 4549 abutentium
592 4501 677 4548 misero
687 4499 742 4547 Phi-
