3118 5002
635 1420 685 1500 T.
727 1415 869 1498 LIVII
908 1413 1191 1496 PATAVINI

761 1637 902 1702 LIBER
933 1635 1065 1701 XLIII.

211 2009 268 2055 UO
289 2005 343 2054 ⁶⁸¹·
373 2002 507 2068 Eanau
524 2007 644 2079 aesuu,
665 2021 729 2084 qua
747 2000 781 2064 in
801 2002 963 2066 Thessalia
987 2001 1144 2086 ¹equestri
1159 2023 1268 2086 pugna
1278 2000 1382 2066 vicere
1400 2004 1466 2066 Ro-

210 2071 344 2182 ggfflgh
373 2087 469 2165 mani,
491 2087 644 2172 'legatus
663 2085 696 2148 in
723 2085 884 2184 illyricum
905 2108 924 2151 a
945 2087 1075 2150 consule
1090 2087 1215 2164 missus,
1230 2086 1385 2170 opulenta
1399 2089 1465 2150 duo

211 2200 313 2260 myrteo.
373 2173 491 2258 oppida
504 2172 536 2234 vi
550 2179 644 2254 atque
659 2192 754 2234 armis
769 2171 872 2256 coegit
886 2171 920 2236 in
934 2171 1125 2234 deditionem
1137 2195 1144 2233 =
1168 2171 1336 2254 omniaque
1350 2172 1391 2234 iis
1407 2195 1466 2236 sua

374 2256 539 2337 concessit,
550 2268 588 2321 ut
601 2255 750 2342 opinione
765 2256 939 2320 elementiae
954 2277 1018 2334 eos,
1032 2257 1088 2338 qui
1099 2255 1294 2320 Carnuntem
1303 2257 1466 2320 munitam

373 2344 485 2408 urbem
504 2342 694 2420 incolebant,
713 2343 870 2406 adliceret.
904 2349 1073 2439 postquam
1097 2361 1167 2418 nec,
1185 2347 1222 2402 ut
1243 2340 1397 2404 dederent
1421 2364 1466 2420 se,

373 2427 570 2512 compellere,
595 2447 697 2509 neque
720 2448 831 2510 cepere
853 2425 1027 2490 obsidendo
1045 2432 1188 2510 poterat3
1210 2446 1250 2488 ne
1265 2424 1392 2488 duabus
1409 2426 1467 2488 ob-

372 2510 622 2608 pugnationibus
637 2510 851 2606 nequidquam
865 2511 1015 2594 satigatus
1032 2510 1122 2574 miles
1144 2517 1237 2587 esset,
1258 2509 1358 2592 'quas
1373 2511 1466 2594 prius

210 2603 284 2650 cunt
297 2603 350 2650 css
372 2601 507 2658 intactas
530 2593 625 2656 urbes
647 2591 825 2674 reliquerat,
850 2594 991 2679 diripuit.
1034 2595 1124 2660 Alter
1147 2595 1258 2657 consul
1276 2593 1314 2658 C.
1331 2594 1465 2658 Cassius

210 2682 247 2714 “¹
257 2675 336 2727 ⁸²⁸¹*
372 2677 480 2742 necin
496 2675 609 2752 Gallia,
624 2695 719 2759 quam
735 2677 866 2740 sortitus
881 2687 958 2756 erat,
975 2679 1177 2742 memorabile
1198 2679 1373 2762 quidquam
1393 2702 1467 2764 ges·

373 2761 432 2824 sit:
454 2769 486 2824 et
507 2781 564 2844 per
586 2759 749 2843 Illyricum
775 2761 888 2826 ducere
912 2762 1052 2846 legiones
1074 2763 1107 2826 in
1136 2763 1357 2826 Macedoniam
1380 2786 1466 2828 vano

372 2844 499 2944 incepto
513 2851 561 2908 est
575 2851 717 2908 conatus.
754 2845 939 2930 Ingressum
954 2847 1015 2910 boc
1028 2847 1088 2910 iter
1102 2849 1263 2910 consulem
1278 2856 1411 2911 senatus
1428 2871 1467 2912 ex

373 2929 623 3015 Aquileiensium
638 2929 749 3014 legatis
764 2931 929 3014 cognovit:
945 2931 1010 3014 qui,
1024 2941 1190 3016 querentes
1206 2932 1360 2994 coloniam
1372 2954 1466 2996 suam

374 3037 489 3080 novem
515 3023 547 3079 et
570 3013 739 3094 infirmam,
763 3015 898 3079 necdum
926 3015 1002 3078 satis
1026 3017 1192 3096 munitam,
1220 3017 1303 3080 inter
1332 3017 1466 3080 infestas

374 3101 518 3166 nationes
534 3099 689 3164 Istrorum
704 3109 737 3162 et
752 3099 931 3184 Illyriorum
943 3121 1021 3177 esse,
1036 3123 1136 3184 quum
1150 3110 1305 3186 peterent,
1320 3111 1358 3164 ut
1373 3123 1467 3166 senu-

374 3194 427 3248 tus
443 3207 526 3248 curae
541 3183 681 3262 haberet,
696 3185 854 3267 quomodo
869 3207 905 3246 ea
920 3184 1041 3247 colonia
1060 3186 1246 3264 muniretur,
1269 3185 1466 3270 Interrogati,

374 3270 530 3331 vellentne
545 3289 614 3329 earn
628 3289 695 3329 rem
711 3267 748 3330 C.
765 3269 875 3331 Cassio
891 3268 1013 3332 consuli
1027 3269 1170 3332 mandari
1182 3273 1196 3334 l
1219 3271 1466 3355 responderunt,

375 3351 532 3426 Cassium,
547 3351 724 3447 Aquileiam
739 3351 857 3415 indicto
872 3353 1020 3431 exercitu,
1035 3355 1211 3451 profectum
1224 3376 1282 3439 per
1298 3354 1466 3439 Illyricum

373 3433 408 3498 in
424 3433 645 3497 Macedoniam
664 3455 742 3497 esse.
787 3435 836 3498 Ea
849 3459 898 3500 res
913 3437 1016 3534 primo
1036 3439 1227 3502 incredibilis
1241 3439 1325 3502 visa:
1349 3450 1382 3502 et
1405 3463 1464 3525 pro

375 3539 409 3581 se
424 3518 558 3602 quisque
573 3519 708 3596 credere,
724 3518 837 3583 Carnis
851 3521 983 3584 forsitan
999 3532 1054 3585 aut
1070 3522 1162 3586 Istris
1177 3523 1296 3586 bellum
1316 3524 1465 3588 inlatum.

373 3603 458 3666 Tum
472 3601 700 3685 Aquileienses,
715 3603 794 3666 nibil
810 3625 843 3667 se
857 3605 941 3668 ultra
964 3607 1053 3684 scire,
1072 3629 1130 3670 nec
1151 3608 1265 3671 audere
1286 3608 1464 3688 adfirmare,

374 3709 470 3770 quam
483 3687 613 3785 triginta
627 3687 748 3751 dierum
764 3688 959 3751 frumentum
973 3690 1065 3752 militi
1081 3692 1211 3770 datum3
1233 3702 1265 3755 et
1284 3693 1392 3772 duces,
1409 3695 1465 3777 qui

374 3793 413 3834 ex
429 3771 520 3834 ltalia
534 3771 646 3834 itinera
668 3772 701 3834 in
720 3773 940 3835 Macedoniam
963 3782 1104 3853 nossent,
1126 3777 1320 3859 conquisitos
1343 3779 1465 3842 abduc-

374 3863 497 3939 tosque.
525 3855 696 3919 Enimvero
708 3865 836 3918 senatus
847 3857 1013 3941 indignari,
1027 3866 1153 3922 tantum
1163 3861 1325 3924 consulem
1337 3883 1464 3942 ausum,

374 3949 411 4002 ut
436 3961 525 4002 suam
548 3939 740 4023 provinciam
762 3939 962 4024 relinqueret,
982 3941 1016 4005 in
1037 3943 1170 4006 alienam
1184 3946 1349 4024 transiret;
1376 3969 1465 4010 exer-

243 4125 255 4174 I
274 4127 380 4186 Equestrs'
395 4139 472 4185 pugno
486 4127 559 4171 cleers
571 4121 675 4184 Romani]
695 4125 754 4170 Vlcti
766 4125 816 4170 Iue-
881 4127 896 4172 2
914 4125 1013 4186 &gatus
1030 4129 1054 4173 iss
1071 4127 1188 4188 Illyricam
1200 4161 1205 4174 .
1218 4161 1225 4176 .
1236 4159 1244 4176 .
1255 4126 1348 4191 ssissm]
1369 4131 1464 4177 Excidit

209 4199 263 4236 rsnt
275 4189 374 4237 Romani
391 4205 418 4236 eo
430 4189 509 4247 praelio
524 4188 586 4246 quod
604 4188 742 4233 describitur
754 4203 773 4234 c.
787 4189 818 4236 bb
850 4203 934 4234 nornen
946 4189 1024 4248 legati.
1057 4191 1110 4237 Non
1127 4193 1227 4238 absurde
1244 4194 1375 4252 suspicatur
1395 4197 1463 4254 Sigo-

208 4255 262 4300 libri
284 4253 449 4314 precedentis:
478 4252 606 4311 superiores
625 4250 689 4296 suere
709 4265 737 4297 eo
756 4253 817 4310 quod
850 4253 903 4297 nius
924 4255 952 4302 Q„
974 4253 1078 4300 Muclum
1098 4255 1177 4311 luisse,
1198 4257 1227 4301 de
1246 4272 1292 4316 quo
1314 4259 1386 4316 paulo
1408 4269 1464 4304 ente

209 4317 309 4363 resermr
317 4317 382 4364 etse.
402 4317 483 4376 Itaque
495 4316 551 4374 legit
560 4315 704 4360 GronovIus:
722 4317 819 4376 equestri
851 4317 938 4362 mentio
950 4317 1010 4362 secta
1021 4327 1056 4362 est
1067 4325 1172 4364 extremo
1183 4320 1243 4365 libro
1255 4319 1332 4366 xttt.

206 4395 285 4441 pugno
294 4379 746 4440 pressissetdetndestoereltomt
773 4379 818 4424 Sed
882 4379 977 4429 sosas
994 4383 1058 4440 prius
1080 4383 1178 4428 intectas
1199 4381 1278 4443 urbes]
1302 4384 1375 4439 Olim,
1396 4401 1463 4446 quase

209 4457 281 4502 quum
293 4445 356 4502 prlor
366 4457 445 4503 pugne
456 4443 529 4502 maior
543 4442 617 4487 multo
627 4441 755 4502 ciarIorque
768 4441 818 4488 iue·
847 4445 913 4503 prius
928 4446 1034 4490 muctam
1045 4446 1130 4492 urbest.
1163 4445 1272 4506 Sigonius
1286 4450 1395 4506 mutavit,
1408 4451 1463 4508 quis

209 4507 246 4560 rit.
267 4521 337 4565 quem
359 4507 479 4565 posterior.
496 4505 612 4551 credimus
629 4505 721 4552 Livium
742 4507 819 4564 potius
851 4507 897 4553 duo
908 4507 1179 4567 oppidsesptaiirsrsnt.

207 4568 333 4627 scripsisse,
349 4571 448 4630 equestri
456 4583 535 4630 mss
544 4571 598 4618 steti
610 4565 679 4629 sem
690 4570 791 4616 mass.

304 4653 378 4712 (ess)
