3108 4982
544 289 631 354 LlB.
655 289 728 354 XL.
759 288 854 352 CAP.
878 288 935 352 LI.
1341 293 1404 354 289

146 439 218 504 lotis
233 459 394 524 pugnasse
403 462 413 516 ;
439 437 558 502 multos
572 437 732 520 utrimque
746 435 905 516 cecidisse,
933 437 955 468 '⁰
967 457 1025 500 uec
1042 437 1129 501 uliud
1148 461 1236 524 mog·
1251 458 1278 504 u.
1289 457 1316 504 c.
1330 457 1383 511 oro

146 545 275 608 nopere,
291 545 332 586 ne
347 522 447 586 victos
459 522 611 600 crederes,
618 521 728 584 fecisse
740 523 901 616 Romanos
908 531 930 599 ⁸,
942 521 1003 584 nisi
1012 523 1098 606 quod
1108 532 1235 606 postero
1250 522 1278 568 A.
1291 523 1317 568 ⁰·
1333 521 1383 574 ¹⁷9·

147 609 197 672 die
217 607 413 672 lacessierint
432 606 544 690 proelio
563 605 754 670 ⁸¹monentes
779 605 1033 684 intra'vnllum·;
1055 607 1156 691 spolia
1179 629 1237 693 per

146 701 253 756 totum
267 691 351 754 diem
366 691 539 774 legerint&
571 689 665 753 tertio
685 690 735 753 die
754 690 865 836 zroelio
886 693 1003 774 majore
1021 690 1135 754 iterum
1153 715 1236 776 pug-

148 785 280 854 netum3
306 785 339 838 et
360 784 431 838 tum
456 775 585 838 demum
609 775 695 837 houd
717 774 761 836 du
784 774 812 836 ie
836 773 936 837 victos
960 775 1146 853 Celtiberos,
1168 799 1235 840 ees·

147 869 259 944 troque
273 881 383 924 eorum
394 867 488 944 eapte
500 866 532 922 et
547 859 669 942 direpte
681 879 758 922 esse.
780 858 903 942 Viginti
914 859 978 921 duo
989 859 1234 924 milliohostium

147 967 185 1008 eo
206 945 256 1008 die
277 965 346 1006 esse
363 965 455 1021 caese,
469 943 543 1028 plus
555 951 712 1006 trecentos
731 950 857 1026 captos:
880 964 988 1027 parem
1003 944 1066 1006 lere
1080 966 1235 1028 equorum

147 1050 335 1108 numerum3
351 1027 482 1112 etsigns
491 1027 637 1090 militaris
646 1027 848 1112 septuaginta
858 1027 932 1090 duo.
948 1027 1022 1090 inde
1033 1028 1234 1108 debellatum,

147 1113 169 1148 '¹
180 1134 348 1196 verumque
363 1133 484 1197 pacem,
498 1133 563 1175 non
578 1111 673 1189 fluxo,
687 1119 822 1189 utente,
837 1112 910 1190 lide,
926 1111 1100 1176 Celtiberos
1114 1114 1234 1178 fecisse.

145 1197 269 1262 Eadem
287 1206 398 1260 aestute
421 1205 454 1260 et
476 1196 515 1259 L.
538 1195 738 1259 Postumium
762 1195 796 1258 in
829 1195 986 1280 Hispanis
1014 1196 1161 1261 ulteriore
1184 1200 1234 1262 bis

145 1303 220 1346 eum
237 1281 380 1379 Voceaeis
395 1279 517 1378 egregie
537 1301 696 1377 pugnasse
716 1279 870 1396 scribunt.
893 1280 934 1342 sd
952 1279 1083 1364 triginta
1096 1290 1129 1345 et
1142 1283 1234 1407 qums·

145 1364 1235 1547 turritustietestamentariuma

147 1541 544 1682 ωὖῗιΐηξὲξξὲῐῦἷίεεῖἰ
551 1555 721 1682 {iirecrtseidie
729 1625 875 1716 senatum
883 1617 1038 1716 legerunt.
1052 1617 1233 1716 f⁶priueeps
1248 1634 1361 1683 censore·

144 1703 286 1768 electus²
307 1713 356 1768 est
370 1703 438 1788 ipse
453 1723 565 1767 censor
580 1703 629 1766 M.
644 1703 796 1768 AEmihus
812 1704 858 1768 Le
883 1703 955 1768 idus
969 1704 1113 1789 pontifex
1135 1705 1235 1768 maxi·
1247 1698 1330 1757 legunt

143 1810 234 1854 mus:
250 1797 315 1852 tres
325 1789 417 1874 ejecti
431 1789 470 1852 de
486 1795 608 1852 senatu.
624 1787 755 1852 retinuit
766 1810 847 1872 quos
871 1809 921 1850 am
936 1788 1079 1872 Lepidus
1089 1789 1235 1876 ooollegs
1248 1763 1368 1810 ΨΜ·

167 1874 334 1938 raeteritos.
379 1873 488 1958 Opera
509 1894 549 1936 ex
569 1872 705 1956 pecunie
729 1872 890 1936 adtributo
913 1871 1076 1956 divisaque
1096 1874 1179 1938 inter
1201 1897 1235 1939 se
1248 1873 1326 1950 ⁰90¹}

142 1895 213 2022 Laec
227 1959 442 2022 coniecerunt.
487 1957 630 2042 Lepidus
653 1957 770 2020 molem
794 1957 835 2019 ad
848 1956 1061 2036 Terracinam,
1074 1958 1235 2057 ingratum
1247 1938 1345 1998 pum*

143 2064 238 2127 opus,
260 2043 348 2128 quod
372 2042 493 2128 praedia
516 2041 654 2106 habebat
678 2041 733 2120 ibi,
757 2041 777 2073 '¹
785 2041 1004 2126 privatumque
1029 2043 1166 2126 pubheae
1189 2044 1235 2108 rei

142 2127 313 2212 inpensum
328 2127 511 2213 inposuerat
518 2127 536 2191 ¹.
579 2125 601 2158 ⁸⁸
614 2127 788 2190 Theatrum
803 2133 837 2190 et
857 2125 1060 2212 proscenium
1081 2127 1122 2190 ad
1135 2129 1235 2214 Apol-

180 2301 337 2360 ⁸ssogsoporo
349 2302 440 2349 sirloros
445 2298 521 2363 foisse
533 2301 651 2355 huonon
661 2301 734 2347 Gron.
847 2304 985 2347 ⁸osososslos
997 2301 1059 2346 istro
1067 2301 1149 2347 oolloss
1160 2303 1240 2360 prelio

143 2363 292 2410 loosssiorissl.
305 2365 376 2410 Gron.
390 2366 457 2413 Crer.
625 2359 639 2396 b
650 2365 731 2426 legisse
751 2363 815 2412 tet
997 2365 1130 2410 eiosuirsusss
1143 2364 1209 2412 lind.

144 2421 160 2459 ‘¹
174 2441 313 2488 expugnem
327 2427 401 2476 Bell.
477 2429 571 2478 ‘lectur
583 2427 678 2489 Kreyss.
692 2428 769 2476 lielsk.
864 2421 987 2474 limmat
999 2427 1072 2474 Grou.
1082 2427 1149 2476 Cres.
1162 2429 1238 2476 Bell.

144 2492 276 2538 inseruerat
290 2491 385 2552 Kreyss.

177 2641 211 2688 80
227 2643 374 2691 'Nacolisd
383 2658 522 2704 ngoopors,
533 2645 639 2692 semotos
646 2645 755 2701 medens,
789 2643 859 2694 Quod
876 2657 918 2690 rur
937 2651 1053 2690 molstum
1072 2641 1151 2698 luerit,
1162 2651 1224 2691 uerte
1243 2644 1322 2706 aliquo
1340 2647 1399 2693 rstio

135 2701 224 2768 fioim
245 2705 366 2768 Rosoosos]
393 2707 443 2754 Nee
460 2709 523 2754 uiuo
542 2708 590 2754 lere
608 2707 689 2754 serisso
707 2709 755 2754 llo-
788 2709 855 2754 reddi
867 2707 980 2755 debuerst
991 2709 1020 2754 sb
1038 2709 1235 2756 emendatoribus.
1270 2709 1343 2756 Nobis
1359 2711 1400 2756 ills

143 2784 233 2825 munos,
253 2773 315 2817 unde
334 2781 446 2831 oppsreot
464 2785 503 2817 eos
522 2785 568 2818 non
587 2771 657 2818 luisse
676 2771 755 2818 victos.
788 2773 888 2818 mutatio
905 2772 1035 2818 necessaris
1052 2772 1123 2818 luisse
1141 2787 1188 2819 nou
1207 2772 1307 2818 videtur.
1341 2773 1399 2818 8η-

142 2833 244 2886 flotus
255 2835 294 2881 bie
304 2835 367 2881 loeus
378 2835 536 2880 mirensium
554 2835 579 2881 in
595 2836 691 2882 modum
703 2835 757 2882 lux·
789 2836 835 2882 eorl
848 2843 903 2880 sunt
913 2835 991 2894 populi
1003 2836 1034 2881 sd
1046 2835 1146 2882 Durium
1160 2850 1262 2891 ornnem,
1275 2837 1315 2895 qui
1326 2849 1341 2882 s
1353 2837 1400 2882 l’ll·

142 2905 232 2944 struet
249 2898 391 2945 tlel'ormstus
411 2909 462 2944 erot
481 2899 506 2944 in
519 2899 659 2946 Gemanica
675 2913 756 2944 esem·
790 2899 830 2944 nio
842 2899 940 2956 aliisquo
951 2906 1117 2943 memorentur.
1200 2917 1207 2928 ·

142 2961 213 3020 plari.
246 2963 283 3008 Sic
295 2975 379 3021 nempe
390 2977 415 3008 se
431 2963 540 3016 bsbebot,
552 2969 610 3008 teste
622 2963 755 3008 Gronovius
821 2961 853 3007 88
871 2961 970 3006 'Fidell
985 2957 1115 3020 concordio]
1142 2961 1178 3006 Es
1194 2962 1325 3017 oonoordlo‚
1347 2977 1400 3022 qua

142 3040 186 3070 osee
208 3025 273 3072 aliud
293 3041 425 3087 oropooporo
448 3027 536 3073 tortior
557 3027 660 3074 crederes
680 3023 756 3084 ssisso
788 3027 897 3086 probaret
908 3037 947 3070 eos
959 3025 1020 3068 bono
1031 3023 1078 3068 lide
1090 3023 1114 3068 in
1125 3024 1224 3082 grstiom
1236 3025 1339 3072 rediisse.

142 3087 366 3149 Roaonoefflisiqol
375 3091 756 3149 posterodo'eoroessieristososen-
821 3087 853 3135 88
870 3088 978 3146 Princeps
988 3087 1071 3132 sltem
1081 3083 1128 3148 est]
1146 3087 1198 3133 lmo
1209 3088 1278 3134 holos
1289 3095 1330 3136 sot.
1362 3090 1400 3137 blo

143 3159 179 3198 les
193 3154 275 3210 pmiio
291 3155 363 3212 spolio
380 3156 443 3200 iutro
459 3154 542 3200 oollam
559 3168 600 3212 psr
618 3159 687 3200 totssr
699 3155 757 3200 diem
789 3153 853 3199 enim
864 3151 928 3210 loqui
941 3150 999 3196 solet
1012 3149 1099 3198 Livius.

143 3215 244 3276 legisset.
283 3216 424 3263 Emendatio
446 3217 566 3272 Gronovii,
589 3217 664 3271 nobis,
686 3225 713 3262 ut
734 3225 758 3262 et
822 3215 853 3269 87
871 3215 1030 3275 Priootosoqse
1040 3216 1181 3274 publicaret
1199 3217 1320 3276 busson
1336 3218 1399 3263 lors-

143 3279 244 3332 clerieo.
265 3279 291 3326 in
313 3288 448 3327 contextum
472 3280 618 3326 admittendo
641 3281 690 3326 viss
712 3289 755 3334 est,
787 3277 850 3337 orot]
878 3279 945 3338 Legit
965 3277 1096 3324 Gronovius
1115 3276 1254 3339 injusoorot,
1266 3294 1312 3340 quo
1330 3283 1400 3328 verbo

143 3357 219 3402 quum
230 3351 253 3388 et
271 3358 365 3390 sensum
383 3345 498 3404 optimum
510 3345 603 3398 efficiet,
615 3358 658 3390 nec
676 3343 756 3404 procul
789 3343 898 3389 delectori
911 3341 1004 3388 Livium
1016 3343 1131 3390 obserrst.
1165 3343 1263 3404 Propius
1279 3345 1370 3391 obesset
1386 3359 1400 3391 s

143 3407 243 3452 obludst
254 3421 268 3452 s
279 3407 364 3454 veteris
375 3408 494 3466 scripturos
506 3407 617 3466 vestigiis.
789 3407 875 3466 scripto
894 3407 994 3452 lectione
1011 3408 1154 3466 lmpoosorot.
1188 3407 1275 3454 Sensus
1286 3416 1336 3454 est:
1354 3409 1400 3454 lm·

178 3469 206 3516 lll
226 3469 345 3518 Moenus
356 3467 523 3531 introoollrsos]
541 3471 672 3517 Celtiberos
678 3472 759 3531 prelio
791 3485 895 3530 pensam,
907 3484 959 3529 qu·
977 3471 1071 3516 eederet
1087 3470 1112 3516 ln
1131 3470 1249 3531 priostum
1267 3473 1318 3531 ejus
1336 3485 1400 3518 oons-

143 3535 287 3580 loressioriot
299 3534 406 3580 Bomoni.
791 3535 894 3586 modum,
905 3548 919 3579 ι
931 3531 1050 3593 republica
1060 3534 1169 3580 sustineri
1177 3535 1286 3593 iusserit.

177 3596 210 3642 82
230 3597 352 3658 nmque
368 3613 445 3657 pooesr
526 3597 649 3645 Celtiberos
659 3593 756 3657 serisso]
821 3597 853 3644 88
872 3597 993 3643 lbootrsn
1014 3603 1037 3642 ot
1060 3600 1200 3656 prosoniuss
1220 3601 1252 3645 orl
1273 3595 1399 3660 Apollinis]

144 3660 262 3718 Reposuit
274 3659 471 3721 Sigoniusseoioss
483 3658 613 3722 prosumo
791 3662 842 3708 lloe
860 3675 907 3706 non
927 3667 990 3706 tsret
1008 3659 1151 3706 difficultate.
1185 3661 1313 3710 'l'beotrum
1327 3664 1400 3717 enim.

178 3723 210 3770 88
227 3723 260 3771 Et
271 3722 507 3786 oostrooppogssosos]
527 3725 589 3784 Lege
600 3739 654 3772 eum
665 3725 757 3772 Grono·
789 3725 851 3783 quod
871 3722 1006 3782 poliendum
1025 3723 1078 3770 slbo
1096 3723 1185 3771 locotus
1203 3739 1218 3772 s
1236 3741 1339 3782 oensore,
1352 3741 1400 3774 non

143 3787 341 3849 rioeopugsosso.
789 3788 882 3834 ridetur
900 3785 970 3832 luisse
988 3787 1162 3846 temporsrium.
1195 3789 1227 3835 At
1238 3797 1328 3836 oonstst
1344 3799 1400 3836 tune

177 3850 210 3898 84
226 3851 323 3912 Propius
333 3867 384 3898 ooro
394 3855 515 3908 solurius
528 3855 551 3900 is
560 3854 697 3914 prwioeioso
704 3867 758 3912 prr·
790 3850 901 3911 temporis
913 3851 1003 3896 nullum
1015 3849 1086 3898 luisse
1097 3851 1215 3899 theutrum
1228 3853 1399 3900 Rom-stabile

143 3911 243 3974 misse]
261 3915 315 3962 Non
327 3915 478 3975 intelligimus
490 3917 607 3976 quomodo
623 3917 648 3962 id
664 3914 758 3962 sLirio
790 3923 813 3961 et
833 3928 984 3960 mansurum:
1008 3925 1078 3974 utque
1098 3916 1168 3962 etism
1191 3917 1316 3962 sdmodum
1338 3916 1400 3961 reri·

143 3979 191 4025 slici
211 3980 320 4037 potuerit,
332 3979 372 4038 qui
394 3981 540 4026 Postumium
559 3980 677 4039 superiore
695 3993 758 4026 enno
789 3978 865 4024 simile
883 3986 918 4024 ost
937 3986 993 4024 tune
1012 3993 1105 4038 quoque
1122 3979 1235 4040 populum
1249 3981 1316 4025 ludos
1334 3986 1399 4024 non-

144 4041 237 4088 venisse
249 4042 273 4088 in
287 4041 424 4102 llispooism
432 4044 570 4090 memororit
580 4057 649 4102 supro
657 4057 678 4088 e.
687 4043 726 4099 ³9,
734 4050 758 4089 et
790 4049 837 4088 tem
853 4042 1000 4102 speetsvisse.
1035 4043 1087 4090 Vid.
1106 4044 1230 4104 Epitomen
1243 4043 1333 4088 Liviani
1346 4043 1399 4088 libri

143 4105 190 4152 boe
202 4105 252 4164 ipso
262 4121 324 4152 sono
337 4120 382 4152 non
394 4109 491 4153 obscure
500 4107 587 4153 indiost
598 4107 664 4152 illum
675 4107 757 4152 eodem
791 4105 905 4152 XLVlll.
930 4105 1085 4152 Vol.llss.l.
1099 4105 1300 4162 ll.e.4,et'l'oe.
1314 4106 1399 4153 Annsl.

144 4177 251 4228 tempore
263 4169 287 4214 in
298 4169 406 4216 Vsernoo
418 4170 546 4231 proiectum
559 4183 616 4225 esse,
625 4183 671 4229 quo
684 4171 757 4216 Grec·
790 4171 805 4216 Ι.
819 4169 881 4218 xlv.
900 4183 920 4216 e.
932 4170 970 4216 80.
1004 4168 1018 4195 “
1028 4169 1110 4229 ltsque
1128 4171 1172 4215 boe
1191 4169 1316 4221 theutrum.
1336 4169 1400 4226 quod

144 4233 335 4279 chusinultims
346 4233 478 4282 Celtiberia
497 4233 612 4293 proiectus
630 4241 672 4280 est.
707 4235 758 4280 lloe
789 4234 924 4292 poliendum
938 4234 991 4279 olbo
1007 4234 1096 4279 loestur
1113 4249 1127 4278 s
1142 4230 1400 4288 censoribus.(virletur

142 4307 167 4342 et
189 4295 319 4343 Glareanus
341 4299 509 4344 observuverst.
544 4297 581 4344 lix
601 4297 705 4356 ejusdem
727 4297 757 4343 od
790 4299 956 4357 temporarium
978 4295 1068 4354 fuisse)
1087 4303 1110 4342 et
1128 4309 1174 4342 non
1194 4295 1255 4340 ultro
1276 4303 1400 4351 staturum,

142 4361 296 4406 bunt-locum
312 4369 367 4406 notu
386 4370 483 4421 sppsret
500 4362 524 4406 in
540 4361 567 4406 iio
585 4375 637 4420 quo
653 4361 758 4420 proxime
791 4373 861 4419 quom
883 4375 941 4420 opus
963 4369 1024 4406 esset
1044 4361 1074 4405 sd
1096 4359 1163 4404 ludos
1185 4358 1295 4414 edendos,
1317 4373 1399 4418 quem·

143 4424 283 4484 precedunt
301 4423 409 4470 bsbuisoe
427 4425 483 4471 olim
501 4425 576 4486 editos
589 4427 623 4472 bis
633 4439 682 4470 osso
694 4425 757 4471 Bro·
790 4425 916 4470 admodum
928 4431 951 4469 et
963 4437 1039 4477 scens,
1049 4423 1064 4468 l.
1076 4422 1139 4468 ΧΗ.
1149 4437 1168 4467 c.
1180 4421 1219 4476 87,
1236 4436 1251 4467 s
1266 4425 1399 4470 censoribus

142 4489 213 4542 wis,
237 4501 294 4543 non,
317 4496 343 4534 ut
365 4503 428 4536 nune
454 4489 549 4548 tegitur,
572 4503 620 4536 eum
651 4487 757 4536 Voooaelo.
790 4488 878 4536 losstur
899 4487 1025 4548 prebendo
1044 4485 1150 4533 edilibus
1166 4495 1237 4546 utque
1256 4487 1399 4548 putoribus.

188 4567 271 4612 VOL·
289 4567 345 4613 111.
1206 4569 1229 4612 U
