3086 4952
454 337 543 402 LIB.
565 337 710 404 XXXV.
741 339 837 406 CAP.
860 340 922 405 XI.
1347 349 1369 410 9

110 483 245 548 meantia
257 483 367 548 omnis
381 484 423 548 sd
435 485 569 569 gratiam
583 493 693 550 erant=
715 486 796 550 nihil
809 507 868 550 nec
889 487 1023 571 petierat
1044 509 1063 550 a
1084 489 1203 573 populo
1217 503 1245 550 ιι.
1256 505 1283 550 c.
1295 507 1350 552 sss.

110 577 182 652 post
201 567 417 652 triumphum,
441 591 500 632 nec
522 569 658 653 adeptus
680 577 767 635 erate
783 591 845 652 pro
857 571 964 652 fratre
973 593 1129 654 persuum,
1144 566 1281 638 msc.
1297 569 1350 618 ¹⁰²²

102 655 252 732 patruele,
263 673 297 716 se
305 660 414 734 petere
422 653 543 717 aiebatr
559 656 729 736 prolapsio
743 661 773 720 et
783 657 961 738 ³⁰partiaipe
971 658 1203 721 mmtantratii

108 737 185 799 delli.
212 757 246 800 se
268 744 366 814 tera,
382 737 520 817 finirem
542 741 633 816 musi,
656 759 721 802 rem
742 742 880 821 persiste.
923 740 986 803 His
1000 741 1149 820 obtinuit,
1163 750 1201 806 ut
1214 755 1292 816 actuo
1383 743 1388 754 ’

183 829 309 884 erretur
322 821 502 899 candidato,
516 843 611 905 quem
623 822 792 886 Africanus
801 823 897 886 frater
906 824 1043 888 ducebat
1051 835 1081 904 ’ς
1103 847 1198 909 quem
1212 821 1311 898 neus

193 905 256 968 clia
268 927 360 989 gens,
374 905 521 970 Cornelio
532 907 662 970 consule
672 906 800 970 comitis
809 907 964 987 hahente;
985 910 1008 942 ⁸¹
1019 930 1113 993 quem
1128 918 1199 976 tan-
1212 886 1330 936 amm

106 997 175 1052 tum
185 989 411 1074 prejudicium
420 999 560 1069 senatus,
570 989 674 1054 virum
687 991 839 1055 ecivitnte
848 992 1005 1077 optimum
1007 992 1198 1078 judicatum,

106 1073 310 1220 qpimahem
325 1073 445 1138 ldaenm
461 1075 650 1138 Pessinunte
663 1075 840 1140 venientem
854 1077 888 1140 in
902 1075 1014 1140 urbem
1032 1077 1196 1162 acciperet.

168 1157 343 1224 Quinctius
361 1167 394 1222 et
414 1157 476 1223 Cn.
500 1159 663 1222 Domitius
684 1159 916 1224 Ahenobarbus
940 1162 1087 1226 consules
1111 1163 1196 1228 iacti.

106 1241 182 1305 adso
197 1263 239 1306 ne
253 1241 288 1304 in
307 1242 432 1326 plebeio
452 1243 580 1326 quidem
599 1243 739 1321 consule,
753 1265 854 1327 quum
876 1265 935 1329 pro
948 1245 986 1308 C.
1000 1245 1100 1310 Laelio
1114 1246 1196 1310 nite-

105 1335 202 1404 retur,
217 1326 388 1390 Alricanus
401 1327 510 1391 valuit.
555 1328 685 1392 Postero
705 1328 756 1392 die
776 1337 928 1412 praetores
948 1331 1043 1393 creati
1058 1331 1097 1394 L.
1112 1329 1196 1394 Scri-

104 1409 221 1474 bonius
245 1410 339 1489 Libo,
362 1411 411 1474 M.
438 1411 570 1476 Fulvius
594 1411 814 1491 Centumalus,
835 1413 876 1476 A.
891 1413 1009 1476 Atilius
1032 1413 1196 1494 Serranus,

106 1495 154 1557 M.
168 1495 300 1558 Baebius
311 1495 508 1580 Tamphilus,
520 1497 559 1560 L.
570 1495 715 1560 Valerius
724 1497 793 1582 Tap
846 1497 865 1574 Υ,
881 1497 923 1564 Q.
935 1497 1081 1561 Salonius
1093 1497 1195 1564 Sana.

104 1579 255 1642 AEdilitas
269 1579 402 1664 insignis
417 1601 455 1643 eo
468 1601 551 1644 enno
563 1580 626 1644 fuit
639 1581 688 1644 M.
702 1518 953 1666 AEmiiiroLepidi
973 1589 1006 1644 et
1023 1583 1062 1646 L.
1072 1582 1194 1646 AEmilii

106 1663 217 1726 Paulli.
261 1664 385 1728 Multos
400 1665 564 1748 pecuniios
585 1665 794 1728 damnaruntt
816 1687 855 1728 ex
879 1687 916 1730 ea
978 1666 1072 1730 cunin
1094 1666 1195 1752 clipea

103 1747 247 1810 inaurata
268 1747 302 1811 in
325 1748 453 1834 fastigio
475 1749 566 1814 Jovis
589 1749 666 1814 aedis
691 1759 876 1848 posuerunt.
947 1750 1082 1814 orticum
1095 1773 1193 1816 unam

102 1840 191 1895 extra
203 1841 329 1918 portam
342 1833 566 1918 Trigeminam,
580 1853 720 1919 emporio
735 1835 776 1898 nd
793 1835 932 1898 Tiberim
953 1835 1095 1921 adject03
1116 1837 1193 1900 alts-

102 1937 169 1980 rsm
181 1939 201 1980 s
221 1927 315 2002 ports
328 1917 488 1982 Fontinali
508 1919 550 1982 ad
571 1918 686 1983 Martis
708 1939 803 1998 aram,
819 1941 883 2003 qua
903 1919 938 1983 in
953 1919 1112 2005 Campum
1133 1920 1193 1986 iter

101 2002 437 2184 emliti.pilriburxrersslnib
453 2088 626 2186 Liguribus
646 2089 779 2174 dignum
802 2090 953 2154 memoria
970 2097 1097 2175 gestum
1114 2099 1191 2156 erat.
1203 2093 1251 2141 Μ
1261 2101 1333 2170 suf*

101 2169 256 2233 Extremo
270 2192 339 2254 ejus
352 2193 427 2234 anm
440 2172 490 2235 his
504 2195 538 2236 ιιι
552 2195 705 2258 magnum
719 2173 895 2259 periculum
915 2195 966 2238 res
981 2175 1119 2238 adducta
1132 2183 1191 2240 est.
1203 2159 1267 2267 {22¹¹
1280 2159 1352 2218 ¹³⁸⁰·

99 2261 224 2318 namet
238 2263 341 2318 castra
354 2257 490 2320 conatalis
506 2257 699 2342 obpugnata,
715 2280 798 2342 segre
813 2266 889 2321 sunt
902 2259 1050 2322 defensa:
1073 2267 1106 2322 et
1126 2280 1192 2322 non

100 2337 145 2400 ita
159 2338 268 2400 multo
282 2347 357 2424 post
368 2361 424 2422 per
437 2341 551 2404 saltum
570 2350 744 2438 angustum
766 2363 867 2423 quum
891 2342 1059 2403 duceretur
1079 2361 1192 2424 agmen

101 2422 394 2506 Romanumque
408 2425 512 2488 fauces
526 2433 684 2488 exercitus
699 2425 855 2509 Ligurum
867 2423 993 2488 insedit.
1014 2445 1077 2508 qus
1113 2445 1192 2488 uum

99 2517 205 2570 ntus
221 2529 286 2570 nou
299 2515 429 2591 pateret,
444 2531 595 2573 converso
610 2509 735 2594 agmine
748 2508 848 2572 redire
871 2507 988 2572 institit
1006 2529 1083 2572 cons
1128 2533 1136 2573 ι
1159 2517 1192 2574 at

98 2591 163 2653 abtt
176 2603 269 2675 tergo
281 2592 386 2654 lauces
401 2593 500 2658 saltus
515 2603 677 2678 occupatae
692 2615 711 2656 u
720 2601 814 2692 parte
831 2592 971 2658 hostium
992 2601 1092 2673 erant,
1105 2593 1190 2658 Cau-

99 2675 247 2759 diuaeque
262 2675 359 2740 cladis
373 2679 525 2741 memoria
545 2699 610 2742 non
633 2677 746 2742 minus
769 2678 874 2756 modo,
889 2677 945 2741 sed
965 2697 1064 2763 prope
1079 2678 1189 2758 ocula,

97 2759 334 2824 obversabatur.
377 2763 536 2826 Numidas
550 2763 748 2848 octingentos
757 2762 855 2826 ferme
869 2762 991 2846 equites
1003 2762 1086 2826 inter
1100 2764 1189 2826 suxi-
1202 2785 1316 2832 sumtus·

98 2843 139 2906 lia
151 2845 300 2908 habehat.
328 2867 438 2910 eornm
452 2847 622 2930 praefeotus
635 2847 757 2910 consuli
768 2846 944 2930 pollicetur,
955 2849 996 2910 Se
1004 2854 1188 2928 partasius
1200 2851 1352 2910 rumeqnu-

99 2931 197 3005 milet,
212 2949 281 2992 cum
292 2932 357 2992 aas
371 2938 557 3012 erepturum.
602 2933 731 2995 Tauium
742 2934 790 2994 uti
802 2932 926 3008 diceret,
940 2937 1013 2994 utra
1027 2953 1107 3012 pure
1119 2932 1188 3013 sre-
1200 2921 1244 2960 ¹¹¹⁸·

97 3016 236 3093 questus·
249 3015 326 3078 vicis
338 3021 425 3078 esset.
452 3017 486 3079 in
497 3037 548 3080 ens
561 3037 594 3078 se
606 3018 739 3097 tapetum
750 3015 932 3096 sucturum:
955 3021 986 3078 et
1005 3017 1084 3078 nibil
1098 3019 1189 3095 psius

97 3097 685 3264 ammittit
698 3099 1190 3264 iittmliiliffst

336 3229 346 3260 Ξ
630 3231 640 3263 2

96 3269 168 3328 suis.
215 3266 452 3331 conlaudatum
465 3291 539 3332 eum
550 3269 661 3334 consul
676 3290 732 3354 spe
745 3267 948 3352 praemiorum
963 3275 1081 3332 onerat.
1117 3267 1189 3332 Nu-

97 3351 191 3414 midae
205 3373 307 3434 equos
321 3353 550 3430 conscendunt,
563 3362 596 3416 et
619 3352 801 3436 obequitare
825 3351 1014 3416 sindonibus
1036 3351 1188 3431 hostium,

96 3435 258 3498 neminem
276 3435 475 3515 lacessentes,
487 3447 661 3522 coeperunt.
703 3435 794 3500 Nihil
812 3435 915 3520 primo
938 3437 1092 3521 adspectu
1113 3457 1188 3500 con-

96 3520 239 3582 temtius.
263 3520 337 3603 equi
352 3521 559 3605 hominesque
574 3522 597 3554 ³²
606 3521 739 3605 paulluli
753 3529 785 3583 et
799 3521 950 3604 graciles:
965 3521 1140 3584 discinctus
1156 3529 1189 3583 et

95 3601 227 3668 hermis
249 3625 357 3688 eques,
371 3613 582 3690 praeterquam
607 3605 695 3690 quod
707 3605 814 3690 jacula
836 3625 944 3669 seeum
965 3612 1090 3689 portat:
1114 3604 1188 3690 equi

125 3749 328 3802 εἰιάιίιιιίίιαιιιὶι·
339 3755 406 3802 Creu.
418 3755 493 3802 sets.
879 3759 891 3788 ⁸
902 3755 1026 3802 deducebat
1038 3754 1110 3800 (ison.
1121 3753 1189 3800 Ores.

223 3811 236 3850 ¹
247 3818 347 3879 Tempus,
359 3827 383 3865 et
393 3819 427 3866 sic
437 3820 506 3877 inirs,
520 3821 586 3868 nan
948 3823 986 3865 sa
998 3817 1063 3864 ned.

95 3945 171 3992 ειιιιὶο
181 3945 307 3992 consulatu
323 3959 467 4006 censumque
483 3955 631 3994 remunerata
641 3947 706 3994 uide·
771 3945 800 3994 st
822 3947 891 3996 stsss
902 3953 988 3994 tantun
996 3945 1156 4008 prejudicium
1165 3952 1257 3994 nnutss
1265 3945 1349 4006 sirsss]

96 4019 184 4068 untur,
195 4017 238 4055 snt
249 4011 359 4066 mstis,
370 4017 453 4070 utpote
472 4011 589 4058 decimum
603 4013 653 4071 jsm
664 4025 706 4058 sn·
740 4009 817 4060 Quem
828 4011 1006 4057 commendabat
1014 4017 1105 4056 tuntum
1112 4011 1272 4070 prejudicium
1282 4023 1349 4056 sens·

96 4087 150 4120 usur
161 4073 284 4120 Ιιιδειιιίι.
739 4080 784 4129 tus,
793 4073 857 4133 quod
867 4087 951 4133 nempe
962 4077 992 4120 sh
1008 4074 1151 4134 amplissimo
1161 4075 1244 4122 ordine
1257 4073 1349 4132 Judics·

124 4138 157 4184 U
173 4139 294 4196 Participe
304 4137 483 4184 administrandi
499 4135 563 4198 delli]
583 4137 709 4196 iiicvnigo
741 4144 778 4184 tus
790 4145 851 4184 esset
862 4137 1026 4184 virscisitsta
1043 4137 1152 4197 optimus.
1186 4137 1286 4184 Unicum
1298 4150 1349 4182 ser·

95 4201 179 4258 iqisur
190 4202 356 4247 Μίνω.
389 4201 436 4246 Sed
453 4209 562 4260 putamus
577 4201 709 4260 sigonium.
741 4203 796 4246 bnm
808 4201 932 4248 dedmhut
943 4201 967 4246 in
978 4201 1056 4248 omnis
1067 4201 1137 4262 hujus
1145 4199 1234 4260 periodi
1246 4199 1351 4247 membra

95 4275 213 4310 morem
229 4265 293 4310 illius
312 4263 421 4311 lectionis
440 4279 510 4324 quarn
530 4265 710 4320 eliminavimus,
742 4265 846 4311 sufficere
856 4263 1004 4312 Liviovisum
1015 4262 1351 4320 estesmoresnohisnotsto

95 4329 162 4376 nimis
181 4327 310 4374 credidisse
333 4327 394 4374 libro
413 4343 464 4384 suo,
485 4329 586 4376 editores
605 4328 708 4388 Sigonio.
741 4327 936 4382 scillicet.

96 4391 278 4440 Qusddsdimus
285 4391 507 4452 preferebsntediti
516 4401 571 4440 unte
580 4391 710 4450 sigonium,
774 4391 806 4438 st
822 4388 928 4450 Paululi]
947 4391 1047 4438 Parvuli.
1067 4391 1142 4450 Supra
1169 4388 1350 4446 1.V111.c.lt.

96 4463 118 4498 es
129 4464 204 4502 sersus
216 4456 276 4504 Viet
288 4457 372 4504 codex.
392 4456 471 4516 Atque
482 4457 526 4504 hoc
537 4456 604 4503 nobis
614 4455 709 4514 elegan-
739 4471 782 4516 pro
790 4457 885 4517 paulula
895 4457 938 4502 oia.

97 4517 140 4566 tius
149 4520 252 4566 videtur.
