3094 4954
225 313 289 378 108
799 315 892 382 'rm
923 311 1039 378 LlVll

225 473 255 520 u.
268 471 358 520 osca
387 459 483 524 maris
505 459 650 525 ultimam
678 459 764 524 hosti
792 458 1010 546 expressisset,
1031 456 1162 536 chium,
1183 479 1249 543 quo
1273 466 1348 523 ante
1372 461 1482 525 navale

224 537 254 584 Α·
266 539 292 584 ⁰·
307 535 359 584 ¹⁹⁰·
388 545 536 630 proelium
556 565 686 608 cursum
710 545 752 608 ,a
767 543 863 609 Samo
885 543 1074 621 intenderat,
1089 543 1228 628 navigat
1265 543 1310 608 ibi
1328 565 1423 609 neves
1448 547 1482 608 in

388 629 499 715 proelio
515 637 678 713 quassatas
693 649 793 712 quum
807 629 977 706 refecisset,
999 628 1038 690 L.
1053 627 1223 691 AEmilium
1239 629 1394 692 Scaurum
1409 653 1482 693 cnm

388 713 519 798 triginta
547 713 682 777 navibus
717 712 964 798 Hellespontum
993 712 1035 775 ad
1060 712 1236 776 exercitum
1264 713 1483 798 trajiciendum

388 798 495 862 misit:
519 797 688 876 Rhodio«,
702 806 792 882 parte
805 799 923 882 praedae
938 805 971 860 et
986 795 1095 882 spoliis
1109 797 1275 861 navalibus
1294 799 1454 862 decoratas
1464 801 1483 878 ἲ,

389 883 520 946 domurn
538 883 639 945 redire
649 882 752 966 jubet.
797 881 914 945 Rhodii
937 881 1061 966 inpigre
1085 880 1314 966 ”praevertere
1335 883 1377 946 ad
1396 885 1483 982 traji-

389 967 579 1052 ciendasque
594 987 631 1030 co
656 967 701 1030 ias
716 966 855 1029 consulis
865 966 942 1030 iere:
957 975 1061 1048 atque,
1072 987 1247 1050 eoquoque
1258 967 1483 1047 functioffic10‚

389 1059 460 1115 tum
474 1053 603 1115 demum
649 1051 769 1114 hodum
784 1051 915 1114 rediere.
958 1049 1078 1114 Classis
1094 1051 1238 1114 Romane
1251 1052 1291 1115 ab
1304 1051 1386 1116 Chio
1400 1053 1483 1116 Pho-

389 1159 487 1200 caeam
515 1135 647 1200 tra'ecit.
683 1136 717 1198 in
744 1136 817 1199 sinu
845 1134 942 1198 maris
968 1134 1082 1198 intimo
1104 1135 1209 1220 posita
1232 1137 1302 1200 haec
1324 1137 1401 1201 urbs
1423 1147 1483 1216 est,

389 1221 527 1307 oblonga
549 1159 659 1284 lirina.
699 1219 800 1284 dudm
828 1219 964 1283 millium
993 1227 1025 1282 et
1053 1219 1301 1305 quingentorum
1329 1243 1483 1306 passuum

389 1306 529 1391 spatium
542 1327 654 1368 murus
669 1305 887 1391 amplectitur:
910 1303 975 1366 coit
995 1303 1110 1367 deinde
1132 1325 1171 1368 ex
1190 1313 1326 1390 unaque
1345 1303 1483 1392 partein

389 1392 537 1456 artiorem
550 1390 638 1455 velut
662 1411 810 1468 crineum,
831 1389 1036 1473 ”Lamptera
1058 1389 1069 1451 i
1093 1389 1120 1452 si
1141 1389 1182 1452 ad
1221 1389 1312 1454 llant.
1345 1391 1430 1455 mille
1450 1401 1484 1454 et

389 1477 545 1540 ducentos
559 1496 674 1560 passus
689 1474 733 1538 ibi
747 1474 883 1537 latitudo
897 1480 1003 1558 patets
1024 1473 1059 1537 in
1082 1495 1099 1537 e
1113 1473 1147 1537 in
1162 1411 1263 1538 apqm
1277 1475 1386 1560 lingua
1397 1476 1483 1540 mille

388 1583 543 1678 passuum
557 1580 726 1623 excurrens
741 1558 882 1622 medium
901 1558 966 1621 fere
987 1558 1093 1622 sinum
1105 1559 1193 1624 velut
1207 1567 1284 1624 nota
1297 1560 1483 1645 distinguit3

400 1646 476 1709 'ubi
491 1646 628 1708 cohaeret
643 1634 789 1707 saucibus
804 1642 959 1728 angustis,
980 1643 1062 1706 duos
1078 1643 1113 1706 in
1132 1651 1299 1728 utramque
1322 1645 1483 1729 regionem

388 1751 496 1794 versos
510 1735 623 1814 portus
637 1727 815 1791 tutissimos
828 1727 933 1790 habet.
970 1727 1026 1826 qui
1040 1727 1074 1791 in
1094 1729 1257 1792 meridiem
1268 1729 1380 1814 vergit,
1394 1729 1434 1792 ab
1448 1753 1483 1793 re

389 1814 551 1899 adpellant
563 1811 584 1844 ⁰⁶
595 1813 833 1876 Naustathmon
845 1821 870 1890 Ι,
885 1811 960 1896 quia
980 1820 1142 1898 ingentem
1156 1813 1221 1878 vim
1234 1813 1364 1879 navium
1377 1816 1482 1900 capit:

389 1899 468 1961 alter
505 1918 581 2044 rope
595 1897 702 2046 iplsum
717 1898 889 1982 Lamptera
903 1904 962 1961 est

431 1985 464 2047 X
502 1983 533 2046 X
556 1982 581 2045 1.
641 2003 677 2046 os
694 1990 807 2068 portus
826 1982 1003 2046 tutissimos
1022 2003 1123 2066 quum
1136 1991 1321 2068 occupasset
1337 1985 1484 2048 Romana

389 2068 518 2148 classis3
539 2068 613 2167 priu
651 2089 726 2130 uam
741 2075 797 2131 aut
812 2065 914 2146 scalis,
935 2075 991 2130 aut
1015 2067 1174 2154 operibus,
1195 2068 1312 2132 moenia
1333 2069 1484 2154 adgrede-

224 2143 376 2192 E¹¹¹¹⁰¹¹⁸⁸¹'
389 2163 486 2234 retur,
515 2089 688 2216 matteridos
716 2152 841 2216 censuit
869 2159 997 2237 praetor,
1025 2152 1081 2236 qui
1109 2153 1290 2238 principum
1318 2155 1483 2239 magistra-

223 2209 351 2334 ,llfflk
388 2247 545 2324 tuumque
561 2239 862 2303 animostentarent.
884 2245 1056 2323 postquam
1067 2237 1243 2302 obstinatos
1252 2238 1342 2318 vidit,
1357 2239 1482 2304 duobus

389 2325 484 2389 simul
507 2325 584 2389 locis
608 2325 793 2410 obpugnare
814 2331 864 2386 est
888 2322 1029 2387 adortus.
1071 2323 1182 2387 Altera
1202 2343 1276 2409 pars
1300 2323 1483 2408 infrequens

388 2411 530 2474 edificiis
554 2419 639 2490 erat3
661 2409 781 2494 templa
805 2407 911 2472 Deilm
940 2407 1137 2492 aliquantum
1164 2409 1315 2472 tenebant
1342 2409 1422 2474 loci:
1446 2431 1484 2473 ea

387 2496 478 2580 prius
493 2495 587 2558 ariete
603 2495 742 2572 admoto,
754 2503 882 2576 quatere
901 2513 1010 2556 muros
1029 2499 1195 2577 turresque
1216 2514 1263 2558 coe
1287 2493 1321 2557 it.
1357 2494 1482 2574 deinde,

388 2601 489 2662 quum
504 2600 541 2641 eo
556 2578 730 2640 multitudo
745 2577 928 2640 obcurreret
941 2577 982 2640 ad
992 2577 1236 2658 defendendum,
1277 2588 1343 2643 tera
1356 2601 1483 2663 quoque

387 2671 477 2748 perte
491 2663 637 2724 admotus
652 2661 742 2725 aries.
779 2661 890 2760 etjam
906 2663 1065 2746 utrimque
1080 2663 1302 2727 sternebantur
1315 2665 1407 2728 muri.
1441 2666 1484 2728 ad

388 2768 525 2830 quorum
554 2767 663 2810 casum
692 2769 792 2832 quum
820 2755 966 2832 mpetum
995 2748 1130 2811 Romani
1156 2747 1271 2812 milites
1299 2749 1483 2834 peripsam

388 2839 526 2916 stragem
548 2831 712 2895 ruinarum
740 2833 889 2910 facerent,
918 2831 970 2895 alii
995 2833 1086 2896 scalis
1111 2833 1207 2896 etiam
1234 2835 1423 2898 adscensum
1448 2835 1483 2898 in

387 2938 496 2980 muros
511 2925 687 2996 tentarent3
701 2917 779 2981 adeo
795 2917 952 2982 obstinate
966 2917 1151 2982 restitersmt
1164 2919 1325 3004 oppidani,
1340 2927 1378 2982 ut
1391 2920 1483 2982 facile

387 3003 562 3088 adpareret,
577 3002 651 3088 plus
666 3003 699 3066 in
714 3002 809 3066 armis
825 3011 857 3066 et
871 3003 998 3081 virtute,
1021 3025 1117 3086 quam
1132 3003 1166 3066 in
1181 3003 1350 3082 moenibus,
1372 3005 1484 3067 auxilii

388 3109 466 3152 esse.
503 3097 630 3153 coactus
657 3109 732 3173 ergo
760 3087 901 3173 periculo
930 3087 1069 3150 militum
1119 3097 1215 3152 raetor
1241 3089 1383 3174 receptui
1410 3089 1484 3152 cani

383 3173 490 3258 jussit,
502 3195 542 3235 ne
557 3173 707 3256 objiceret
726 3173 871 3236 incautos
893 3172 1072 3236 furentibus
1092 3109 1309 3258 desperatione
1328 3195 1364 3236 ac
1384 3175 1484 3238 rabie.

388 3259 533 3320 Diremto
554 3257 676 3342 proelio,
698 3279 738 3320 ne
761 3267 831 3320 tum
857 3257 985 3342 quidem
1009 3257 1050 3320 ad
1069 3257 1207 3341 quietem
1221 3259 1324 3338 versi;
1346 3259 1402 3322 sed
1421 3281 1485 3322 un·

388 3341 483 3424 dique
504 3362 614 3404 omues
640 3342 681 3403 ad
704 3343 877 3405 munienda
895 3349 928 3405 et
948 3341 1158 3422 obmolienda,
1180 3363 1252 3428 quse
1267 3343 1367 3406 ruinis
1383 3351 1486 3406 stuta

388 3433 487 3504 erant,
501 3435 737 3490 concurrerunt
783 3427 870 3490 Huic
884 3425 972 3512 operi
984 3427 1115 3490 intentis
1129 3428 1311 3512 supervenit
1327 3429 1367 3494 Q.
1377 3429 1485 3491 Anto-

387 3510 471 3588 nius,
493 3531 512 3574 a
525 3519 660 3597 praetore
675 3511 810 3575 missus:
834 3512 899 3596 qui,
914 3511 1067 3596 castigata
1080 3513 1252 3597 pertinacia
1266 3535 1386 3590 eorum,
1406 3515 1486 3576 Mo-

378 3596 481 3677 jorem
506 3617 611 3660 curam
634 3598 789 3675 Romania,
811 3617 901 3678 quom
915 3599 987 3676 illis,
1008 3598 1198 3676 ostenderet,
1220 3617 1292 3676 esse,
1314 3617 1351 3660 sse
1365 3599 1398 3660 irs
1406 3619 1486 3678 per-

387 3683 497 3744 niciem
511 3683 596 3745 urbis
606 3688 804 3764 pugnaretur.
836 3683 864 3744 ss'
879 3681 1026 3744 stratore
1032 3682 1143 3762 fisrore
1161 3683 1281 3760 vellent,
1296 3688 1486 3764 potestatem

386 3769 428 3830 iis
442 3768 517 3831 dore
531 3767 634 3830 eadem
649 3767 828 3844 conditione,
849 3787 909 3848 qao
918 3769 1010 3847 priua
1027 3767 1060 3830 G.
1075 3768 1157 3830 Lim’i
1171 3769 1205 3830 s'rs
1211 3767 1308 3848 fidem
1321 3769 1486 3844 emissent,

386 3873 419 3916 ae
434 3853 586 3916 trudendi.
631 3851 712 3914 Haec
726 3871 827 3934 quum
842 3849 1015 3929 audissent,
1031 3850 1171 3936 quinque
1184 3851 1307 3914 dierum
1322 3851 1426 3936 spatio
1443 3852 1487 3915 ad

514 3985 528 4023 θ
545 3989 574 4036 ct
587 3987 663 4034 Beki.
791 3992 803 4022 ⁸
815 3987 914 4034 Rtodbr
926 3987 985 4035 iisd.
1113 3983 1249 4036 fumosos
1261 3989 1319 4036 End

593 4055 608 4094 t
619 4051 854 4098 Naustathmon
865 4053 996 4112 appellatur
1007 4051 1080 4100 Gran.
1093 4053 1160 4099 Cres.

254 4209 287 4260 9³
303 4203 480 4268 'Prassmrd
510 4206 642 4266 Antequam
665 4204 771 4250 redirent
792 4205 835 4250 do·
868 4213 930 4251 esset
941 4205 1112 4264 navigantibus.
1148 4204 1411 4252 liecenlmestsiset
1428 4219 1488 4252 usus

222 4287 296 4328 mum,
309 4275 372 4320 aliud
381 4273 425 4320 sibl
437 4270 631 4332 praevertendum,
643 4268 691 4314 sive
703 4267 767 4327 prius
778 4267 835 4314 ssci-
868 4269 969 4314 nominis
981 4269 1057 4315 Greci
1068 4265 1175 4330 λαμπὴ

222 4339 311 4384 endum
329 4351 379 4384 esse
400 4337 527 4396 duxerunt,
547 4333 572 4380 id
591 4345 675 4393 nempe
697 4332 761 4391 quod
780 4345 835 4378 mos
899 4333 931 4379 oo
953 4333 998 4380 Uts'
1023 4329 1132 4393 catast]
1189 4347 1203 4379 o
1229 4333 1288 4390 loro,
1311 4333 1351 4379 abi
1379 4333 1489 4380 cohaeret

223 4411 339 4447 narratur.
869 4395 987 4456 temptari
997 4409 1039 4457 per
1049 4397 1128 4444 fauces
1139 4405 1258 4456 angustas.

253 4464 286 4508 94
303 4459 438 4524 Lamptera]
465 4463 502 4510 Sic
521 4461 651 4522 appellatus
670 4473 721 4506 esse
742 4459 835 4504 videtur
899 4459 930 4506 96
947 4457 1122 4521 Naustathmos]
1148 4460 1258 4508 Gremm
1276 4475 1370 4518 nomen,
1387 4477 1402 4508 ι
1421 4463 1491 4517 ναῦς

362 4527 419 4587 qais
436 4527 469 4574 itt
487 4525 574 4588 plssrus
589 4531 648 4580 esst,
659 4523 723 4583 quod
740 4523 834 4584 signnm
867 4523 942 4580 assis,
953 4533 977 4571 es
989 4521 1190 4586 sratpdrststic.
