3118 5002
196 317 261 382 850
760 311 852 376 ΤΙΤΙ
884 309 998 374 LIVIl

199 483 333 532 uonna
362 471 395 528 et
415 461 572 548 legionem
596 460 777 538 secundam,
800 479 873 543 quae
894 457 1031 522 maxime
1052 465 1199 522 vetmna
1220 457 1254 522 in
1276 457 1456 542 liguribus

199 549 269 598 ec.
282 547 334 602 172·
363 555 439 625 erat,
460 545 525 610 “et
553 545 674 610 soeios⁰
704 543 811 608 Latini
838 541 977 606 nominis
1027 549 1141 604 uatnor
1169 541 1267 604 millia
1294 543 1455 626 peditum,

363 632 517 696 ducentos
531 629 653 714 equites
667 627 779 692 Idibus
802 625 986 690 Februarii⁶
1004 563 1168 688 Lmndisii
1186 625 1295 688 adesse
1311 626 1456 710 juberet.

365 715 436 780 Hae
456 714 554 778 classe
568 720 601 776 et
613 713 675 776 hoc
689 711 828 776 exercitu
849 709 910 774 Cn.
926 708 1062 774 Sicinius
1084 709 1279 793 provinciam
1300 710 1457 773 Macedo-

363 799 449 864 nium
471 798 623 874 obtinere,
646 795 746 860 donec
770 813 933 858 suoeessor
946 793 1075 870 veniret,
1089 793 1211 876 jussu,
1233 804 1402 890 prorogato
1418 795 1455 856 in

364 880 640 1032 :Similem
673 877 1457 1026 &ldebsslglbfflssllsslbbffl

365 1049 421 1148 qui
445 986 621 1114 deduoemei
634 1069 687 1114 eas
740 983 928 1122 mndisiudi,
950 1045 988 1108 L.
1013 1045 1143 1108 Porcius
1171 1043 1302 1108 Licinus
1326 1067 1457 1130 praepo-

366 1142 466 1198 neusa
488 1131 655 1198 duodecim
669 1153 707 1196 ex
723 1130 829 1196 Sicilia
842 1129 956 1194 missae.
986 1129 1038 1192 Ad
1052 1129 1247 1192 frumentum
1260 1129 1351 1192 classi
1365 1152 1457 1194 exer-

366 1217 506 1301 cituique
528 1216 736 1282 coemendum
759 1214 793 1278 in
818 1213 968 1298 Apuliam
996 1212 1236 1296 Calabriamque
1264 1221 1329 1276 tres
1358 1214 1457 1298 legati

367 1301 466 1380 missi,
488 1302 561 1366 Sex.
576 1299 729 1384 Digitius,
749 1299 786 1362 Τ.
801 1297 983 1374 iuventius,
1006 1297 1054 1360 M.
1069 1297 1227 1362 Caecilius.
1269 1299 1322 1362 Ad
1347 1301 1459 1362 omnia

390 1395 544 1470 reparata
558 1384 619 1450 Cn.
636 1383 772 1450 Sicinius
786 1391 914 1468 praetor,
931 1381 1101 1466 paludatus
1119 1402 1158 1446 ex
1181 1379 1260 1446 urbe
1281 1383 1458 1467 profectus,

367 1407 577 1536 brundisium
589 1469 685 1532 venit.

411 1553 576 1618 xxv111.
598 1551 697 1616 Exitu
719 1570 818 1634 prope
844 1547 918 1612 enni
947 1547 985 1612 C.
1009 1547 1163 1632 Popillius
1185 1548 1297 1612 consul
1319 1549 1458 1614 Romam

368 1637 461 1701 rediit
475 1637 636 1719 aliquanto
652 1634 762 1711 serius,
783 1653 880 1715 quam
895 1641 1023 1696 senatus
1041 1641 1222 1696 censuerat:
1245 1631 1327 1696 ”cui
1350 1635 1459 1718 primo

368 1741 495 1818 quoque
517 1729 658 1817 tenpore
683 1717 886 1840 mogistpntus
910 1717 1040 1795 creari&
1064 1739 1163 1800 quum
1187 1725 1312 1814 banturp
1334 1717 1458 1782 bellum

368 1811 622 1952 williel?
623 1809 819 1964 2230033313
839 1801 948 1970 ,ml
948 1801 1459 1952 ⁰..⁰3.¹:1.⁸⁹1331¹1¹.‘¹.‡:.l².”ll⁸..¹l1

369 1970 542 2055 Liguribus
557 1969 654 2055 gestis
672 1969 847 2034 dissereret.
884 1969 1146 2034 subclamationes
1161 1971 1340 2053 frequentes
1355 1981 1458 2050 erant,

372 2055 706 2144 intenogationesque,
721 2077 778 2122 cur
807 2054 922 2120 scelere
950 2054 1055 2118 fratris
1079 2055 1247 2138 obpressos
1262 2054 1399 2138 ligures
1425 2059 1458 2120 in

226 2169 240 2200 o
369 2139 547 2206 libertatem
576 2165 640 2208 non
668 2141 880 2206 restituisset?
925 2137 1062 2204 Comitia
1088 2137 1274 2217 concideris,
1298 2137 1331 2202 in
1359 2163 1456 2223 quam

369 2225 473 2292 edicta
485 2237 576 2294 erant
588 2227 683 2302 diem,
697 2233 771 2290 ante
789 2225 873 2288 diem
895 2222 1117 2288 duodecimum
1141 2221 1302 2288 Kalendas
1321 2224 1457 2288 Manias

370 2319 447 2376 sunt
474 2313 591 2376 habita.
634 2309 740 2376 Crasti
763 2308 919 2386 consules,
942 2307 977 2372 P.
993 2307 1135 2372 Licinius
1155 2307 1300 2386 Crassus,
1322 2308 1360 2372 C.
1376 2309 1457 2374 Cas·

371 2393 438 2460 sius
468 2395 643 2480 Longinus
699 2394 830 2458 Postero
859 2393 909 2456 die
937 2401 1089 2476 praetores
1115 2391 1201 2471 sacti,
1231 2391 1268 2456 C.
1294 2391 1456 2476 Sulpicius

372 2479 485 2556 Galba,
508 2479 547 2542 L.
566 2477 680 2544 Furius
706 2477 827 2554 Philus,
851 2477 889 2542 L.
910 2475 1082 2540 Canuleius
1100 2475 1210 2554 Dives,
1232 2476 1270 2542 C.
1286 2477 1456 2542 Lucretius

372 2561 494 2637 Gallus,
516 2561 554 2626 C.
569 2561 723 2626 Caninius
748 2561 890 2638 Rebilus,
913 2561 951 2624 L.
967 2561 1082 2624 Villius
1103 2560 1246 2626 Annalis.
1291 2561 1353 2624 His
1373 2584 1456 2647 prae·

369 2644 491 2708 toribus
501 2644 671 2729 provinciae
683 2643 830 2708 dacretaez
847 2645 919 2708 dnae
925 2645 998 2728 jure
1010 2646 1120 2708 Romae
1131 2645 1274 2724 dicendo,
1287 2645 1455 2730 Hispania,

369 2737 402 2792 et
416 2727 530 2805 Sicilia,
544 2737 577 2792 et
592 2727 756 2792 Sardinia:
778 2737 815 2790 ut
831 2727 886 2790 uni
902 2749 969 2792 sors
985 2729 1107 2813 integra
1123 2738 1215 2808 esset,
1238 2751 1302 2813 quo
1325 2741 1454 2796 senatus

369 2811 552 2876 censuisset.
596 2811 791 2876 Consulibus
805 2811 977 2896 designetis
992 2812 1157 2898 imperavit
1171 2824 1309 2892 senalus,
1327 2825 1374 2893 ut,
1389 2839 1455 2900 qua

205 2903 264 2950 V⁰1⁸
275 2917 289 2950 ⁸
301 2903 355 2964 Pon
369 2895 418 2960 die
431 2897 650 2982 magistratum
665 2897 808 2977 inissent,
823 2897 934 2960 hostiis
953 2897 1124 2982 majoribus
1139 2898 1198 2962 rite
1213 2899 1367 2977 mactatis,
1382 2923 1453 2984 pre-

204 2975 316 3028 impu
368 2990 523 3061 curentur,
538 2992 586 3062 ut,
598 2983 684 3067 quod
698 2983 818 3048 bellum
832 2981 970 3080 populus
985 2981 1147 3045 Romanus
1159 2983 1192 3046 in
1207 2983 1311 3046 animo
1323 2984 1454 3050 baberet

367 3088 483 3150 gerere,
497 3075 535 3130 ut
549 3067 583 3132 id
619 3089 785 3154 rosperum
799 3075 946 3132 evemret.
983 3066 1106 3130 Eodem
1121 3067 1171 3130 die
1186 3067 1207 3098 ⁸¹
1216 3067 1352 3130 decrevit
1363 3090 1453 3134 scne-

367 3159 431 3228 tus,
452 3152 511 3216 ¹0.
526 3149 593 3237 Pop
629 3153 678 3218 ius
701 3152 813 3216 consul
838 3151 930 3216 ludos
953 3173 1010 3236 per
1033 3151 1100 3214 dies
1121 3151 1229 3214 decem
1242 3151 1316 3216 Jovi
1331 3154 1452 3250 optimo

367 3235 504 3298 maximo
517 3244 653 3315 voveret,
668 3237 812 3336 doneque
826 3236 908 3300 circa
922 3235 1028 3300 omnia
1047 3235 1223 3320 pulvinaria
1242 3235 1319 3314 dari,
1342 3259 1368 3300 sr
1387 3259 1452 3302 res-

366 3317 494 3400 publica
508 3319 617 3382 decem
638 3341 738 3384 annos
761 3343 794 3384 m
814 3321 925 3384 eodem
940 3329 1026 3384 statu
1049 3320 1171 3384 fuisset.
1217 3321 1267 3383 Ita
1282 3329 1319 3384 ut
1338 3343 1451 3386 censu·

365 3409 465 3479 erant,
487 3401 520 3464 in
544 3403 701 3487 Capitolio
719 3405 805 3468 vovit
829 3405 940 3468 consul
962 3405 1053 3468 ludos
1069 3404 1146 3484 fieri,
1161 3404 1351 3490 donariaqne
1373 3407 1450 3482 dari,

366 3493 486 3567 quanta
499 3507 539 3549 ex
553 3487 688 3571 pecunia
702 3488 858 3554 decresset
874 3499 1013 3569 senatus,
1035 3511 1135 3573 quum
1155 3497 1284 3554 centum
1303 3499 1336 3554 et
1358 3491 1450 3575 quin-

426 3649 530 3693 “men
541 3648 614 3694 Gran.
742 3643 756 3682 ἅ
768 3650 903 3696 februariis
915 3649 991 3696 Bell.
1121 3652 1133 3682 θ
1144 3663 1221 3696 erem
1232 3649 1304 3696 Gran.
1317 3649 1385 3695 Creu.

361 3699 499 3758 ‘baanes
509 3713 646 3772 reipsum.
657 3713 727 3760 m
737 3719 787 3760 aral
799 3713 913 3824 lippa
923 3715 1057 3823 augense,
1068 3727 1080 3760 s
1091 3727 1116 3759 re
1125 3715 1217 3774 pawn
1228 3716 1299 3760 aba·
1308 3720 1359 3760 erat
1373 3713 1447 3760 belh

234 3905 266 3952 8⁰
283 3905 316 3952 El
330 3908 399 3954 socios
419 3907 497 3954 Latini
513 3913 607 3958 misia
625 3918 721 3974 pacem
736 3915 809 3960 millia
834 3912 917 3974 jum
934 3921 991 3961 erae
1025 3915 1085 3962 was
1104 3923 1182 3961 tamen
1201 3915 1288 3961 sanctii
1309 3915 1447 3968 Minervam.

199 3966 313 4030 polim]
332 3970 389 4016 line
399 3979 434 4018 eu
445 3983 511 4018 vetus
522 3973 597 4020 lectio.
620 3975 751 4022 Gronovius
762 3977 808 4036 legi
840 3979 855 4022 l.
869 3977 901 4024 ll.
913 3993 931 4024 e.
943 3977 966 4032 l,
978 3985 1003 4024 et
1012 3978 1045 4024 ibi
1055 3979 1210 4032 Perizonlum.
1220 3979 1261 4038 qni
1272 3981 1341 4026 ambo
1351 3981 1448 4038 probare

198 4035 368 4092 Jusaltaoeidn.
386 4035 499 4080 Sednihil
509 4036 602 4083 ridetur
612 4040 742 4086 mutatione
750 4055 809 4100 opus
840 4041 948 4086 nituntur
963 4041 1175 4102 Latinadieijsbea
1186 4045 1235 4088 aas
1264 4043 1382 4097 Celerum,
1394 4043 1447 4102 quis

202 4111 259 4143 esse.
294 4097 345 4144 lice
363 4099 500 4152 membrum.
511 4106 607 4160 quam
619 4103 691 4149 millia
700 4105 808 4163 peditura,
840 4117 967 4163 pronomen
986 4108 1023 4151 esa·
1038 4106 1130 4164 longius
1141 4107 1207 4152 abest
1224 4119 1238 4150 a
1255 4107 1349 4151 nomine
1365 4107 1447 4159 comi,

201 4159 301 4220 {subigi
313 4162 382 4208 debet
389 4175 431 4222 per
438 4163 607 4222 appositionem
614 4165 723 4223 junctum
734 4168 809 4226 primo
840 4167 960 4226 interjecta
972 4169 1042 4214 etiam
1059 4169 1178 4215 mentione
1195 4175 1293 4223 mm,
1305 4169 1379 4228 magis
1397 4171 1446 4230 pls·

201 4223 245 4282 illi,
262 4227 333 4272 accior
350 4225 430 4272 Laeui
450 4227 550 4272 m.
591 4227 681 4274 similis
701 4231 810 4290 exempla
841 4239 904 4276 aeret
921 4231 980 4276 illud
998 4245 1127 4291 prommen
1146 4232 1227 4278 referri
1245 4233 1275 4278 sd
1292 4241 1408 4288 senatum,
1424 4241 1446 4278 et

201 4287 365 4348 superlustm
376 4291 496 4336 observata
506 4295 568 4335 sant.
839 4293 901 4352 legi:
929 4297 966 4340 esi
985 4297 1059 4354 prino
1079 4311 1164 4356 quoqu
1181 4303 1279 4356 tenpore
1299 4299 1446 4358 nagistrum

232 4349 265 4403 87
283 4351 558 4414 Cel...juencms]
576 4353 806 4413 Vixncblspersus·
838 4359 1115 4405 mars...n·mme.

200 4413 283 4460 demus
299 4415 333 4460 alc
351 4416 440 4462 lorum
456 4431 506 4463 esse
524 4417 589 4463 aurel
606 4417 668 4464 illius
679 4419 721 4464 evi
734 4420 806 4478 serip-
870 4419 903 4466 88
920 4421 1024 4468 neema
1040 4429 1139 4474 mss.
1159 4429 1185 4470 se
1201 4423 1226 4470 C.
1246 4419 1370 4484 Popillius]
1397 4424 1445 4470 Ad-

201 4484 269 4522 iores.
305 4477 366 4537 Lege
384 4495 447 4540 paen
467 4479 615 4542 ...jenua
637 4489 693 4536 nae,
713 4483 749 4528 rel
768 4485 809 4544 qui
835 4483 934 4544 jecimus
946 4485 1396 4534 voculamssexvetnatlsedidonibne
