3098 4958
203 337 268 398 434
761 319 853 386 Tl'l'l
877 317 992 386 LlVll

205 491 338 542 uorat
370 483 419 540 set
432 475 553 540 faceres
577 471 634 536 sed
647 467 920 534 etiam‘1”Gentii
941 465 1024 551 regis
1046 473 1155 552 paratu
1179 465 1324 544 societas,
1341 473 1375 530 et
1390 474 1461 530 tum

205 559 235 606 *-
246 557 274 604 θ
287 555 340 604 ¹⁶⁸
371 560 547 636 Gallorum,
561 555 733 642 effusorum
747 575 805 638 per
819 553 993 637 Illyricum,
1008 551 1150 634 ”ingens
1165 561 1299 634 agmen¹
1314 551 1462 614 oblatum

206 663 327 708 oritorum
370 643 498 710 sumitis
512 641 678 706 dimissum
692 647 750 702 est.
793 636 972 701 Veniebant
987 635 1095 700 decern
1117 635 1215 700 millio
1229 635 1390 718 equitum,
1405 657 1463 718 pur

206 725 294 772 ⁸⁰¹¹¹⁵⁸
370 751 522 794 numerus
536 725 720 810 “peditunu
735 731 767 785 et
780 722 923 806 ipsorum
939 719 1145 805 jungentium
1158 741 1288 784 cursum
1310 719 1418 802 equis,
1433 729 1463 782 et

206 797 305 838 '‘⁰¹¹⁸'‘
370 815 404 880 in
418 813 519 878 vicem
534 809 753 896 prolapsorum
769 807 913 890 equitum
926 825 1043 868 vacuos
1057 804 1250 888 cupientium
1260 805 1303 868 ad
1315 826 1464 888 pugnum

371 919 480 982 equos.
525 895 570 960 Hi
585 893 670 978 pacti
683 899 783 969 erant,
798 911 894 974 eques
910 889 1354 974 ⁴¹denospraesenteseureos,
1362 889 1464 972 pedes
1534 913 1535 916 ¹

371 983 496 1066 quinos,
511 979 596 1043 mille
611 979 676 1041 dtu
691 997 810 1040 eorum.
841 973 1052 1038 Venientibus
1065 973 1116 1037 his
1131 974 1264 1036 Perseus
1278 973 1318 1036 ab
1334 973 1465 1057 Enipeo

371 1089 411 1130 ex
438 1065 548 1128 castris
577 1063 739 1148 profectus
768 1059 893 1124 obvium
921 1079 996 1122 cum
1024 1058 1155 1122 dimidia
1181 1057 1346 1141 copiarum
1368 1066 1465 1142 parte

372 1149 562 1214 denunciare
592 1169 649 1232 per
677 1147 763 1210 vicos
787 1144 955 1227 urbesque,
984 1163 1057 1226 quae
1078 1142 1138 1204 viae
1158 1143 1348 1226 propinquae
1372 1151 1464 1220 sunt,

372 1235 531 1320 crepitat
554 1239 747 1296 commeatus
770 1229 962 1313 expedirent,
982 1226 1144 1304 frumenti,
1156 1225 1232 1302 vini,
1246 1247 1402 1310 pecorum
1427 1235 1465 1288 ut

373 1321 465 1404 copia
479 1327 571 1382 esset.
593 1317 660 1402 ipse
675 1336 783 1400 equos,
797 1313 1014 1399 phalerasque,
1028 1320 1060 1376 et
1075 1311 1193 1394 sagula,
1208 1311 1330 1374 donum
1343 1311 1465 1394 princi-

373 1405 470 1490 pibus
484 1405 575 1481 ferre,
590 1413 622 1464 et
636 1421 748 1486 parum
763 1398 841 1476 auri,
857 1397 943 1480 quod
957 1397 1167 1512 interprisum
1180 1395 1464 1472 divideretmnlti-

374 1489 519 1554 tudinem
534 1487 663 1550 credens
678 1485 826 1567 trabispe
841 1503 944 1566 posse.
987 1481 1040 1544 Ad
1085 1480 1255 1544 Almanam
1265 1480 1379 1542 urbem
1391 1502 1463 1564 per·

373 1575 471 1650 uenit,
487 1582 518 1636 et
533 1571 606 1634 inri
631 1591 649 1632 a
667 1567 806 1630 fluminis
821 1566 895 1628 Axii
940 1564 1025 1630 osuit
1045 1572 1156 1628 oestro.
1186 1564 1269 1628 eima
1282 1564 1303 1594 ⁴³
1315 1565 1463 1628 Desuda-

374 1657 448 1720 bam
474 1657 507 1718 in
531 1593 668 1718 Maetlica
692 1651 848 1716 exercitus
872 1650 903 1716 G
935 1650 1038 1712 lorum
1062 1649 1256 1728 consederat,
1283 1649 1463 1712 mercedem

374 1749 499 1826 pactam
525 1737 702 1835 opperiens.
762 1736 811 1798 Eo
840 1735 940 1798 mittit
972 1734 1182 1818 Antigonum,
1209 1755 1249 1796 ex
1276 1734 1464 1818 purpuratis

374 1845 485 1900 unum,
499 1844 556 1906 qur
564 1822 702 1906 Juberet,
717 1820 955 1883 multitudinem
971 1819 1136 1884 Gallorum
1150 1819 1191 1882 ad
1206 1818 1363 1902 Bylazora
1379 1819 1465 1899 (Pae-

374 1907 456 1972 oniae
471 1907 498 1970 is
513 1905 602 1970 locus
618 1908 677 1987 est)
695 1914 798 1968 castra
817 1925 954 1982 movere,
976 1903 1135 1988 principes
1157 1903 1198 1966 ad
1219 1925 1253 1965 se
1273 1903 1382 1966 venire
1405 1903 1464 1965 sre-

375 1999 519 2076 quentes.
560 1989 961 2075 “septuagintaquinque
985 1988 1083 2050 millia
1105 1988 1146 2052 ab
1171 1987 1254 2056 Axio
1278 1987 1412 2050 flumine
1434 1997 1465 2050 et

374 2077 485 2140 castris
500 2076 583 2162 regis
596 2076 736 2140 aberant.
782 2074 862 2138 Haec
877 2073 1026 2136 mandata
1038 2073 1080 2136 ad
1097 2093 1151 2136 eos
1166 2093 1267 2154 quum
1281 2072 1465 2156 pertulisset

375 2161 568 2247 Antigonus,
584 2160 820 2259 adjecissetque,
835 2157 990 2242 perviam
1004 2157 1465 2253 quantnomniumpraepareta

376 2269 452 2312 cura
464 2269 498 2310 re
521 2247 547 2309 is
562 2267 653 2330 copia
666 2244 864 2310 multitudini
877 2243 968 2320 foret,
983 2242 1162 2325 quibusque
1175 2242 1365 2306 muneribus
1380 2241 1466 2325 prin-
1534 2279 1535 2282 =

376 2331 462 2416 cipes
476 2269 689 2407 advenientes,
703 2329 810 2406 vestis,
825 2327 957 2411 argenti,
971 2347 1188 2410 equorumque
1202 2335 1396 2409 excepturus
1412 2347 1467 2388 rex

376 2424 470 2494 esset,
484 2417 523 2478 de
538 2415 587 2478 his
609 2415 737 2497 quidem
760 2435 793 2476 se
815 2433 920 2476 eoram
941 2411 1125 2495 cognituros
1139 2411 1344 2494 respondent.
1376 2410 1468 2486 illud,
1534 2441 1535 2446 κ

376 2501 463 2582 quod
478 2519 618 2582 praesens
656 2498 838 2582 epigissent,
853 2497 1059 2580 interrogant,
1074 2496 1096 2528 ‘⁵
1104 2495 1219 2578 ecquid
1239 2515 1366 2572 eurum,
1382 2495 1469 2578 quod

375 2580 1113 2749 istitutttibitul‘dtitlitiit
1121 2580 1468 2748 biittffitt

1112 2711 1123 2744 2

402 2833 524 2900 sredjon
534 2843 587 2886 asts
599 2835 695 2896 Kreyts.
729 2837 771 2884 aad
781 2841 804 2884 at
815 2842 868 2883 asts
880 2836 957 2882 Bell.
1108 2840 1211 2898 ‘agnes
1221 2835 1288 2884 uncia
1298 2835 1355 2884 incl.
1367 2837 1436 2884 Cres.

782 2904 792 2934 ⁸
803 2901 930 2948 αόυιείεειί
942 2899 1018 2948 Bekis.

243 3053 275 3100 38
294 3054 371 3102 (lentii
386 3055 447 3116 ragit
461 3060 545 3115 parato
555 3049 661 3114 amietos]
681 3051 824 3100 llicintelli·
855 3053 966 3108 celeritas,
989 3059 1015 3100 ut
1030 3049 1097 3114 jabir
1118 3062 1223 3114 qums·
1243 3051 1356 3098 udmari
1382 3067 1471 3100 curm

211 3119 315 3177 gendum
333 3127 368 3165 est
386 3116 439 3166 ert
458 3119 503 3165 roi
513 3118 597 3166 κοινοῦ
614 3120 713 3164 comitia
731 3119 824 3164 diatim
853 3119 1010 3178 adaquarent.

211 3189 252 3228 ert.
286 3183 377 3228 Rursus
394 3197 413 3229 o.
432 3195 479 3241 req.
492 3183 588 3228 Perseus
606 3181 692 3227 dicitur
711 3181 823 3228 Gentium
886 3181 916 3228 41
935 3175 1184 3240 Denter-...careotJ
1204 3179 1367 3226 Binasunciu
1379 3191 1471 3226 nostrs-

212 3259 291 3302 regem
300 3245 343 3291 tibi
354 3246 498 3292 alienaviate.
515 3247 584 3294 Quod
596 3245 692 3304 quidem
703 3259 750 3292 non
761 3253 824 3292 caret
855 3244 1070 3292 tescumdimidia.
1090 3246 1180 3295 Quium.
1204 3244 1470 3304 Singulasuneiascum

212 3308 355 3354 difficultate.
391 3309 489 3353 Bellasit
506 3309 611 3362 enim,et
630 3309 725 3367 quidem
740 3323 826 3366 magno
857 3316 941 3368 quarta
960 3309 1035 3354 unciae
1053 3315 1126 3366 parte.
1159 3305 1232 3354 Mille.
1266 3307 1358 3354 llareas
1378 3317 1470 3354 nostrs-

211 3385 254 3416 tuo
277 3373 346 3424 malo,
366 3371 465 3416 Gentius
490 3370 600 3416 adversus
621 3371 745 3416 Romanos·
779 3375 824 3418 Sed
857 3381 891 3418 tes
902 3371 942 3426 ³1,
955 3373 1068 3418 uncim2.

212 3434 323 3479 nimirum
343 3434 429 3478 bellurn
449 3433 507 3478 illud
525 3434 603 3491 gessit,
615 3447 663 3478 non
680 3433 705 3479 in
724 3435 824 3493 gratiam
888 3436 920 3482 ta
935 3432 1067 3495 Almam]
1079 3433 1204 3493 Jusettegi
1215 3434 1339 3480 Turnebus
1348 3435 1470 3489 Attum,

213 3497 300 3550 Persei.
313 3511 359 3543 non
377 3505 488 3556 tanquam
502 3497 579 3542 Persei
596 3497 823 3556 tociusatqucami·
855 3507 878 3546 ct
887 3499 986 3558 intelligi
997 3513 1049 3546 eum
1059 3501 1140 3544 urbem
1151 3499 1364 3558 quaeal'tolemoeo
1376 3509 1472 3544 rocstur

212 3575 261 3616 eus,
280 3561 321 3606 aed
338 3561 394 3619 quis
412 3561 480 3608 aliter
498 3560 573 3608 facere
593 3575 640 3608 non
658 3561 741 3622 potuit,
759 3571 822 3622 post·
855 3565 1001 3622 Athenopolis
1026 3563 1050 3608 in
1072 3562 1157 3608 linibus
1180 3561 1332 3607 Macedoniae.
1367 3563 1471 3609 ortelius

213 3639 283 3684 quam
305 3624 392 3684 legatos
418 3625 578 3674 Romanorum
602 3626 627 3672 in
649 3625 742 3672 vincula
767 3641 823 3674 con·
856 3641 902 3673 non
917 3629 1000 3686 probet
1015 3626 1192 3673 hano'l'urusbi
1209 3627 1375 3686 conjecturem,
1387 3629 1471 3672 meri·

208 3691 304 3748 jecerat.
854 3691 936 3750 bitque
958 3692 1080 3744 Almonem,
1101 3691 1212 3749 oppidum
1242 3689 1371 3735 Thessalia
1395 3691 1472 3736 Plinio

244 3751 276 3799 89
293 3752 375 3812 legem
383 3750 578 3814 martiatum]
592 3753 824 3816 Voxngareainserta
855 3763 1009 3800 memoratum
1025 3753 1094 3800 LIV.
1106 3768 1125 3800 c.
1136 3753 1159 3800 a
1193 3753 1293 3811 Utrique
1313 3753 1369 3798 huic
1389 3769 1471 3800 emen-

213 3823 256 3870 est,
268 3815 400 3875 postulante
411 3829 488 3862 sensu.
854 3819 942 3864 dationi
962 3833 1044 3878 parum
1056 3817 1147 3863 ridetur
1158 3817 1282 3864 convenire
1299 3831 1355 3862 cum
1366 3819 1472 3864 locorum

244 3881 276 3926 40
293 3879 415 3926 Peditum.
427 3911 434 3924 .
446 3911 453 3925 .
464 3911 470 3925 .
483 3878 628 3942 ,iungentium
644 3897 732 3928 curtum
748 3878 822 3942 equo]
854 3883 900 3928 situ
912 3889 936 3927 et
948 3883 1009 3927 Axio
1018 3882 1121 3927 flumine.

213 3945 291 3990 Caesar
302 3943 317 3988 l.
330 3943 348 3988 l.
361 3944 390 3988 de
400 3943 464 3988 Bello
474 3945 563 3990 Gallico
572 3960 620 3990 rem
631 3945 704 3991 fusius
716 3945 823 4005 explicat.
886 3945 919 3992 43
934 3942 1091 4006 Desudabam]
1111 3945 1162 3990 lloc
1179 3957 1263 3990 nomen
1285 3957 1333 3989 non
1353 3945 1473 3991 immerito

214 4009 250 4056 Dc
267 4007 390 4055 Germanis
409 4007 525 4066 loquiturr
543 4009 651 4070 Equitum
669 4011 741 4055 millio
758 4017 823 4058 aaut
854 4016 987 4068 suspectum
995 4016 1030 4055 est
1041 4009 1090 4056 Jtc.
1102 4007 1227 4062 Gronovio,
1238 4007 1278 4066 qui
1288 4015 1366 4053 mutat
1375 4009 1437 4054 iilud
1449 4011 1472 4054 in

212 4087 269 4118 aec:
286 4073 377 4118 totidem
394 4085 483 4116 samem
499 4073 587 4130 pedites
597 4073 727 4118 velocissimi
737 4080 760 4119 ct
770 4070 825 4133 for·
855 4075 982 4120 AEdmom
1006 4087 1058 4132 qua
1075 4057 1189 4118 urba⁸etai
1208 4071 1296 4117 lidonis
1315 4073 1388 4131 vulgo
1406 4075 1474 4118 attri-

213 4137 302 4192 titrt'su',
313 4150 366 4197 quot
377 4150 404 4182 es
417 4136 475 4180 omni
485 4137 549 4194 oopio
565 4136 650 4196 singuli
667 4139 766 4195 ringqur
778 4152 824 4184 saa
855 4138 943 4191 buitur,
956 4137 1015 4182 nihil
1034 4145 1112 4182 tamen
1125 4143 1187 4182 vetut
1198 4149 1250 4180 eam
1262 4136 1392 4194 aliquando
1404 4137 1474 4182 habi·

212 4201 294 4246 raiatia
316 4215 385 4246 caasa
406 4199 542 4258 delegerant.
576 4200 631 4244 Gaas
650 4200 825 4259 uoluptates
856 4208 904 4247 tam
920 4199 991 4246 luisse
1008 4201 1091 4246 finium
1103 4200 1215 4255 lludice,
1226 4213 1279 4258 qu
1292 4199 1383 4246 Edonis
1395 4201 1475 4247 vicina
1534 4203 1535 4206 ’

212 4270 347 4310 mouetur.-
364 4263 395 4309 od
411 4265 449 4308 los
468 4277 491 4308 to
508 4264 593 4322 equitet
609 4265 737 4323 receptant.-
753 4266 785 4320 Μ,
804 4267 825 4312 η’
856 4273 898 4311 est.

212 4328 269 4386 quid
279 4337 329 4374 erne
340 4329 427 4380 darius,
439 4327 617 4378 maneum
633 4328 824 4387 riqai,groaiors
889 4327 920 4374 44
936 4329 1086 4389 Septuagim
1097 4329 1193 4388 quisqu
1210 4323 1293 4387 uidit]
1313 4326 1407 4375 Leucas
1419 4343 1473 4376 nos·

212 4391 302 4436 aarum
311 4397 471 4450 acceptaeque
481 4391 618 4446 deciderant,
627 4393 824 4438 circumiebat.
856 4399 927 4440 untes
939 4393 977 4439 22

214 4452 240 4498 St'
258 4467 300 4511 quo
317 4461 367 4498 erat
386 4455 474 4514 longius
490 4455 652 4514 prodeundum,
672 4461 714 4501 otu
730 4457 825 4503 celamur
888 4457 920 4502 to
936 4457 1026 4518 Ecquid
1042 4469 1123 4503 oum
1222 4452 1370 4516 odduimt]
1396 4455 1474 4516 Magis

213 4517 372 4574 recipiendum,
393 4523 458 4564 tosta
486 4524 537 4566 arat
564 4519 642 4567 brun
667 4522 826 4568 maaian
857 4521 965 4580 placeret,
977 4521 1040 4580 quod
1051 4519 1183 4568 Gronovius
1193 4518 1295 4578 subiicit,
1303 4520 1442 4568 durium.
