3118 5002
164 308 229 372 324
731 295 824 360 ‘titt
847 295 963 360 LIVII

168 473 197 520 υ.
206 472 232 518 c.
245 469 299 525 tta
328 449 427 514 millia
454 469 536 512 caesa
570 454 627 510 aut
655 453 765 530 captae
809 445 901 530 signa
939 445 1065 508 ademta
1106 445 1171 508 duo
1214 451 1247 508 et
1281 444 1423 530 triginta

168 537 233 583 Μ·
248 535 301 589 ¹7⁴·
331 535 442 599 Castra
471 532 565 596 etiam
593 553 630 593 eo
656 531 707 594 die
727 539 919 615 expugnata,
949 529 1213 613 debellatumque.
1251 551 1338 608 uam,
1367 531 1424 614 qui

331 615 654 714 superfuereproelio,
668 613 701 676 in
723 615 842 698 oppida
863 635 921 676 sua
942 613 1056 698 dilapsi
1071 623 1157 678 suut.
1186 613 1285 698 quieti
1309 615 1423 678 deinde

330 709 505 788 paruerunt
519 721 660 848 imppno.

168 801 288 848 cenam
375 785 519 850 XXVII.
601 803 708 846 nsores
735 803 772 844 eo
797 802 881 844 anno
905 780 1000 844 creati
1023 781 1064 847 Q.
1091 781 1223 845 Fulvius
1243 783 1378 846 Flaccus
1392 793 1424 846 et

333 871 373 934 Α.
399 867 580 934 Postumius
604 867 742 930 Albinus
764 866 909 948 legerunt
944 875 1110 930 senatumr
1143 867 1291 952 princeps
1321 868 1423 932 lectus

334 953 383 1017 M.
397 953 547 1016 AEmilius
570 952 712 1036 Lepidus
735 951 878 1034 pontifex
902 951 1069 1013 maximus.
1114 951 1164 1013 De
1179 963 1291 1014 senatu
1307 975 1422 1016 novem

333 1037 501 1185 tatu
794 1033 1422 1184 mil..

1122 1145 1130 1161 ·
1263 1169 1270 1184 .
1372 1144 1388 1184 e

335 1143 765 1291 qupopiesnppqqnfispujus
780 1211 851 1266 tum
866 1141 948 1265 impr
965 1203 1049 1266 cives
1071 1213 1103 1266 et
1122 1168 1306 1288 peregrinos
1324 1206 1423 1290 juris-

334 1291 430 1354 dictio
445 1299 531 1368 erat3
553 1299 585 1352 ct
600 1290 620 1320 ³¹
633 1289 693 1352 Cn.
710 1287 823 1366 Fulvii,
838 1287 1185 1385 quifratergermanua,
1196 1291 1218 1320 ¹¹
1229 1300 1271 1367 et,
1282 1291 1423 1352 utVale-

333 1375 400 1438 rius
419 1375 533 1439 Antias
553 1373 659 1452 tradit,
674 1393 803 1436 consors
822 1383 916 1435 etum
941 1373 1080 1435 censoris
1101 1383 1176 1436 erat.
1220 1373 1242 1406 '³
1254 1375 1422 1452 Consules,

333 1460 416 1522 votis
439 1458 550 1524 etiam¹
566 1459 599 1520 in
624 1457 780 1541 Capitolio
803 1457 1005 1540 nuncupatis,
1032 1457 1065 1519 iu
1089 1457 1267 1542 provincias
1288 1461 1422 1543 profecti

334 1553 419 1607 aunt.
462 1544 484 1576 ’⁴
495 1544 546 1606 Ex
561 1543 599 1604 iis
615 1542 663 1604 M.
679 1541 810 1604 AEmilio
832 1549 960 1604 senatus
982 1541 1145 1625 negotium
1164 1541 1261 1622 dedit,
1276 1552 1313 1606 ut
1330 1545 1422 1606 Pata·

333 1628 479 1690 vinorum
494 1627 527 1688 iu
542 1625 676 1688 Venetia
698 1625 884 1687 seditionem
906 1625 1137 1708 comprimeret,
1152 1649 1232 1710 quos
1250 1630 1422 1690 certamine

333 1711 507 1772 factionum
517 1711 558 1772 ad
571 1708 757 1770 intestinum
767 1708 887 1770 bellum
902 1709 1065 1788 exarsisse,
1075 1710 1096 1740 ¹⁵
1105 1711 1162 1773 et¹
1176 1711 1317 1796 ipsorum
1326 1713 1423 1797 legati

333 1794 521 1856 adtulerunt.
565 1793 687 1877 Legati,
696 1793 752 1875 qui
766 1792 799 1854 in
815 1793 968 1856 AEtoliam
984 1795 1025 1856 ad
1039 1794 1155 1857 similes
1168 1805 1275 1858 motus
1284 1798 1423 1882 compri-

332 1878 464 1940 mendos
480 1878 589 1954 ierant,
604 1877 841 1954 renunciarunt,
850 1877 984 1940 co'e'rceri
995 1879 1114 1942 rabiem
1125 1881 1229 1963 gentis
1241 1903 1305 1944 non
1318 1904 1422 1966 posse.

334 1961 493 2026 Patavinis
515 1961 609 2025 saluti
631 1961 693 2024 suit
717 1962 871 2024 adventus
895 1963 1052 2026 consulis:
1084 1985 1186 2047 neque
1214 1965 1309 2044 aliud,
1336 1968 1423 2050 quod

169 2051 298 2098 censorum
333 2057 438 2144 ageret
451 2047 484 2110 in
500 2046 670 2132 pmvincia,
685 2067 785 2129 quum
799 2045 971 2124 habuisset,
984 2047 1117 2112 Romam
1131 2049 1233 2112 rediit.
1268 2051 1422 2114 (lemures

169 2129 248 2176 ‘'¹³²¹''
332 2153 399 2196 maa
422 2132 607 2196 stamendas
629 2131 714 2194 silice
737 2130 771 2193 in
796 2131 884 2208 urbe,
900 2129 921 2161 ¹⁸
928 2131 1033 2216 glarea
1047 2141 1135 2196 extra
1148 2133 1261 2198 urbem
1276 2135 1422 2200 substru-

549 2287 557 2324 ¹
568 2293 636 2340 elisas
647 2289 693 2338 del.
705 2289 800 2350 llreyss.
813 2289 888 2336 balth.
1046 2286 1093 2338 ket
1104 2291 1150 2339 del.
1162 2293 1229 2340 Ead-

201 2455 232 2503 29
251 2455 295 2506 Qai
307 2456 394 2502 bievslo
404 2463 458 2502 oste
468 2463 552 2516 prator
562 2457 586 2501 s'a
597 2455 712 2514 Hispania
721 2450 778 2514 sae·
811 2453 849 2500 tt
868 2467 923 2500 eum
943 2453 1061 2501 Ciceronis
1083 2455 1158 2502 locum
1176 2455 1201 2502 in
1220 2455 1322 2502 editione
1335 2457 1421 2503 Gravii

167 2516 218 2578 rot]
238 2519 282 2564 llic
293 2529 378 2578 prator
389 2520 413 2565 in
429 2520 564 2578 Hispaniam
576 2519 610 2563 lre
626 2519 740 2572 noluerat,
752 2525 778 2562 ut
810 2518 915 2577 apposita
926 2528 961 2564 est
973 2519 1022 2564 hae
1034 2519 1139 2565 salmasii
1157 2533 1185 2565 ea
1199 2521 1310 2566 Pliniania
1324 2521 1422 2567 Exerci-

168 2589 305 2628 constater
325 2597 343 2628 c.
366 2581 394 2627 lb
417 2596 494 2640 supra.
531 2582 593 2639 Ergo
612 2588 654 2626 ant
672 2581 777 2626 delenda
810 2581 937 2627 tationibus
956 2593 1018 2629 nota.
1053 2585 1168 2630 consortes
1185 2585 1323 2630 dicebantur
1345 2586 1422 2632 coha-

168 2655 223 2690 sunt
235 2659 301 2692 voces
314 2647 336 2691 la
349 2645 468 2704 Hisponis.
479 2653 520 2690 aut
532 2645 609 2704 lapsus
621 2653 655 2690 ιιι
666 2645 779 2690 anemoria
811 2646 997 2704 redesqnamdiu
1010 2647 1133 2692 hereditas
1142 2648 1215 2693 divisa
1224 2659 1339 2694 nouerat.
1352 2651 1422 2696 Glos-

171 2707 257 2754 Livins.
809 2722 855 2753 sa:
884 2717 1003 2764 consortes,
1026 2707 1154 2770 ιοινόβιοι,
1178 2709 1318 2772 σύγκληροι.
1362 2713 1422 2760 lnde

201 2771 233 2818 att
250 2772 276 2818 t.
290 2772 387 2818 Corelli
405 2771 516 2830 Scipionis
531 2767 649 2830 praetoris]
668 2770 777 2816 'l'estatur
809 2775 974 2818 stramoniam
983 2774 1079 2819 societas
1090 2783 1114 2820 et
1126 2775 1422 2824 communiocohreretlum.

170 2835 245 2881 vater.
261 2835 349 2885 blant
363 2834 407 2880 lll.
417 2835 466 2888 ab,
479 2836 527 2894 ejus
537 2835 678 2895 propinquos
686 2835 778 2880 dedisse
811 2835 899 2881 Contra
911 2838 1024 2892 dissertes,
1033 2847 1156 2896 postquam
1168 2839 1302 2884 diviserant.
1314 2839 1421 2886 Gloasn:

169 2913 271 2958 operam,
284 2913 313 2945 ne
332 2908 372 2945 aut
391 2899 470 2944 sellam
489 2913 583 2959 ponere.
595 2907 636 2944 aut
648 2899 687 2958 lus
699 2899 777 2945 dicere
809 2900 924 2954 distortor,
937 2895 1151 2963 dsoehnpsrllivree.

169 2964 275 3008 auderet.
318 2963 346 3010 ld
367 2963 463 3009 l'ortaase
485 2971 512 3009 ut
532 2963 644 3024 perticere
675 2971 776 3022 possent,
841 2963 872 3009 83
892 2965 996 3010 Cmrsles
1015 2968 1071 3010 ιιιίι
1090 2961 1169 3025 etiosa]
1199 2965 1312 3011 Tollenda
1329 2967 1423 3014 ridetur

169 3027 299 3073 anundum
326 3041 380 3074 eum
415 3042 429 3073 a
464 3027 599 3074 censoribus
634 3035 778 3074 curaverant
812 3027 1076 3086 particularitatemque
1091 3028 1422 3087 hienullumhabetsensum,

170 3090 283 3140 Quamvis
301 3092 362 3138 enirn
383 3091 452 3152 huius
471 3101 532 3138 note
550 3093 572 3136 vi
589 3099 713 3151 praeturam
733 3105 778 3136 non
811 3099 834 3135 et
846 3091 912 3136 facile
929 3091 1062 3150 immigrare
1078 3093 1155 3151 potuit
1171 3106 1201 3138 ex
1218 3093 1247 3138 iis
1264 3109 1317 3152 quta
1335 3109 1423 3154 pratee·

169 3155 294 3209 amitteret,
314 3157 416 3202 alienum
438 3163 516 3201 tamen
544 3163 594 3200 erat
621 3169 635 3201 a
665 3155 778 3213 dignitate
811 3155 877 3206 dunt.
889 3169 977 3201 consors
987 3158 1055 3202 etiosa
1066 3159 1170 3202 cessoris.

169 3219 249 3276 populi
263 3217 779 3272 Romechhominemacensoribusnotatum
843 3217 875 3264 tt
892 3219 929 3264 Ea
951 3220 980 3264 iis
1002 3219 1035 3264 Μ.
1058 3215 1165 3279 AEorr'lr'o]
1192 3221 1306 3266 tiendum
1334 3229 1370 3267 est
1397 3223 1421 3267 in

166 3281 206 3340 jus
218 3281 301 3335 dicere,
313 3289 336 3326 et
348 3289 449 3328 statuere
461 3281 489 3325 de
501 3280 600 3326 fortunis
611 3281 704 3326 civium.
811 3282 906 3326 nomine
925 3283 1032 3328 consulis.
1068 3283 1119 3328 Non
1139 3283 1202 3328 enim
1228 3283 1271 3329 boc
1287 3299 1357 3341 anno,
1379 3287 1422 3331 aed

202 3343 231 3389 ³1
252 3343 292 3388 Cre.
305 3344 388 3398 Fulvii,
399 3345 438 3402 qut
451 3339 530 3401 frater
538 3357 675 3402 gemenas.
689 3375 694 3388 .
707 3375 713 3389 .
725 3359 778 3392 eea·
810 3345 936 3404 superiore,
950 3345 1255 3393 mauritanensium

169 3402 238 3466 sois]
258 3405 319 3451 Huic
331 3405 413 3451 Fulvio
424 3419 557 3464 prenomen
574 3405 735 3464 assignabatur
753 3409 777 3454 in
842 3408 873 3454 85
890 3409 922 3455 Bt
933 3411 1029 3468 iprorsss
1046 3407 1128 3470 legati]
1148 3411 1191 3456 Vel
1210 3411 1310 3457 delenda
1320 3421 1356 3457 est
1367 3426 1421 3471 par·

169 3469 242 3514 veteri
262 3469 341 3514 codice
360 3469 451 3516 Lectae.
485 3470 516 3514 at
535 3467 636 3514 Velleius
647 3471 662 3514 l.
678 3469 696 3514 l.
708 3483 727 3516 c.
741 3471 777 3526 tt,
811 3471 881 3518 tlcula
892 3479 922 3526 et,
935 3474 972 3518 vel
983 3474 1071 3520 excidit
1083 3474 1148 3532 prius
1159 3475 1270 3520 orationis
1282 3477 1420 3521 membrum.

169 3545 224 3578 eum
235 3539 301 3578 vocat
314 3533 420 3578 Οιιαιιιιι
437 3531 504 3590 eique
516 3532 593 3592 potius
603 3533 777 3580 assentiendum
842 3535 874 3581 36
900 3537 985 3584 Gloreo
1084 3539 1264 3594 substruendas.
1290 3541 1420 3599 morginca-

170 3596 279 3655 Siponius
297 3596 421 3642 existimat.
455 3596 562 3642 Cetemm
583 3595 670 3652 is,slve
690 3595 716 3643 l.
731 3598 780 3644 siae
812 3595 908 3658 dosqae]
928 3599 995 3645 Vocis
1013 3601 1185 3648 sabsteraesdos
1200 3601 1251 3647 hac
1266 3601 1369 3661 proiecto
1386 3604 1420 3649 vis

171 3659 214 3706 Cn.
235 3658 337 3712 Fulvius,
354 3660 416 3705 idem
426 3667 469 3713 cat,
481 3661 520 3719 qui
531 3673 602 3720 supra
613 3661 628 3706 l.
642 3659 691 3706 xt..
703 3675 723 3707 e.
740 3661 779 3717 41,
811 3671 853 3716 ιιι,
877 3672 903 3707 ut
924 3663 1047 3722 lapidibus,
1069 3665 1152 3723 quibus
1181 3667 1345 3711 sternebantur
1369 3667 1420 3720 via,

170 3731 265 3769 vocatur
283 3722 315 3768 lt.
329 3723 424 3769 Fulvius
437 3723 551 3782 Nobilior,
561 3731 585 3770 et
602 3723 688 3770 dicitur
706 3725 779 3782 legio·
810 3725 885 3771 solum
897 3739 911 3771 e
922 3735 983 3772 terra
994 3727 1098 3788 lapidosa
1112 3730 1305 3785 substerneretur,
1317 3729 1353 3776 cui
1365 3731 1419 3775 ooli·

170 3800 224 3832 nem
243 3787 268 3832 in
283 3787 448 3845 quatribunus
464 3787 564 3834 militurn
584 3795 642 3846 erat,
658 3787 779 3834 dimisisse.
812 3789 864 3835 dius
882 3803 909 3834 ac
929 3789 1017 3836 firmius
1032 3791 1121 3850 lspides
1138 3791 1286 3838 inhererent.
1320 3795 1355 3838 Ac
1370 3808 1419 3839 rem

170 3849 240 3901 Quod
251 3857 330 3895 autem
342 3849 366 3895 in
378 3849 454 3908 priore
471 3851 511 3896 illo
523 3851 574 3896 libri
588 3851 637 3897 xi..
649 3851 699 3896 loco
711 3865 777 3897 voca·
811 3852 880 3900 irase
891 3853 976 3900 habere
987 3855 1070 3902 asserit
1083 3855 1189 3900 oculatus
1200 3857 1273 3911 testis,
1290 3857 1325 3902 Ol.
1340 3865 1421 3902 auctor

170 3923 208 3961 tur
227 3915 258 3960 Μ.
273 3911 368 3960 Fulvius
387 3912 500 3964 Nobilior.
513 3913 552 3959 bic
568 3924 646 3960 autem
659 3915 702 3960 Ctt.
723 3915 777 3960 rut·
812 3917 964 3976 Antiquitatir
976 3917 1137 3963 schematibus
1148 3919 1277 3973 illustrate,
1288 3921 1328 3978 qui
1338 3921 1420 3979 Appia

170 3979 229 4031 rius,
240 3977 265 4024 id
275 3991 305 4023 ex
316 3989 344 4022 eo
355 3975 409 4022 oriri
422 3977 530 4034 Sigonius
547 3977 671 4030 existimat,
689 3979 780 4036 quoda
812 3979 856 4024 ria
873 3988 962 4038 partem
979 3981 1083 4040 aliquam
1101 3981 1229 4028 etiamnum
1250 3983 1363 4041 integram
1383 3984 1420 4028 in·

171 4041 204 4092 Ι.
218 4040 301 4088 fulvio
313 4039 431 4085 Nobiliore
449 4041 573 4099 adoptatus
594 4049 661 4086 essct.
696 4041 779 4100 ltaque
811 4043 1033 4102 spexitdiligentins
1045 4053 1069 4090 et
1079 4045 1216 4105 exploravit.
1237 4047 1298 4092 Eum
1310 4046 1356 4091 rid.
1365 4056 1422 4092 tom.

171 4107 212 4152 Ga.
225 4105 317 4151 Falrr'se
328 4103 422 4150 Floreat
438 4102 539 4162 primum
557 4111 593 4149 eat
611 4107 661 4164 ejus
677 4117 777 4151 nomem
812 4105 838 4150 V.
851 4114 916 4166 parte
929 4105 960 4152 ll.
994 4107 1161 4169 Morglaoados
1175 4118 1237 4155 recte
1254 4109 1362 4169 Daiatius
1378 4125 1422 4155 ex·
1521 4108 1524 4133 ¹

170 4170 204 4216 Π.
224 4169 318 4215 Falerios
335 4167 438 4213 Nobilior
457 4181 541 4212 nomen
560 4176 595 4212 est
614 4167 673 4213 illud
685 4169 778 4226 quoda
810 4171 875 4228 ponit
898 4171 1041 4230 marginibus
1061 4172 1159 4232 lapideis
1175 4175 1321 4219 muniendas.
1357 4175 1421 4220 Mar·

168 4241 234 4292 patre
246 4231 354 4292 adoptivo
364 4231 408 4276 sibi
419 4231 553 4276 adsciverat.
809 4233 875 4291 pines
895 4234 936 4288 illi,
950 4235 1026 4294 inquit
1044 4235 1122 4296 Rapit.
1142 4237 1265 4282 Fabrettus
1285 4237 1309 4282 in
1323 4238 1422 4296 Apolng.

201 4295 232 4341 ³2
249 4291 446 4354 Et...eoasorr]
466 4293 554 4339 Eodem
574 4294 686 4339 vocabulo
704 4295 778 4340 utitur
809 4297 839 4342 ad
862 4297 1033 4353 Grunnovium,
1046 4301 1178 4358 firmitatem
1193 4301 1225 4345 od
1242 4303 1331 4346 riona
1348 4303 1423 4348 latero

169 4357 272 4404 Velleius
284 4359 327 4404 hac
339 4359 390 4418 ipsa
399 4359 428 4403 de
440 4372 465 4403 re
474 4371 551 4417 agens.
586 4357 777 4417 ciceroquoqua,
809 4373 934 4406 crassorum
952 4363 1129 4420 lapidantem,
1144 4363 1230 4422 duplici
1249 4367 1327 4419 otiose,
1344 4367 1423 4425 tripli·
1516 4399 1522 4415 ,

168 4421 183 4466 Ι.
196 4421 241 4465 ΙΙΙ.
254 4421 279 4466 ln
291 4421 355 4466 Verr.
367 4436 390 4467 n.
405 4421 444 4476 57,
464 4422 589 4468 &stromat
605 4429 628 4468 et
645 4421 780 4468 Numenium
810 4425 874 4483 ct'qae
892 4425 984 4480 alicubi.
995 4432 1020 4472 stt
1039 4428 1208 4483 observavimus,
1225 4430 1274 4474 aios
1289 4431 1352 4490 ipsos
1370 4445 1423 4474 ros·

168 4489 190 4528 et
202 4484 390 4544 Νμριοιοηιι,
403 4481 660 4546 mssvoresmmro
668 4486 777 4546 appetat.
811 4487 919 4534 tractant.
