3098 4958
438 351 526 416 LIB.
549 351 653 416 XLV.
689 351 786 416 CAP.
813 351 985 417 XXXIII.
1325 358 1389 422 48⁷

133 507 278 584 tempore
288 519 363 562 carm
377 497 490 564 lembis
501 497 583 562 circa
594 499 735 564 Lesbum
746 507 795 564 est
803 507 946 584 vagatus,
954 507 1052 598 portu
1061 510 1224 586 receptum
1238 523 1266 570 υ.
1279 523 1305 570 c.
1317 523 1371 571 sas.

131 583 364 649 commeatibus
382 582 551 667 juvissent.
595 584 671 648 Duc
696 583 798 648 securi
822 605 964 668 percussi
984 585 1043 650 viri
1061 585 1266 670 insignes3Au
1278 587 1305 636 ἃ
1319 587 1371 642 ¹⁶⁷·

133 667 339 732 Andronicus
361 667 537 732 Andronici
558 667 642 732 filius
665 667 805 747 AEtolus,
818 669 915 752 quod,
935 677 1058 754 patrem
1084 680 1223 752 secutus,

132 773 221 816 arma
234 759 346 816 contm
363 751 521 837 populum
537 753 717 818 Romanum
731 752 876 818 trdisset:
900 761 934 818 et
948 755 1019 820 Neo
1039 755 1223 838 Thebanus,

131 837 154 868 ⁸¹
189 858 231 900 uo
246 845 374 900 auctore
389 836 571 900 societatem
582 857 656 900 cum
671 837 785 902 Perseo
793 837 977 922 junxerant.

166 857 327 984 ι11Χ1111.
351 921 414 986 His
434 941 541 984 rerum
552 929 754 986 externarum
769 921 1004 1007 cognitionibus
1015 923 1221 1009 interpositis,

131 1005 349 1070 Macedonum
378 1025 490 1070 rursus
519 1005 707 1070 advocatum
741 1005 927 1072 conciliumr
964 1009 1221 1093 pronunciatum,

131 1089 155 1124 ⁶⁰
167 1091 256 1162 Quod
274 1090 318 1154 od
334 1095 448 1154 stum
465 1090 655 1154 Macedonia
673 1091 858 1172 pertinebat,
875 1099 1040 1171 morea,
1053 1113 1127 1174 quos
1140 1095 1221 1175 Syn·

129 1174 221 1238 edros
233 1181 352 1252 umora,
371 1174 511 1256 lmendor
528 1194 601 1252 esre,
616 1195 743 1256 porum
760 1177 884 1240 cornilio
901 1177 1071 1258 respublica
1089 1179 1220 1242 admini-

128 1264 293 1322 straretur.
345 1258 486 1322 Nomina
509 1258 623 1322 deinde
644 1267 722 1322 sunt
748 1259 878 1324 recitata
932 1259 1010 1324 rinei
1035 1283 1090 1326 um
1109 1263 1219 1328 Mace-
1232 1281 1350 1342 senape,

128 1341 263 1420 donum,
276 1363 357 1426 quos
380 1363 454 1406 cum
477 1342 595 1421 liberis,
610 1343 783 1428 majoribus
806 1365 903 1427 quam
923 1365 945 1428 q
969 1344 976 1358 '
1042 1345 1105 1410 cim
1117 1367 1218 1412 annm
1232 1345 1372 1422 necepses

127 1427 225 1505 nan,
247 1426 423 1511 precam
443 1427 477 1490 in
499 1427 624 1490 rcum
647 1427 795 1512 placeret.
839 1428 890 1506 ιι,
913 1428 1017 1513 prima
1034 1430 1138 1514 apae
1159 1409 1361 1520 sssszssfflssff

125 1511 981 1660 8888
995 1513 1145 1662 8.
1160 1536 1219 1664 ‘r
1282 1487 1312 1533 ‘⁸

126 1680 227 1778 duces
241 1639 606 1778 exercituum,·praesecti
625 1617 1081 1780 nariumrdugispraesidid'mubii3
1102 1621 1217 1749 sedani

124 1785 194 1946 8
218 1764 385 1946 88,
407 1764 1217 1947 8888888888

124 1953 233 2016 regius
248 1933 397 1998 ommbus
411 1943 515 2000 victus
529 1941 744 2018 vestrtusquer
760 1934 841 1998 nullr
851 1934 951 1998 civilis
963 1935 1215 2020 minuensque

125 2017 234 2114 legum
248 2039 351 2102 neque
372 2017 526 2082 libertatis
548 2039 650 2103 aequoe
673 2018 808 2103 patiens.
851 2017 996 2082 Omnes'
1022 2019 1095 2098 tur,
1108 2021 1164 2104 qui
1182 2021 1216 2084 in

125 2101 285 2184 aliquibus
299 2102 482 2166 ministeriis
494 2103 601 2188 regiis,
615 2101 711 2166 etiam
724 2101 781 2187 qui
793 2102 827 2166 in
851 2103 991 2166 minimis
1075 2103 1216 2170 tionibus

124 2187 261 2264 fuerant,
268 2187 352 2271 jussi
367 2187 558 2252 Macedonia
577 2187 735 2265 excedere,
750 2194 846 2270 atque
867 2187 901 2250 in
925 2186 1050 2250 ltaliam
1070 2188 1137 2252 ire:
1160 2189 1216 2286 qui

124 2291 192 2334 non
209 2271 366 2355 paruisset
386 2271 528 2356 imperio,
547 2293 633 2336 mors
655 2271 855 2335 denunciata.
899 2271 1002 2356 Leges
1018 2271 1215 2338 Maccdomse
1230 2281 1304 2342 tege·
1311 2284 1380 2331 ‹1⁸¹2-

124 2354 214 2418 dedit
226 2377 300 2420 cum
313 2365 403 2420 tanta
416 2378 502 2434 cura,
516 2365 555 2421 ut
573 2377 638 2420 non
655 2355 802 2420 hostibus
819 2355 922 2434 vlotis,
944 2355 1001 2419 sed
1022 2355 1115 2420 sociis
1133 2355 1214 2422 bene

123 2439 256 2517 meritis,
277 2441 351 2504 dare
368 2441 542 2505 videretur:
570 2450 602 2505 et
620 2461 700 2526 quas
719 2461 760 2504 ne
779 2461 857 2504 usus
877 2439 1006 2524 quidem
1024 2439 1120 2525 longo
1135 2449 1215 2506 tem-

123 2545 203 2608 pore
228 2525 294 2608 (qui
324 2545 409 2590 unus
435 2535 485 2590 est
514 2525 621 2610 legum
646 2527 822 2608 contestor)
845 2525 1035 2610 experiendo
1055 2535 1213 2610 argueret.

123 2608 178 2672 Ab
193 2609 281 2674 seriis
300 2609 395 2674 rebus
414 2609 582 2689 ludicrum,
603 2611 690 2694 quod
704 2631 743 2674 ex
757 2609 859 2674 multo
881 2617 955 2674 ante
973 2619 1161 2710 praeparato,
1182 2617 1216 2676 et

123 2693 160 2756 in
183 2694 269 2758 Asiae
292 2693 444 2773 civitates,
465 2702 498 2758 et
525 2695 566 2758 ad
586 2715 676 2780 reges
705 2695 821 2774 missis,
843 2695 900 2780 qui
923 2694 1160 2776 denunciarent,
1182 2705 1215 2762 et

123 2799 226 2861 quum
246 2778 425 2844 circumiret
438 2777 507 2864 ipse
524 2779 657 2844 Graecioe
671 2780 824 2858 civitates,
839 2780 996 2844 indixerat
1027 2779 1214 2866 rincipibus,

122 2883 243 2960 magno
256 2863 608 2962 adparatustmmipoli
622 2864 706 2962 fecit:
749 2865 835 2928 Nam
849 2873 882 2928 et
900 2865 922 2900 ⁸¹
984 2865 991 2879 '
1017 2887 1091 2928 cum
1111 2865 1214 2930 omnis

122 2947 626 3129 8888888
638 2948 1215 3098 remum

122 3116 297 3200 legatrones
322 3137 395 3182 cum
418 3117 565 3196 victimis,
589 3125 621 3182 et
642 3116 798 3201 quidquid
865 3117 909 3180 ud
933 3117 1076 3181 Deorum
1110 3117 1212 3181 homi·

122 3221 266 3284 numque
280 3221 392 3266 caussa
404 3202 472 3266 fieri
484 3202 608 3286 magnis
622 3201 706 3266 ludis
721 3201 755 3265 in
771 3200 895 3266 Graecia
910 3201 1000 3264 solet.
1028 3201 1079 3264 Ita
1093 3201 1212 3264 Iactum

123 3292 185 3362 est,
200 3293 315 3350 utnon
331 3286 597 3371 magnificentiam
610 3293 747 3364 tantrrm,
763 3286 819 3350 sed
833 3285 1035 3370 prudentium
1049 3286 1083 3348 in
1099 3285 1212 3350 dandis

123 3370 322 3514 ipeououIb,
337 3371 465 3455 adquae
487 3371 582 3434 rudes
606 3379 676 3436 tum
699 3370 835 3434 Romani
857 3379 957 3449 erant,
972 3369 1210 3434 admirarentur.

157 3453 240 3536 pulae
255 3475 381 3540 quoque
394 3455 605 3554 legationibus
620 3463 737 3542 paratae
748 3464 781 3519 et
790 3454 953 3540 opulentia
966 3463 999 3520 et
1007 3475 1083 3520 cura
1092 3455 1211 3519 eadem.

123 3537 231 3620 Vulgo
242 3539 363 3638 dictum
376 3539 477 3624 ipsius
491 3539 643 3638 serebant,
652 3547 685 3604 et
697 3539 877 3638 convivium
892 3539 1057 3620 insu-uere,
1072 3547 1106 3604 et
1118 3539 1212 3604 ludos

122 3623 1060 3804 ΡἭὲῧῗωὲιῖἰΐἸὲἒοῖιοηῗιῗιξθέἓηξξΰρείιφιε
1074 3708 1163 3771 aereis
1177 3706 1211 3772 in

122 3809 220 3854 naves
242 3791 398 3876 mpositis,
412 3799 517 3856 cetera
539 3792 644 3856 omnis
667 3813 790 3876 genens
812 3812 909 3869 arma,
925 3791 1087 3856 cumulata
1109 3791 1143 3856 in
1162 3792 1211 3856 in·

120 3881 252 3958 gentem
281 3897 439 3955 acervum,
457 3885 604 3962 precatus
630 3877 779 3953 Martem,
795 3875 985 3954 Minervam,
1010 3877 1210 3974 ”Luamque

121 3966 266 4040 matrem,
293 3969 327 4024 et
340 3968 461 4026 ceteros
487 3962 585 4039 Deos,
611 3959 728 4045 quibus
749 3959 850 4044 spolia
872 3959 1012 4024 hostium
1033 3960 1136 4025 dicare
1155 3981 1210 4044 Jus

154 4143 186 4190 bb
206 4145 253 4192 Quo
263 4152 353 4193 aneton
364 4148 491 4194 mutes
507 4159 556 4192 eam
568 4145 650 4192 Perseo
658 4143 730 4206 jesa·
766 4145 827 4204 Lege
837 4148 965 4204 pertineat.-
983 4147 1098 4205 siquidem
1107 4145 1156 4191 Irae
1164 4151 1218 4190 runt
1227 4145 1297 4190 verba
1308 4145 1371 4204 lega·

119 4203 200 4266 erant]
219 4207 341 4256 Quinam!
375 4209 471 4254 Excidit
483 4223 576 4264 nomen,
589 4209 626 4254 sel
639 4209 732 4254 Theba·
765 4215 841 4254 torum
855 4209 1022 4255 Romanorum.

119 4283 214 4324 norum,
226 4272 262 4316 rel
276 4271 416 4318 soonam.
452 4273 487 4319 De
500 4273 586 4318 Iloeotis
602 4273 626 4317 in
639 4271 733 4317 unirer·
797 4271 826 4318 tl
845 4269 978 4332 Artificem]
997 4269 1273 4318 transcendite.
1288 4271 1307 4316 1.

119 4347 174 4380 sum
186 4341 212 4378 ut
223 4335 372 4394 accipiamus,
383 4336 458 4395 magia
477 4337 575 4382 inclinat
591 4336 691 4388 animus,
703 4336 733 4380 ob
797 4335 829 4380 62
847 4335 961 4397 Lampas
977 4331 1082 4392 matrem]
1104 4334 1141 4378 Sic
1161 4341 1221 4378 recte
1241 4333 1372 4387 Turnebus,

119 4413 148 4442 aa
161 4411 214 4455 qun
224 4397 295 4444 habet
308 4399 387 4446 Lisius
398 4414 469 4459 supra
479 4401 494 4446 1.
504 4400 578 4446 xtrr.
589 4413 654 4458 capp.
666 4399 731 4444 4221
764 4414 836 4456 quum
853 4400 917 4458 prius
934 4401 1050 4458 legeretur
1061 4397 1156 4444 tm
1192 4396 1244 4442 Vid.
1257 4407 1304 4444 not.
1316 4399 1332 4444 2
1342 4399 1372 4444 ad

118 4461 159 4508 aa
196 4461 261 4506 bdds
273 4471 296 4508 et
309 4463 390 4521 Polyb.
405 4463 485 4522 Legat
497 4463 536 4510 bb.
763 4462 925 4510 11111181.

153 4525 186 4570 60
204 4525 270 4573 Quod
286 4528 317 4572 ad
334 4533 417 4574 statam
436 4528 574 4576 aarum
588 4523 730 4586 pertinebat]
