3056 4962
413 341 737 405 Hls'l'ORIARUM
761 343 937 410 LIBROS.

78 507 151 566 rium,
163 509 203 558 36.
220 517 315 558 creatur
333 509 446 558 triumvir
462 509 563 559 colonie
581 511 657 560 dedu-

78 573 171 630 cendae,
184 573 221 620 43
239 573 392 635 quinquevir,
407 585 434 621 ut
452 574 483 622 de
501 574 589 622 finibus
608 586 656 623 sta-

80 646 167 693 tueret,
178 647 340 698 cognosceret,
353 638 392 692 46,
406 638 442 685 13

32 699 76 752 Q.
102 700 202 760 Fabius,
225 699 329 747 Maximi
351 701 422 756 tilius,
448 702 543 764 Gurges
566 701 657 763 aliquot

78 775 210 814 matronas.
229 774 268 810 stu
286 763 451 820 ridamnatss,
471 765 654 828 mulctatpecu-

78 828 128 882 nis,
139 827 175 883 19,
183 827 221 874 31.
278 842 315 874 em
324 828 428 876 Veneris
437 839 505 876 curat
514 829 655 886 faciendam,

78 893 137 936 ibid.
154 889 246 946 consul,
257 891 296 945 47.

33 953 75 1007 Q.
90 953 182 1002 Fabius
197 955 285 1012 Labeo,
303 963 408 1014 quaestor
426 955 539 1012 urbanus,
557 956 597 1012 33,
615 958 653 1004 42

78 1017 102 1064 ei
131 1032 246 1080 magnum
268 1029 390 1066 certamen
412 1033 467 1066 cum
492 1019 655 1068 sacerdotibus

76 1092 180 1143 propter
195 1081 310 1128 tributum
328 1081 476 1138 solvendum,
488 1085 543 1130 ibid
560 1093 655 1131 creatur

76 1156 175 1206 praetor,
187 1145 225 1198 37,
236 1145 273 1199 47.
290 1156 378 1208 praest
388 1145 467 1202 classi,
473 1149 511 1194 52
531 1147 618 1206 trajicit
629 1146 653 1193 in

77 1209 187 1264 Cretam,
199 1209 236 1254 69.
255 1210 307 1268 ejus
318 1223 357 1255 res
365 1209 391 1255 in
403 1209 461 1256 Asia
472 1220 552 1270 gestes,
564 1211 602 1266 33
614 1212 652 1260 39.

77 1271 219 1334 triumphat,
233 1271 270 1326 47.
287 1272 428 1320 candidatus
446 1273 591 1330 consulatus,
610 1289 653 1320 uec

76 1335 153 1382 semel
171 1335 294 1398 repulsam
312 1351 405 1397 passus,
424 1338 463 1393 39,
478 1337 516 1384 32.
543 1337 654 1384 triumvir

75 1400 172 1446 duabus
183 1398 284 1446 coloniis
292 1399 446 1457 deducendis,
459 1402 496 1447 44
514 1400 606 1459 consul,
615 1403 652 1449 te.

75 1463 195 1526 pontifex,
208 1463 246 1519 49,
259 1465 296 1510 42

34 1528 73 1582 Q.
88 1526 180 1573 Fabius
195 1526 320 1574 Maximus
340 1525 434 1583 liullus,
454 1526 531 1574 sedilis
554 1527 652 1585 curulis,

75 1591 148 1649 8,19.
166 1590 254 1637 iterum
265 1590 396 1638 secundum
409 1592 523 1652 quosdam
534 1601 652 1646 auctores,

78 1657 117 1710 19,
130 1657 146 1703 9
157 1661 179 1702 et
193 1655 229 1702 11.

75 1719 651 1846 ..itt?titt'lttnliitittttt‘tttz

76 1845 178 1901 nitibus,
189 1855 213 1892 et
224 1859 339 1956 proqpere
354 1859 405 1893 rem
417 1847 486 1920 gerit,
499 1847 537 1894 39.
555 1861 652 1894 concre-

261 1919 270 1955 t
289 1923 297 1955 1

75 1919 129 1956 mat
140 1923 205 1955 arma
216 1909 259 1956 hos
298 1925 312 1956 a
332 1911 387 1956 ibid
404 1920 492 1956 citatur
503 1909 652 1968 sdietstore,

73 1975 115 2020 32.
133 1987 186 2019 sese
197 1972 284 2034 recipit
295 1972 326 2019 ad
338 1972 439 2029 triarios,
452 1973 494 2034 qui
509 1989 564 2020 eum
576 1974 650 2022 dicta-

73 2036 124 2082 tori
136 2035 250 2097 eripiunt,
260 2039 315 2083 ibid.
333 2036 394 2099 sugit
407 2036 517 2093 Romam,
526 2039 564 2086 33
581 2053 652 2086 noxa

73 2101 205 2148 damnatus
213 2100 316 2173 donatur
323 2100 420 2162 populo,
430 2103 469 2148 35.
482 2110 577 2148 vetatur
585 2101 651 2163 quic·

73 2179 159 2272 quarn¹
171 2179 218 2276 pipp
233 2173 375 2226 magistratu
393 2179 471 2226 agere,
495 2165 533 2212 36
556 2175 652 2214 creatur

73 2243 151 2275 consu
161 2261 168 2283 ,

716 512 844 575 imperium
862 513 1043 576 auspiciumque
1058 525 1145 580 sponte
1161 518 1232 575 redit,
1250 520 1288 568 39.

716 585 801 624 exacto
811 578 921 626 semestri
934 578 1041 640 imperio,
1060 580 1155 628 abdicat
1171 597 1198 628 se
1212 582 1288 630 dicta-

715 648 775 697 tura,
795 641 834 688 31.
860 643 911 702 ejus
933 642 963 688 ad
987 641 1014 689 L.
1031 642 1157 692 AEmilium
1178 645 1288 694 Paullum

714 704 836 752 consulem
848 704 931 761 oratio,
951 707 990 754 39.
1016 707 1068 766 ejus
1088 707 1215 756 consilium
1234 719 1289 772 post

713 765 805 814 cladem
818 769 976 823 Cannensem,
987 771 1025 816 bb.

712 832 1212 955 ..i'tittttti‘tt2iititti
1229 836 1287 946 iii

712 957 764 1017 ejus
774 972 812 1005 res
823 968 905 1020 gestae,
918 959 1019 1006 46-43

744 1021 795 1082 ejus
807 1022 883 1068 oratic
903 1022 932 1070 de
943 1021 1053 1070 creandis
1064 1023 1202 1072 consulibus
1214 1040 1286 1088 quem

712 1084 923 1144 prudentissimis,
934 1087 1002 1142 24,3
1020 1086 1103 1134 consul
1112 1097 1223 1149 quartum
1234 1103 1285 1136 cre·

711 1150 806 1203 stanti.
832 1147 964 1196 Casilinum
980 1159 1111 1258 oppugnat,
1131 1151 1167 1200 19.
1193 1151 1286 1215 legatus

712 1209 762 1258 iilic
773 1211 866 1258 consuli
877 1212 907 1259 ad
920 1213 1009 1259 Suessu
1019 1228 1056 1260 am
1070 1213 1143 1270 venit,
1154 1216 1193 1261 44
1272 1230 1277 1240 ·

744 1274 864 1322 Annibale
875 1275 904 1322 ad
918 1275 1020 1322 Romam
1039 1278 1225 1339 oppugnandam
1242 1293 1285 1326 ve-

711 1336 794 1384 niente
816 1348 900 1385 censet
920 1338 1098 1387 abscedendum
1120 1355 1171 1388 non
1196 1355 1249 1390 esse
1271 1357 1286 1390 a

712 1400 802 1463 Capua,
814 1402 852 1458 26,
864 1403 885 1448 3.

743 1464 826 1512 consul
844 1465 962 1528 quintum,
981 1466 1022 1526 27,
1035 1466 1057 1522 7.
1092 1467 1196 1516 Senatus
1218 1467 1285 1531 prin·

710 1541 775 1590 ceps,
790 1529 825 1576 11.
846 1529 987 1577 Marcellum
999 1543 1043 1592 per
1053 1528 1135 1579 literas
1150 1541 1239 1588 monet,
1258 1541 1286 1580 ut

711 1607 782 1652 quam
794 1592 910 1640 acerrimo
929 1593 992 1641 bello
1011 1593 1119 1641 detineat
1130 1595 1285 1654 Annibalem,

712 1656 748 1702 l2.
767 1655 895 1704 Manduria
907 1656 930 1704 vi
950 1666 1028 1719 capta,
1040 1657 1134 1706 obsidet
1152 1659 1285 1708 Tarentum

710 1727 734 1765 et
745 1719 817 1783 capit,
832 1722 867 1768 lb.
898 1721 963 1769 Deos
974 1721 1048 1769 iratos
1060 1721 1199 1771 Tarentinis
1215 1723 1286 1784 jubet

710 1782 821 1845 relinqui,
836 1785 872 1833 16.

743 1847 838 1895 bivium
851 1858 875 1896 st
886 1849 1017 1905 Neronem,
1030 1848 1148 1906 consules,
1165 1849 1212 1898 eibi
1230 1865 1283 1897 mu·

710 1919 752 1957 tuo
762 1911 908 1969 reconciliat,
920 1913 959 1968 27,
970 1914 1010 1960 36.
1044 1913 1161 1976 Scipioni,
1179 1913 1206 1961 in
1218 1913 1285 1962 Airi-

709 1987 761 2021 cam
774 1977 941 2023 transcendere
953 1976 1067 2038 cupienti,
1079 1977 1228 2036 adversatur,
1245 1980 1284 2034 23,

709 2038 747 2086 49.
766 2040 817 2098 eius
827 2039 911 2094 oratio,
922 2041 977 2086 ibid.
990 2047 1013 2087 et
1024 2055 1084 2101 seqq.

741 2102 804 2150 truci
826 2102 933 2150 oratione
958 2101 1122 2150 attentantis
1144 2102 1284 2167 Scipionem

708 2163 842 2228 impugnat,
853 2168 893 2221 22,
907 2167 943 2215 19.

741 2229 849 2284 moritur,
860 2230 899 2284 39,
912 2229 951 2276 26.
969 2229 1021 2289 ejus
1032 2227 1123 2286 laudet,
1132 2231 1187 2276 ibid.

108 2291 223 2346 interrex,
242 2293 264 2348 9,
278 2291 299 2346 7.
317 2291 427 2346 dictetor,
447 2293 484 2339 22.
503 2291 568 2354 capit
587 2292 651 2340 Sati·
676 2291 705 2345 Q.
717 2291 814 2350 Fabius,
827 2291 892 2338 lilius
904 2291 1068 2354 praecedentis,
1089 2303 1185 2354 praetor,
1202 2294 1241 2350 24,
1260 2296 1282 2342 9.

72 2355 164 2408 culam,
181 2357 236 2401 ibid.
262 2355 336 2402 vincit
356 2354 483 2412 Samnites,
501 2357 539 2402 23
563 2355 650 2404 iterum
707 2355 805 2403 sortitur
819 2355 941 2418 Apuliam,
955 2357 991 2403 12
1015 2355 1101 2403 absens
1112 2367 1209 2403 creatur
1224 2371 1283 2404 con-

72 2418 214 2474 consul,33.
232 2417 347 2465 adsersus
356 2418 471 2466 Etruscos
482 2418 651 2480 proficiscitur,
707 2418 752 2474 sul,
766 2421 805 2468 43.
823 2431 915 2481 patrem
924 2419 994 2480 jubet
1004 2418 1149 2466 descendere
1162 2434 1231 2480 equo,
1244 2421 1286 2467 44.

73 2497 165 2542 eoaque
177 2481 262 2536 fundit,
274 2483 306 2528 36
317 2489 339 2530 et
350 2497 410 2543 seqq.
425 2483 507 2542 jussus
525 2497 539 2529 a
557 2493 650 2540 senatu,
707 2482 828 2530 Altinium
839 2482 961 2546 Arpinum
977 2482 1047 2544 jubet
1058 2482 1152 2541 vinciri,
1164 2484 1202 2530 46.
1219 2483 1285 2546 capit

74 2547 105 2592 L.
119 2544 242 2608 Papirium
255 2545 391 2603 Cursorem,
408 2545 448 2592 cui
459 2545 561 2594 inieatus
572 2545 651 2608 priva·
707 2546 795 2609 Arpos,
806 2547 845 2594 46.

74 2610 192 2663 timeret,
210 2608 351 2656 dictatorem
369 2607 435 2666 dicit,
453 2609 492 2656 33.
510 2609 540 2657 ab
555 2610 650 2672 egregie
675 2608 704 2663 Q.
718 2609 807 2658 Fabius
818 2610 912 2672 legatus
923 2611 954 2658 ab
973 2609 1009 2658 M.
1023 2609 1094 2658 Livio
1112 2609 1212 2658 consule
1231 2609 1282 2658 tto·

73 2672 234 2736 perdomitam
247 2671 369 2719 Etruriam
387 2673 409 2719 ei
428 2673 582 2721 continuatur
591 2689 649 2722 con·
707 2687 770 2722 mam
782 2675 812 2722 ad
824 2683 933 2722 senatum
945 2673 1056 2732 mittitur,
1068 2676 1108 2730 26,
1120 2676 1142 2723 9.

73 2736 177 2792 tulatus,
198 2737 235 2782 41.
260 2735 335 2783 vineit
354 2736 474 2784 Samnites
496 2745 521 2784 et
538 2737 650 2794 Umbros,
675 2736 811 2794 QFabiua,
823 2753 900 2800 augur
910 2738 936 2786 in
948 2737 1027 2786 locum
1045 2739 1122 2802 patria
1133 2737 1232 2795 electus,
1243 2738 1283 2797 39,

73 2802 131 2847 ibid.
148 2799 171 2846 ei
189 2809 331 2861 prorogatur
348 2799 482 2862 imperium,
501 2801 539 2848 ta
565 2815 651 2849 censer
707 2801 972 2858 benenuntiate.

73 2879 172 2910 omnem
194 2862 311 2910 torentem
331 2865 423 2910 turbam
443 2863 469 2910 in
487 2873 590 2925 quatuor
608 2879 648 2912 ur·
675 2863 704 2916 Q·
718 2864 814 2922 Fabius,
827 2875 938 2928 quaestor,
950 2867 988 2922 39,
1001 2867 1039 2915 29.

73 2928 151 2974 banaa
163 2927 239 2973 tribus
250 2927 355 2988 conjicit,
367 2929 405 2974 46.
440 2926 543 2974 Maximi
560 2943 648 2990 cogno·
674 2927 703 2980 Q,
717 2927 806 2975 Fabius
827 2927 958 2982 Maximus,
977 2939 1072 2991 praetor,
1091 2928 1191 2976 sortitur
1208 2929 1282 2990 iuris-

73 2990 167 3038 menei
184 2990 262 3046 datur,
283 2993 337 3038 ibid.
362 2991 392 3038 ab
412 3005 440 3037 eo
460 2989 605 3050 institutum,
623 3002 650 3039 ut
706 2989 835 3038 dictionem
847 2991 1007 3054 peregrinam,
1019 2993 1058 3048 49,
1072 2993 1108 3039 13.

72 3054 169 3114 equites
182 3053 265 3102 Idibus
271 3053 649 3113 Quintilibustransveherentur,
674 3054 703 3109 Q.
718 3054 807 3101 Fabius
823 3054 953 3110 Maximus,
970 3054 1035 3101 illins
1056 3054 1083 3100 1.
1095 3051 1190 3101 AEmilii
1202 3053 1282 3102 Paulli

73 3120 130 3166 ibid.
705 3117 818 3174 consulis,
838 3119 877 3174 44,
889 3117 926 3165 36.
945 3116 1048 3164 nuncius
1059 3115 1166 3164 victoriae
1180 3116 1211 3164 de
1223 3117 1282 3164 Per·

106 3179 198 3228 insitus
209 3181 292 3229 consul
310 3191 422 3242 quartum
433 3190 534 3237 creatur,
554 3184 592 3239 19,
612 3184 647 3230 13
705 3195 748 3228 tao
758 3180 863 3228 mittitur
875 3181 985 3236 Romam,
1003 3180 1040 3226 ts.
1059 3181 1098 3235 db,
1113 3180 1134 3228 1.
1151 3179 1257 3226 mittitur
1267 3195 1283 3228 a

71 3245 151 3292 vincit
170 3245 297 3300 Samnites,
318 3247 354 3292 14.
377 3244 527 3292 consulatum
547 3257 649 3302 recusat,
705 3253 774 3306 patre
785 3243 860 3292 adAE
879 3243 953 3290 'nium
970 3252 994 3291 et
1006 3243 1113 3305 Agassas
1124 3241 1281 3304 diripiendas,

75 3310 112 3356 15.
130 3308 212 3355 consui
221 3308 338 3369 quintum,
345 3311 383 3356 22.
401 3309 452 3369 ejus
460 3320 581 3356 certamen
593 3324 649 3357 cum
705 3309 743 3362 27.
761 3317 786 3356 et
797 3308 827 3356 sd
841 3307 861 3354 ll
872 3306 936 3370 yrioa
947 3306 1135 3370 depopulandos,
1147 3307 1184 3354 33.

73 3373 101 3420 Ρ.
117 3371 194 3419 Decio
205 3371 296 3434 collega
307 3373 336 3419 de
349 3371 486 3434 provinciis,
496 3373 535 3419 24.
552 3372 649 3434 egregia
673 3371 702 3426 Q,
713 3371 802 3419 Fabius
815 3371 938 3419 Maximus
945 3369 1036 3427 consul,
1046 3369 1125 3418 Paulli
1133 3385 1217 3434 nepos,
1225 3385 1280 3419 cum

71 3437 126 3496 ejus
144 3435 169 3482 io
190 3450 247 3497 agro
259 3435 378 3483 Sentinati
391 3435 499 3492 victoria,
518 3435 549 3490 27
567 3444 590 3484 et
608 3439 647 3486 29.
705 3434 877 3498 Allobrogibus
888 3443 987 3498 pugnat,
1001 3433 1066 3497 Epit.
1079 3435 1117 3482 61.

72 3499 260 3561 triumphando.
673 3497 702 3552 Q
715 3499 804 3546 Fabius
817 3499 898 3546 Pictor
910 3497 1019 3559 Delphos
1033 3499 1064 3545 sd
1081 3496 1206 3546 orscttlum
1225 3497 1281 3545 mit·

32 3565 67 3619 Q
83 3561 647 3625 Fabiusblaximusvemucmuqleqatuscsr-
707 3561 772 3618 titur,
784 3564 823 3618 22,
834 3563 873 3617 67.
908 3561 1011 3635 Delphis
1031 3561 1133 3608 Romam
1153 3560 1225 3618 redit,
1242 3576 1281 3608 re·

71 3627 195 3688 rhaginem
208 3626 319 3680 mittitur,
330 3627 369 3680 21,
383 3626 418 3673 13
436 3625 584 3688 prodictator
595 3641 646 3674 ere·
705 3640 867 3688 sponsumque
879 3639 909 3672 ex
920 3634 1010 3686 scrtpto
1021 3624 1115 3680 recitat,
1126 3625 1165 3681 23,
1180 3625 1216 3673 11.
1234 3627 1278 3672 uid.

70 3701 134 3744 atur,
147 3692 186 3746 22,
204 3691 226 3736 3.
244 3689 318 3737 111ιιοι
337 3688 467 3751 Sibyllinos
485 3688 572 3752 inspici
590 3705 646 3753 poa-
704 3705 774 3748 snpra
786 3688 875 3734 Fabius
888 3687 976 3734 Pictor.

71 3753 142 3808 tulat,
155 3752 226 3815 idque
237 3752 364 3816 pervincit,
382 3755 404 3802 9.
430 3755 482 3813 ejus
499 3752 601 3801 consilia
616 3753 646 3801 de
673 3751 702 3806 Q.
715 3751 805 3800 Fabius
817 3751 906 3806 Pictor,
922 3749 1010 3798 flamen
1027 3749 1167 3807 Quirinalis,
1186 3760 1281 3800 creetur

71 3815 136 3864 bello
147 3817 260 3878 gerendo,
279 3817 315 3863 11.
339 3831 445 3878 pugnam
464 3815 589 3873 detrectat,
609 3817 645 3865 12.
704 3824 800 3878 praetor,
811 3815 850 3870 37,
862 3814 900 3870 47.
918 3813 940 3862 ei
953 3813 1063 3862 Sardinia
1081 3813 1206 3876 provincia
1223 3830 1279 3862 eve·

70 3882 124 3941 ejus
135 3891 206 3936 artes,
223 3882 277 3927 ibid.
300 3879 441 3942 magistrum
453 3880 560 3941 equitum
572 3879 645 3928 iniss-
704 3877 748 3935 nit,
759 3880 798 3926 69.
815 3877 981 3941 prohibetura
999 3877 1114 3940 pontifice
1127 3877 1232 3925 maximo
1243 3877 1279 3925 ire

71 3955 125 3990 tum
136 3944 201 3991 sanis
212 3942 319 3991 consiliis
335 3943 413 4001 habet,
434 3945 488 3990 ibid.
501 3951 524 3991 st
541 3945 577 3992 14
595 3945 646 4005 ejus
704 3940 730 3989 in
741 3941 897 4004 provinciam,
909 3943 946 3989 bl.
965 3941 1073 3998 moritur,
1085 3942 1124 3994 46,
1135 3941 1174 3986 44.
1192 4001 1197 4012 Ι

69 4007 193 4054 cunctatio
205 4016 229 4054 et
241 4007 266 4054 in
277 4006 363 4054 castris
381 4015 406 4054 et
423 4007 449 4054 in
468 4007 526 4054 urbe
543 4006 646 4064 infamis,
672 4007 701 4060 Q,
715 4005 804 4053 Fabius
815 4004 958 4061 Vibulanus,
971 4003 1062 4060 consul,
1080 4003 1150 4074 437.
1169 4001 1279 4048 tribunus

75 4069 298 4118 immiminuta
316 4069 447 4128 deluditur,
468 4071 497 4118 16
514 4079 537 4118 et
555 4071 592 4125 17.
609 4086 646 4118 sa·
704 4068 807 4116 militum
831 4067 951 4116 consulari
977 4076 1096 4130 potestate
1122 4074 1218 4118 iterum,
1240 4065 1278 4112 49.

70 4147 262 4182 crorumcaussa
275 4134 377 4182 Romani
390 4141 496 4190 vocatur,
513 4135 549 4182 13
568 4133 644 4181 invio-
672 4147 678 4162 ·
700 4135 788 4192 primus
799 4131 849 4193 ejus
858 4135 986 4179 tribunatus
994 4129 1278 4186 inbinicnettrepm'tar:

71 4197 148 4244 istum
170 4198 200 4245 ab
219 4196 341 4244 Annibale
363 4211 448 4258 agrum
470 4212 540 4244 auum
563 4196 647 4244 vendit
703 4197 744 4242 scd
759 4197 896 4257 supplendas
913 4201 946 4243 est
965 4211 993 4242 es
1011 4195 1088 4240 Fastis
1101 4191 1236 4249 Capitolinis
1255 4197 1278 4236 et

69 4259 386 4322 captitisredimendis,2lb
404 4259 646 4318 eoabseute,Minu-
703 4261 810 4315 Diodoro,
831 4261 863 4306 nd
884 4261 976 4306 tertium
998 4263 1053 4328 ante
1069 4269 1158 4308 anatim,
1181 4261 1278 4300 extrema

70 4324 122 4372 cius
143 4339 192 4372 retu
213 4340 260 4372 non
279 4323 429 4386 improspere
447 4324 518 4387 gerit,
537 4325 575 4371 24
599 4323 646 4385 ipsi
703 4323 797 4370 Liuiani
808 4325 862 4370 libri
874 4324 916 4370 IV.
929 4337 977 4380 cap.
990 4319 1028 4372 47.
1047 4327 1161 4371 interrex,
1174 4317 1226 4388 61.Ι
1253 4378 1258 4388 Ι

70 4397 180 4450 aequatur
199 4387 314 4451 magister
332 4388 448 4449 equitum,
466 4390 497 4436 26
514 4395 537 4436 et
552 4385 589 4436 26.
607 4387 647 4435 cui
673 4385 822 4442 Fabraterni,
835 4384 926 4448 populi,
937 4381 1112 4444 recipiuntura
1125 4379 1240 4427 Romanu
1251 4393 1277 4426 tn

70 4452 197 4510 laboranti,
215 4461 240 4499 et
258 4467 320 4515 pene
338 4453 389 4513 iarn
405 4451 476 4506 ticto,
495 4451 540 4500 lert
558 4467 647 4514 suppe·
704 4448 783 4504 fidem,
796 4450 866 4504 nte.
1056 4508 1061 4518 Ι
1178 4505 1184 4516 ‚

72 4517 126 4568 tias.
140 4517 171 4564 23
182 4525 205 4563 ct
216 4517 254 4566 29.
273 4515 388 4577 magister
405 4515 512 4578 equitum
533 4516 577 4562 snb
595 4517 646 4576 ejus
672 4513 699 4562 6.
713 4511 845 4568 Fabricius,
857 4513 886 4560 ad
899 4510 1018 4573 Pyrrltum
1030 4522 1124 4566 missus,
1138 4507 1203 4570 liptt.
1218 4506 1254 4555 13.

320 4578 373 4640 (47)
