3108 4982
436 321 524 386 LIB.
547 319 713 386 XXXIX.
739 319 837 385 CAP.
859 320 982 386 XLIV.
1326 329 1389 392 238

131 471 216 556 cipia
230 469 355 536 minora
368 468 461 532 annia
475 467 598 553 viginti,
612 489 686 552 quae
694 475 768 552 post
777 467 956 553 proximum
969 468 1105 532 lustmm
1116 469 1224 536 decem
1238 487 1267 534 u.
1278 488 1304 536 c.
1317 487 1371 536 ota.

131 556 276 620 millibus
290 553 373 632 sens,
387 561 444 616 aut
458 575 495 616 eo
507 551 619 637 pluris,
630 553 801 630 venissent,
815 551 893 616 “uti
907 574 944 616 ea
958 575 1086 637 quoque
1101 555 1224 618 decies¹
1237 554 1266 601 A.
1278 555 1305 603 ⁰·
1320 553 1371 602 ¹⁸⁴·

131 649 224 704 tanto
236 637 350 723 pluris,
372 657 468 721 quam
503 636 726 714 nuntiassent,
747 637 980 700 aestimarentur
986 663 996 716 ;
1018 647 1050 702 et
1064 638 1114 700 hia
1128 639 1224 704 rebus

132 724 284 790 omnibus
298 722 381 786 tarni
395 722 429 784 in
443 721 499 784 mil
513 721 519 734 '
555 720 626 784 teris
641 720 905 784 adtribuerentur.
933 743 1048 806 aquam
1063 723 1224 807 publicam

132 829 273 886 omnem,
294 807 328 870 in
349 806 510 892 privatum
534 804 705 872 aedificium
722 813 779 868 aut
854 827 909 868 um
924 806 1085 884 fluentem,
1099 807 1223 871 ademe-

132 903 231 972 rtmt3
252 900 295 970 et,
314 911 387 990 qnae
405 887 427 922 ⁸'
437 889 471 953 in
485 889 555 954 loca
569 889 697 974 publica
709 888 805 952 inaedi
829 898 899 954 cato
912 890 1093 954 inmolitave
1107 891 1223 976 privati

134 976 304 1055 habebant,
328 983 414 1038 intra
436 973 503 1038 dies
525 973 657 1056 triginta
678 972 818 1036 demoliti
845 979 931 1038 sunt.
974 974 1082 1060 Opera
1109 975 1222 1040 deinde

132 1061 277 1126 facienda
290 1081 330 1123 ex
344 1059 469 1124 decreta
483 1058 517 1122 in
536 1079 606 1122 cam
621 1079 689 1122 rem
709 1057 876 1142 pecunia⁸,
897 1057 1014 1122 ”lacus
1036 1061 1221 1124 sternendos

132 1145 249 1230 lapide,
263 1143 544 1228 detergendasque,
566 1163 630 1226 qua
642 1164 662 1204 o
685 1163 724 1204 us
738 1150 832 1221 esset,
851 1143 991 1222 cloacas3
1013 1143 1046 1206 in
1060 1145 1220 1209 Aventino

132 1239 166 1294 et
186 1230 221 1294 in
244 1229 313 1292 aliis
333 1228 489 1312 partibus,
509 1249 572 1311 qua
586 1248 650 1290 non
676 1247 729 1289 um
744 1235 843 1304 erant,
858 1226 1016 1290 faciendas
1029 1227 1220 1292 locaverunt.

131 1315 179 1378 Et
201 1313 371 1398 separatim
395 1312 528 1376 Flaccus
552 1310 699 1374 ⁶⁹molem
718 1311 759 1376 ad
779 1310 959 1396 Neptunias
979 1332 1086 1395 aquas,
1106 1321 1144 1376 ut
1162 1313 1222 1376 iter

175 1399 253 1483 pulo
275 1405 369 1476 esset,
393 1404 426 1460 et
440 1395 523 1460 uam
540 1415 597 1481 per
620 1393 825 1458 Formianum
846 1402 997 1458 montem.
1042 1395 1121 1460 Cato
1143 1397 1222 1460 atria

131 1421 210 1560 lio,
232 1481 390 1546 Maenium
412 1488 444 1544 et
464 1479 586 1544 'litium
603 1478 637 1542 in
658 1479 830 1557 lautumiis,
852 1487 885 1542 et
908 1488 1044 1563 quatuor
1064 1480 1221 1560 tabernas,

132 1566 358 1714 lapilluli
371 1563 1221 1734 ttlrltllfflt‘llll‘lbtttltttttlti

131 1734 323 1800 locaverunt.
345 1756 425 1819 quas
439 1733 609 1798 locationes
620 1669 720 1830 quenl
731 1693 869 1811 censius,
882 1733 1029 1817 precibus
1041 1741 1073 1796 et
1083 1733 1219 1798 lacrimis

129 1819 374 1906 publicanorum
396 1819 511 1896 victus,
534 1817 642 1880 induci
666 1824 699 1880 et
723 1816 761 1879 de
787 1816 912 1915 integro
934 1817 1030 1880 locari
1048 1818 1219 1903 jussisset3

129 1926 287 1983 censores,
307 1903 411 1968 edicto
436 1901 592 1966 submotis
619 1900 660 1964 ab
688 1901 789 1980 hasta,
818 1921 873 1985 qm
900 1901 1052 1966 ludificati
1081 1903 1218 1988 priorem

128 1987 319 2053 locationem
344 1996 443 2066 erant,
473 1986 579 2050 omnia
604 1985 714 2048 eadem
740 1985 884 2070 paullum
913 1985 1079 2050 inminutis
1107 1987 1218 2072 pretiis

127 2073 324 2136 locavenmt.
360 2071 486 2136 Nobilis
500 2091 634 2135 censura
647 2069 718 2148 suit,
733 2069 1003 2154 simultatiumque
1015 2071 1129 2155 plena3
1145 2093 1217 2156 quae

130 2157 183 2220 M.
195 2156 343 2220 Porcium
358 2157 420 2238 (cui
434 2155 587 2220 acerbitas
600 2176 637 2218 ea
650 2153 887 2271 adsignabatnr)
948 2177 965 2216 r
979 2177 1106 2218 omnem
1119 2156 1218 2218 vitam

129 2247 353 2306 exercuerunt.
394 2241 516 2305 Eodem
530 2261 613 2304 anno
628 2238 760 2303 colonus
773 2239 856 2318 duae,
883 2238 891 2269 ¹
928 2238 1067 2302 otentiab
1081 2239 1115 2302 in
1131 2239 1218 2302 Pice·

266 2414 362 2462 Ιοὶιιιιι
374 2414 446 2462 (iron.
459 2415 529 2462 cres.
658 2415 709 2458 ‘ee
716 2412 841 2472 paeonici.
854 2427 872 2460 e.
884 2427 904 2460 r.
916 2412 977 2460 decr.
991 2411 1056 2460 aaa

575 2471 590 2508 ὓ
600 2475 715 2523 Pollentia
724 2475 791 2522 Creu.

130 2639 199 2686 codd
207 2639 232 2685 in
244 2653 290 2700 qno
299 2640 383 2701 legitur
388 2637 513 2702 juratores.
547 2639 599 2686 ilco
609 2653 666 2700 erge
674 2639 740 2686 triste
772 2653 895 2700 aggressus
907 2647 949 2696 est,
964 2654 994 2688 ne
1006 2639 1058 2701 quis
1070 2640 1132 2702 quod
1145 2639 1194 2686 lieri
1206 2645 1307 2700 creptum
1324 2646 1382 2694 erat,

129 2711 155 2750 et
166 2717 273 2764 asperum
289 2704 332 2752 luit
348 2707 373 2752 in
392 2705 436 2751 bac
455 2713 521 2764 parte
540 2717 652 2759 censure,
667 2703 739 2764 quod,
771 2703 796 2749 ln
809 2713 881 2760 veste,
892 2713 917 2751 et
927 2705 1016 2751 mundo
1031 2705 1149 2762 muliebri,
1161 2711 1185 2751 et
1196 2703 1316 2759 vehiculis,
1330 2711 1381 2748 turn

128 2783 203 2828 quom
214 2775 283 2816 antea
293 2777 438 2824 ornamenta,
449 2778 473 2814 et
490 2767 560 2814 restis
576 2767 704 2822 muliebris,
715 2775 740 2814 et
771 2769 871 2815 servitiis
888 2769 974 2815 teneris
990 2784 1017 2816 ac
1033 2769 1138 2816 delicatis
1156 2767 1270 2814 habendis
1287 2781 1382 2827 eompa-

127 2832 235 2878 rsbieuls
246 2833 326 2880 cenam
338 2847 384 2879 non
396 2833 592 2886 adscriberentur,
604 2831 662 2877 Cato
669 2832 740 2891 jussit
772 2832 904 2892 randisqne,
912 2833 1004 2878 civilem
1012 2833 1107 2879 modurn
1117 2841 1141 2878 et
1149 2831 1304 2892 frugalitatem
1314 2845 1381 2890 egre·

127 2897 228 2942 adscribi
240 2911 292 2956 qo·
309 2897 381 2957 pluris
397 2910 466 2956 quam
486 2895 621 2954 quindecim
637 2895 738 2940 millium
771 2895 873 2941 deretur.
901 2895 987 2942 Decem
998 2895 1382 2954 millianrisgravissuntmarca

126 2959 182 3005 eris
192 2968 278 3016 ιιιιιιι,
289 2969 312 3006 et
324 2969 402 3006 rernm
413 2961 438 3006 in
447 2959 520 3005 millis
528 2959 580 3004 nris
589 2959 702 3014 attribuit,
713 2959 739 3004 id
770 2959 861 3017 argenti
875 2959 1014 3004 Parisienses
1028 2959 1064 3012 lo,
1076 2960 1151 3004 unciae
1162 2960 1185 3004 b.

126 3031 173 3078 eet,
184 3023 209 3068 in
220 3024 312 3084 singola
327 3025 379 3072 aris
395 3024 470 3070 millis
487 3031 565 3069 ternos
582 3023 635 3068 reris
654 3023 739 3082 gravis,
803 3022 835 3075 67
853 3023 881 3068 Is
900 3023 949 3068 loco
965 3023 1058 3080 publiea
1076 3023 1212 3079 madbieeta
1235 3018 1381 3084 tmnotttooe]

125 3086 178 3133 sire
200 3095 277 3134 ternos
299 3089 371 3134 reteri
391 3087 544 3134 estimatione
564 3100 634 3142 amca,
657 3086 738 3132 tributi
772 3083 881 3132 AEdiflcia
903 3085 995 3144 privata
1017 3084 1042 3129 in
1066 3083 1187 3144 publicum
1213 3085 1381 3144 procurrentia,

126 3151 224 3196 nomine
235 3151 305 3211 pendi
317 3153 397 3197 voluit.
432 3151 503 3197 Porro
520 3149 653 3210 quindecim
665 3149 740 3195 millis
771 3149 850 3208 qualia
870 3155 949 3195 essent
970 3147 1047 3208 podia,
1066 3149 1106 3194 des
1129 3149 1223 3194 bolom
1264 3149 1381 3203 Ceterum,

125 3215 181 3260 nris
202 3215 279 3274 gravis
300 3215 366 3274 paria
387 3213 529 3261 utimamus
541 3215 625 3261 marcis
647 3215 738 3274 argenti
771 3215 833 3272 quod
842 3213 966 3259 discrimen
975 3211 1292 3269 significationisinterroces
1301 3213 1382 3258 inaedi-

126 3279 272 3324 rsostrstibus
282 3279 321 3334 ιθ,
333 3293 386 3326 cnm
397 3279 472 3326 unciis
484 3278 507 3332 3,
518 3278 639 3324 semuncia
655 3277 675 3323 l.
765 3279 838 3335 firmo
857 3285 880 3322 et
899 3278 1007 3322 immottto
1026 3276 1176 3322 statuendum
1195 3275 1233 3331 sit,
1246 3275 1309 3323 baud
1325 3289 1382 3324 sane

160 3341 193 3388 bd
214 3343 291 3389 Utica
303 3359 387 3404 quoque
403 3344 478 3389 decens
494 3349 557 3388 tanto
571 3338 658 3403 pluris]
677 3341 739 3401 Lege
771 3341 859 3400 liquet:
872 3341 1383 3399 nisidicemusimmolitoesaeesquacoepta

125 3419 182 3451 cum
194 3405 290 3465 sigonio
303 3415 327 3452 et
340 3405 465 3462 Gronovio,
477 3407 549 3452 decies
560 3412 629 3452 tanto.
664 3407 740 3452 Causa
771 3405 837 3459 strui,
859 3405 995 3463 inaedificata
1013 3419 1065 3464 qua
1083 3404 1153 3464 plane
1171 3412 1290 3450 exstructa
1308 3411 1381 3450 erant.

125 3471 213 3516 erroris
230 3469 322 3516 ridetur
340 3484 369 3516 es
385 3469 464 3525 titisse,
481 3471 543 3528 quod
561 3468 590 3516 τὸ
601 3471 675 3516 decies
691 3470 740 3516 sols
772 3469 833 3514 Sane
845 3469 908 3514 verbi
920 3470 993 3515 osottrs'
1004 3468 1166 3522 eaelsestut
1177 3467 1278 3527 primum
1290 3467 1322 3513 rei
1335 3467 1381 3512 ini·

125 3533 244 3580 numerali
256 3534 347 3580 notsX
361 3534 385 3580 in
405 3533 470 3579 libris
487 3533 634 3592 designatum
650 3533 739 3592 reperi·
771 3531 831 3578 tium
850 3533 964 3591 designet.
997 3531 1079 3590 virgil.
1093 3532 1147 3578 AEn.
1162 3531 1216 3578 Vll.
1240 3528 1382 3592 uotnjom

126 3605 201 3652 retur,
214 3605 240 3642 ut
256 3605 291 3644 est
307 3597 332 3642 in
344 3597 471 3644 Victorino.
506 3597 623 3656 Mancipia
635 3596 738 3656 antiqui·
772 3602 832 3642 tecto
843 3597 911 3642 videt.

127 3669 167 3705 tus
178 3661 370 3707 adscribebantur
379 3661 466 3707 censui.
500 3661 546 3707 Sed
558 3661 601 3706 boc
613 3674 700 3706 norum
716 3667 740 3706 et
803 3659 835 3705 68
852 3655 963 3719 ἰιι-ιι]
982 3658 1047 3710 Quos
1058 3658 1121 3705 Galli
1138 3657 1283 3718 appellamus
1299 3659 1382 3705 obeu-

126 3737 184 3770 ssue
201 3737 279 3784 gnra,
292 3725 354 3784 quod
371 3723 558 3784 mancipiaque
570 3724 661 3770 minora
672 3723 739 3770 annis
771 3724 945 3778 ostentantes.

126 3786 213 3846 viginti
224 3797 304 3848 ernpts
313 3796 392 3835 essent
408 3789 490 3834 decem
506 3788 609 3834 millibus
626 3787 687 3840 aria,
698 3796 740 3832 aut
803 3785 835 3832 69
852 3786 934 3832 Molem
945 3786 977 3832 od
990 3785 1119 3844 Neptunias
1135 3781 1225 3846 Aquas]
1254 3785 1382 3846 Neptunius

127 3865 156 3897 ec
168 3851 249 3911 pluris,
262 3852 338 3898 decies
350 3859 415 3898 tanto
433 3851 505 3911 pluris
522 3851 666 3898 estimarent
684 3863 737 3896 cen·
773 3851 852 3910 Aquae
865 3849 936 3895 blare.
950 3847 1056 3895 Donatus
1069 3863 1154 3894 nomen
1171 3863 1221 3896 esse
1239 3849 1283 3895 loci
1300 3848 1381 3894 existi·

126 3929 200 3965 ιοιιι.
213 3930 283 3976 quarn
295 3916 376 3976 quanti
388 3923 467 3976 empta
482 3923 567 3969 essent,
578 3923 603 3961 et
620 3923 699 3960 ternos
715 3913 740 3960 in
772 3921 828 3967 mat,
841 3913 880 3972 qui
893 3913 963 3959 bodie
974 3913 1060 3958 dicitur
1071 3913 1179 3959 Nottnno.

127 3977 266 4025 militurn
277 3981 485 4039 pendijmserunt.
514 3977 596 4038 ltaque
609 3979 741 4038 quidecem
805 3977 837 4032 7⁰
858 3973 1033 4037 Ultrotrituto]
1053 3974 1382 4036 lmpensssetattribntioncs

127 4041 232 4090 millibus
251 4043 321 4104 butus
343 4043 418 4089 atatis
437 4041 581 4103 mancipium
599 4043 702 4096 emisset,
718 4043 740 4088 ei
772 4055 869 4100 operum
884 4041 1029 4101 publicorum
1048 4039 1250 4094 faciendorumet
1267 4045 1382 4084 sartorum

127 4115 223 4152 sentum
232 4107 335 4152 millibus
344 4121 358 4153 ι
366 4107 499 4153 censoribus
507 4106 740 4152 illudaestimabatur:
772 4111 886 4150 tectorum
898 4105 1090 4164 praetenderum‚
1099 4103 1244 4162 mancipibus
1255 4109 1279 4147 et
1289 4101 1381 4146 redean-

127 4181 156 4215 ac
174 4170 272 4230 proinde
292 4177 398 4217 treeerms
420 4171 472 4216 reris
490 4171 567 4230 gravis
584 4169 693 4216 dominus
712 4182 741 4215 eo
772 4169 877 4228 ptoribus
896 4177 959 4216 carta
977 4169 1085 4214 mercede
1103 4168 1246 4212 locatorum:
1264 4179 1316 4224 quae
1327 4177 1382 4223 pro·

126 4235 224 4280 nomine
235 4235 337 4296 pendere
346 4236 479 4294 cogebatur.
497 4235 610 4280 Censores
618 4233 740 4293 jusbabu·
771 4232 827 4278 inde
839 4247 851 4278 e
863 4247 887 4278 re
899 4234 949 4294 ejus
961 4239 997 4280 est
1008 4232 1049 4291 qui
1059 4231 1120 4276 locst
1130 4243 1200 4290 quam
1217 4229 1314 4274 minimo
1328 4241 1382 4288 pre-

127 4297 174 4343 isse
191 4299 323 4344 :stimandi
344 4299 405 4344 bona
428 4299 521 4353 civium,
541 4297 622 4357 quanti
646 4297 740 4352 vellent,
773 4296 898 4342 tiolocare.

122 4363 174 4420 lam
192 4363 295 4409 ostendit
314 4361 566 4418 Livios‚l.1V.e.2t.
601 4361 653 4407 Hoc
669 4359 741 4419 igitur
804 4359 832 4413 71
853 4355 978 4422 Pollentia]
1006 4357 1058 4405 Vid.
1077 4363 1126 4402 not.
1144 4355 1160 4402 3
1178 4355 1208 4402 ad
1227 4353 1290 4414 Epir.
1312 4355 1382 4416 huius

127 4425 198 4474 ωοιιο
220 4427 279 4474 cuo
301 4425 420 4474 luxuriam
449 4425 562 4485 cuncus
582 4431 608 4472 et
634 4437 740 4471 coercere
772 4423 833 4470 libri.
