3118 5002
201 355 270 423 380⁴
790 351 883 418 TI'II
906 351 1020 417 LIVII

204 521 233 566 u.
246 519 272 564 o.
284 517 338 564 sat.
366 504 491 566 moneo
500 503 611 583 penio
623 501 776 564 Romanos
791 501 943 564 nudiores
956 499 1086 582 facture
1106 501 1148 563 eit
1167 500 1211 562 ud
1224 503 1456 582 poeiecendmn

204 581 337 636 A·⁰·¹⁷¹·
369 587 850 666 Quodeiliontnnitumquoqaoe
868 585 962 648 incita
980 586 1155 666 pertinacia
1177 605 1262 666 equo
1285 587 1458 668 adsperna-

365 677 481 748 rentur,
496 671 578 733 Deos
592 671 780 750 mutuaque
794 675 823 732 et
836 669 1051 732 auderetionie
1065 669 1181 748 Persei,
1196 676 1225 732 et
1240 669 1368 732 comm
1385 693 1458 753 pe-

366 757 479 818 oicceie
502 754 657 836 ertperbic,
674 751 801 834 sutum
823 759 923 816 testes.
966 753 1152 836 Numquam
1174 752 1214 815 ab
1237 753 1360 817 talibus
1383 777 1457 818 oon·

367 839 444 902 siliis
459 837 647 902 abhorrebat
661 835 744 920 regis
759 837 893 900 omnum.
929 835 1035 919 itaque
1050 836 1191 921 plurium
1209 838 1351 900 adsensu
1373 860 1458 902 com·

389 923 499 986 robata
519 931 567 986 est
591 921 755 984 sententia.
800 919 923 1004 Legati,
945 920 986 984 nd
1007 920 1169 983 consulem
1189 921 1287 1000 missi,
1309 923 1457 986 adhibito

205 1023 355 1081 nemuspa-
414 1005 524 1090 quenti
559 1005 700 1084 consilio,
737 1005 837 1068 euditi
872 1013 958 1067 sunt.
1010 1006 1123 1068 Pacem
1145 1011 1284 1088 peteres,
1311 1009 1456 1088 occupat,

204 1101 255 1132 “¹¹²
267 1085 332 1146 1³²¹st
367 1097 512 1174 quantuns
535 1092 696 1172 Philippus
711 1097 824 1171 pactus
846 1095 933 1166 esset,
964 1088 1139 1150 ''daturum
1162 1091 1277 1152 Persen
1305 1091 1457 1154 Roruanis

367 1174 559 1292 pollicentes.
596 1175 730 1252 arnon,
745 1175 838 1256 apris,
853 1175 991 1254 locisque
1011 1175 1117 1254 quibus
1130 1175 1291 1254 Phiiippus
1305 1179 1457 1251 cessisset,

377 1259 548 1323 'mennam
565 1261 710 1341 primum.
744 1259 813 1321 haec
838 1257 942 1342 legati.
985 1255 1149 1321 Submotis
1172 1257 1232 1334 his,
1254 1279 1361 1341 quum
1384 1281 1457 1322 oon-

368 1345 532 1422 eultarcnt,
549 1345 692 1406 Romana
710 1341 888 1406 constantin
900 1340 975 1405 vicit
988 1341 1022 1403 in
1038 1341 1178 1404 consilio.
1223 1341 1272 1404 Ita
1291 1351 1368 1405 tum
1388 1364 1456 1406 mos

367 1437 444 1507 erat,
467 1428 500 1492 in
523 1428 661 1492 adversis
675 1427 800 1490 vultum
824 1425 970 1489 secundus
993 1425 1128 1489 fortune
1156 1447 1272 1509 gerere,
1296 1425 1457 1490 moderari

367 1514 489 1576 animos
512 1513 545 1576 in
568 1511 724 1575 secundis.
768 1509 964 1594 Responderi
986 1509 1116 1594 placuit,
1136 1511 1189 1572 Ita
1197 1531 1307 1592 pacem
1322 1513 1456 1590 danici

367 1599 406 1660 de
432 1617 549 1660 summe
574 1617 676 1658 rerum
701 1595 826 1657 liberum
850 1596 969 1657 senatui
989 1597 1150 1676 permittet
1173 1615 1230 1658 rec
1253 1596 1457 1677 decedente

366 1683 507 1744 munerea
521 1680 705 1742 Macedonio
722 1679 875 1740 statuendi
885 1679 950 1758 jn.
996 1679 1076 1742 Haec
1098 1699 1197 1761 quum
1214 1680 1456 1743 renunciassent

367 1763 472 1848 legati,
487 1761 637 1826 miraculo
652 1762 768 1848 ignaris
783 1761 879 1824 moris
895 1761 1067 1860 pertinacia
1082 1765 1296 1826 Romanorum
1311 1785 1405 1843 esse3
1426 1771 1456 1826 et

366 1847 507 1946 plerique
522 1855 637 1924 vetare,
658 1846 794 1931 amplius
813 1855 1007 1910 ment1onem
1028 1847 1115 1932 pacis
1134 1847 1244 1910 iacere.
1277 1847 1368 1912 ultro
1382 1867 1455 1911 mox

367 1941 566 2016 quaesituros,
590 1931 678 2015 quod
702 1931 843 1995 oblatum
869 1931 1040 1995 fastidiant.
1085 1933 1218 1994 Perseus
1243 1933 1325 1996 hunc
1354 1933 1454 2018 ipsum

367 2015 558 2100 superbiam,
581 2015 699 2114 quippe
723 2037 763 2078 ex
783 2015 899 2079 fiducie
918 2015 1034 2080 virium
1054 2037 1132 2094 esse,
1150 2017 1277 2080 timere:
1302 2027 1348 2096 et,
1372 2039 1455 2080 sum-

367 2123 452 2165 mam
481 2122 625 2186 pecumae
648 2123 777 2185 augens,
803 2101 829 2163 si
854 2101 956 2184 pretio
981 2122 1091 2186 pacem
1119 2122 1221 2164 emere
1245 2111 1368 2186 posset,
1393 2123 1453 2164 non

368 2185 490 2250 destitit
517 2185 658 2249 mimum
686 2185 825 2249 consulis
853 2193 984 2248 tenure
1032 2185 1204 2268 Postquam
1232 2185 1312 2249 nihil
1342 2209 1384 2250 cx
1410 2207 1453 2262 eo,

368 2269 455 2370 quod
474 2271 577 2357 primo
594 2271 809 2356 responderat,
826 2269 980 2348 mutabat,
1000 2269 1055 2332 des
1097 2279 1164 2332 rata
1181 2291 1268 2355 paee,
1292 2271 1333 2334 ud
1358 2271 1453 2356 Sycu-

367 2377 462 2434 num,
487 2356 572 2419 unde
602 2356 762 2440 profectus
789 2363 866 2434 erat,
895 2353 998 2432 rediit,
1026 2353 1065 2417 be
1090 2353 1097 2367 '
1128 2375 1236 2418 casum
1264 2355 1303 2419 de
1331 2355 1452 2440 integro

367 2447 557 2504 tentatums.

410 2523 540 2588 LXIII.
579 2523 677 2586 Fama
705 2523 859 2606 equestn's
888 2544 1016 2609 pugnae,
1045 2521 1173 2608 vulgata
1200 2545 1258 2608 per
1286 2523 1452 2600 Graecium,

368 2608 500 2670 nudavit
525 2607 703 2670 voluntates
726 2607 903 2670 hominum.
938 2629 1003 2670 non
1028 2607 1112 2670 enim
1139 2608 1253 2687 solum,
1276 2610 1331 2692 qui
1358 2609 1452 2698 pertis

205 2697 281 2744 oren
294 2697 329 2744 i·-
369 2691 583 2753 Macedonum
599 2699 698 2768 erant,
713 2691 769 2754 sed
784 2691 935 2776 plerique,
949 2691 981 2753 in
1023 2691 1131 2754 ntibus
1147 2693 1365 2758 Romanorum
1379 2692 1452 2758 obli-

205 2770 261 2808 ’Μ
274 2761 329 2806 ¹'⁸¹'
410 2773 435 2836 ti
448 2773 619 2853 beneficiis,
642 2774 801 2858 ”quidam
816 2775 880 2839 vim
896 2795 991 2860 super
1014 2777 1138 2860 iamque
1152 2777 1284 2862 experti,
1305 2777 1374 2842 laeti
1388 2797 1451 2842 eam

204 2839 251 2872 ’ω’
433 2879 484 2922 um
499 2879 664 2958 acceperet
687 2881 752 2923 non
767 2859 809 2922 ob
824 2859 916 2922 alium
932 2881 1087 2939 caussam,
1103 2881 1198 2944 quem
1216 2883 1314 2946 pravo
1338 2863 1450 2936 studio,

369 2965 433 3028 quo
454 2943 549 3044 etjam
573 2967 609 3043 up
622 2945 844 3044 certaminibus
862 2943 991 3008 ludicris
1008 2944 1123 3030 vulgus
1145 2945 1256 3042 utitur,
1275 2944 1451 3012 ”deteriori

208 3123 332 3200 „nm
369 3029 1178 3200 ttitttitt⁰tittti⁰mtittpttttt
1194 3029 1451 3200 millii

206 3189 356 3248 obpugnare
369 3219 427 3261 nec
457 3197 617 3262 habebant
645 3207 774 3262 externa
802 3198 917 3261 auxilia
940 3197 1070 3275 obsessi,
1090 3206 1207 3282 praeter
1228 3197 1450 3263 Coronaeorum

371 3282 517 3358 uniones,
533 3283 587 3364 qui
603 3281 705 3365 prima
718 3283 881 3345 obsidione
895 3281 1012 3345 moenia
1022 3281 1224 3360 intraverant,
1235 3305 1338 3368 neque
1349 3303 1449 3370 spera·

364 3303 458 3441 bunt,
470 3373 576 3426 temen
590 3364 650 3448 ipsi
660 3365 773 3427 animis
783 3367 894 3450 magle,
906 3387 1000 3450 quum
1011 3365 1142 3444 viribus,
1152 3367 1350 3432 resistebant.
1381 3387 1448 3432 nam

369 3455 401 3543 et
415 3447 597 3531 eruptiones
612 3448 645 3510 in
660 3469 755 3546 opere
768 3450 878 3512 crebro
892 3449 1064 3514 faciebant:
1087 3460 1119 3514 et
1135 3451 1264 3514 arietem
1279 3453 1448 3546 admotum,

369 3530 556 3594 libramento
575 3531 699 3617 plumbi
715 3543 890 3617 gravatum,
912 3535 954 3598 ad
976 3543 1090 3598 temam
1109 3535 1306 3620 urguebant:
1330 3538 1352 3570 ¹¹
1363 3547 1405 3618 et,
1425 3555 1449 3597 u

514 3717 529 3747 ¹²
542 3717 628 3775 petiere
640 3715 717 3763 uekk.
844 3717 1012 3778 *obpugnabat
1024 3717 1118 3778 Kreyse.
1132 3719 1210 3766 nell.

239 3875 269 3924 lt
292 3877 404 3923 Daturum
431 3875 515 3922 Persea
543 3875 649 3924 Romanis
672 3873 813 3937 pollicente]
846 3877 920 3931 vel,si
939 3877 1056 3932 malueris,
1069 3877 1154 3932 Persei,
1172 3887 1213 3925 eut
1229 3881 1296 3941 regie.
1332 3879 1376 3925 llic
1391 3877 1449 3925 enim

207 3943 322 3988 Ultimum
334 3941 430 3985 verbum
446 3937 539 3985 videtur
557 3953 607 3986 esee
624 3954 638 3986 n
655 3942 716 3986 mela
735 3955 814 3996 manu,
847 3941 927 3986 leIus
936 3941 1037 4000 loquitur
1046 3942 1075 3986 de
1084 3941 1112 3988 iis
1121 3957 1178 4000 quoe
1189 3943 1362 3989 Perseoleviese
1370 3943 1449 3988 miram

206 4021 258 4066 que
282 4003 346 4050 liele
367 4015 500 4048 succurrere
516 4003 625 4058 noluerit,
651 4017 681 4048 ne
703 4004 813 4048 nimirum
845 4003 1019 4049 videridebeet.
1054 4005 1169 4051 licerero
1185 4005 1225 4052 ille
1240 4007 1265 4052 in
1279 4007 1449 4053 Romenoetem

206 4069 281 4114 bieret
306 4067 385 4113 orello.
428 4067 611 4112 InnumerabiIIe
634 4066 659 4114 lu
681 4067 737 4119 loce,
760 4067 816 4112 telle
846 4067 933 4126 uperi·
944 4067 1020 4113 verbis
1032 4075 1143 4114 uteretur.

205 4132 347 4178 admtnIrule
364 4129 484 4175 lniulseret
505 4137 658 4174 correctorum
676 4129 813 4188 ignorantie.
877 4129 904 4175 21
925 4129 1040 4176 Deteriori
1049 4137 1116 4192 utque
1127 4129 1359 4192 ieimioriseoeedo]
1377 4131 1448 4178 Scribe

206 4195 259 4241 vid,
278 4208 348 4254 supra
364 4195 379 4239 l.
399 4193 474 4239 XXX.
493 4207 511 4238 c.
529 4191 552 4246 7,
569 4199 593 4238 et
611 4192 812 4246 LXXXVI.c.7.
838 4189 941 4254 sumdi.
970 4193 1156 4242 Adbaeretenim
1167 4195 1449 4256 noevertumrqtendta

208 4259 258 4304 ilos
270 4271 362 4318 quoque
373 4257 520 4302 eliminemus
531 4255 591 4301 ltcet.
846 4257 1005 4302 onoaovnn.

240 4321 269 4369 19
287 4323 406 4368 Cesserunt
431 4315 539 4380 ρνίιιιιι]
574 4317 638 4363 Bene
666 4318 812 4364 GronovIuse
877 4320 908 4365 22
925 4319 1047 4380 διείρεο
1057 4321 1251 4382 declinarentqui
1261 4314 1448 4384 ageieetietee]

206 4397 318 4430 οειιιιιιιιιι
326 4391 349 4430 et
361 4386 440 4442 ipsust.
847 4383 886 4436 lit,
902 4381 921 4428 el
934 4397 980 4440 que
991 4383 1135 4430 declinerent
1146 4383 1217 4430 ictum
1229 4386 1295 4430 molis
1307 4385 1369 4432 illisu
1379 4386 1449 4446 plum·

237 4447 269 4492 20
288 4447 613 4506 Quidueineeperiianqee
623 4441 722 4504 aperti]
742 4445 814 4491 Recte
846 4447 903 4498 bee,
916 4446 956 4504 qul
973 4449 1073 4504 agebant
1089 4448 1193 4504 arietem,
1205 4463 1232 4494 ee
1246 4449 1343 4509 proinde
1354 4450 1450 4508 aliquem

207 4509 339 4555 Gronoritte
367 4509 485 4554 extetImet
508 4509 629 4564 excidim,
652 4508 814 4556 Macedonum.-
847 4508 1215 4570 muripartemproruerent...
