3098 4958
188 332 253 398 488
786 323 879 390 'l'l'l'l
902 323 1018 390 LlVll

192 491 223 538 u.
232 491 258 539 u
270 491 325 538 uss
356 475 550 542 Macedones
566 469 730 560 Illyriique
743 471 839 538 simul
856 471 1009 536 Rhodum
1021 477 1188 551 renes'rmt,
1202 471 1322 556 quibus
1337 483 1451 540 aucto·

192 557 259 604 Ν·
273 555 326 604 ¹⁶⁸
355 561 481 626 ritatem
502 559 625 624 addidit
647 579 712 622 non
734 558 912 622 lemborum
936 557 1032 620 modo
1057 557 1223 636 adventus,
1244 559 1369 642 passim
1393 583 1451 646 per

356 645 513 732 Cycladas
535 651 629 728 atque
650 643 826 728 AEgreumt
849 641 1034 726 vagantium
1059 663 1157 719 mare,
1171 643 1347 706 sedetiam
1373 666 1451 708 eon-

351 731 477 816 junctio
499 730 569 814 ipss
590 749 702 812 regum
727 726 833 790 Persei
859 725 1042 810 Gentiique,
1068 735 1101 789 et
1123 726 1208 790 fama
1231 747 1307 790 cum
1328 749 1451 814 magno

356 837 490 880 numero
504 813 649 899 peditum
669 810 877 910 equitumque
891 810 1087 908 venientium
1102 809 1283 909 Gulomm.
1322 813 1372 875 Et
1380 815 1451 897 jem

356 903 801 1064 lllmffiiliffll'.
812 895 1453 1064 lutbltlt‘slmti‘tffi

356 1068 461 1154 palam
475 1067 733 1153 pronunciatum,
748 1066 823 1128 bello
829 1063 925 1146 finem
938 1084 971 1128 se
985 1065 1169 1164 mutaritate
1185 1085 1242 1164 suc
1262 1067 1453 1146 saporumve

356 1174 430 1216 esse.
450 1149 1453 1234 itaqseipsiquoqserepesoeqsotudluberentansmosudpuem

535 1257 566 1299 m

403 1322 516 1386 XXX.
537 1320 558 1352 ⁸³
568 1320 643 1386 Jam
658 1317 740 1383 veris
754 1317 947 1403 principium
961 1323 1038 1394 erat,
1053 1316 1190 1400 novique
1205 1316 1303 1380 duces
1319 1317 1354 1380 in
1377 1339 1453 1402 pro-

358 1407 495 1470 vinciam
511 1413 683 1483 venerant3
704 1402 817 1468 consul
830 1401 981 1465 AEmilius
995 1401 1029 1464 in
1044 1401 1276 1480 Macedoniam,
1292 1401 1451 1466 Octavius

359 1492 481 1555 Oreum
496 1491 537 1554 ad
551 1490 693 1566 classem,
704 1486 837 1550 Anicius
847 1487 880 1549 in
893 1485 1066 1570 Illyricum,
1078 1485 1130 1548 cui
1139 1485 1324 1548 bellandum
1339 1487 1452 1550 adver-

193 1576 327 1636 boettige-
359 1597 414 1638 sus
436 1575 601 1639 Gentium.
645 1574 737 1636 Patre
754 1569 1176 1654 Pleuratoregelllyriomm
1185 1577 1218 1633 et
1228 1579 1329 1634 matrs
1343 1571 1452 1656 Eury-

192 1655 236 1687 Μ’
245 1649 268 1688 ‘⁸
278 1641 345 1688 ‘¹⁰²‘
358 1659 428 1722 dica
441 1658 568 1743 genitus
582 1657 693 1720 fratres
708 1655 799 1732 duos,
816 1655 975 1718 Platonem
988 1661 1124 1738 utroque
1136 1661 1277 1739 parente,
1288 1655 1452 1719 Caravan-

357 1743 438 1806 tium
453 1749 553 1804 matre
567 1741 676 1803 eadem
690 1739 946 1815 natum,hsbuit.
990 1738 1063 1804 Hoc
1077 1739 1224 1824 propter'
1271 1739 1451 1804 obilitatem

356 1835 521 1911 paternam
541 1824 649 1886 minus
674 1831 833 1908 suspecto,
853 1823 1012 1886 Platorem
1032 1823 1148 1888 occidit
1168 1831 1201 1886 et
1246 1845 1306 1888 uos
1331 1825 1452 1890 amicos

357 1911 438 1994 ejus,
452 1909 635 1973 Ettritumq
650 1908 723 1972 etE
747 1908 873 1972 icadum
883 1919 904 1987 ¹,
918 1907 1060 1992 inpigros
1074 1908 1168 1986 viros,
1182 1930 1246 1992 quo
1261 1909 1366 1972 tutius
1381 1931 1454 1994 reg-

356 2003 456 2059 naret.
500 1995 599 2058 Fama
613 1993 683 2071 fuit,
736 1993 835 2056 onuui
846 1993 1070 2056 Dardanorum
1085 1993 1238 2077 principis
1252 1993 1353 2058 filium
1369 1995 1452 2057 litu-

356 2087 423 2144 tam
446 2087 541 2164 pecto
564 2079 652 2142 fratri
677 2099 751 2140 eum
775 2077 935 2156 invidisse,
950 2085 1113 2161 tamquam
1128 2077 1179 2140 his
1199 2077 1321 2162 nuptiis
1336 2079 1452 2163 adjun-

397 2165 445 2228 nti
470 2164 531 2228 sibi
560 2163 784 2227 Dardanorum
811 2170 950 2247 gentem.
978 2170 1012 2224 et
1038 2161 1190 2226 similius·
1214 2162 1247 2225 id
1272 2185 1348 2227 vero
1377 2164 1452 2226 fecit

356 2187 455 2314 discis
471 2272 509 2314 ea
531 2249 631 2333 virgo,
657 2249 781 2312 Platore
804 2247 979 2310 interfecto.
1035 2247 1156 2312 Graves
1186 2247 1309 2324 deinde,
1341 2247 1451 2311 demto
1532 2305 1533 2318 ,

357 2335 462 2398 fratris
486 2342 587 2412 metu,
601 2331 810 2418 popularibus
834 2353 902 2395 esse
927 2331 1041 2478 caepit:
1063 2339 1095 2396 et
1117 2331 1298 2396 violentiam
1322 2332 1453 2396 insitam

357 2419 484 2504 ingenio
504 2416 825 2502 intemperantissini
847 2417 981 2479 accende
1005 2424 1047 2478 at.
1092 2416 1253 2494 Ceterum,
1267 2417 1353 2480 sicut
1376 2429 1452 2481 ante

356 2505 478 2567 dictum
502 2511 561 2580 est,
585 2501 626 2564 ad
649 2503 831 2565 Romanum
855 2501 1006 2564 incitatus
1030 2500 1161 2578 bellum,
1183 2502 1312 2564 Lissum
1338 2523 1452 2566 omncs

356 2587 463 2670 copias
478 2585 644 2649 contruxit.
673 2585 856 2668 quindecim
869 2585 969 2648 millia
981 2593 1175 2649 armatorum
1185 2587 1324 2650 fuerunt.
1359 2588 1452 2666 Inde,

355 2671 450 2734 fratre
465 2671 498 2732 in
515 2669 536 2704 ⁸⁴
549 2668 719 2732 Caviorum
730 2679 869 2752 gentem,
884 2669 917 2733 vi
932 2678 988 2734 aut
1002 2677 1121 2734 terrore
1137 2671 1361 2756 subigendam,
1376 2695 1452 2736 cum

354 2755 440 2818 mille
456 2753 618 2838 peditibus
633 2761 666 2816 et
679 2754 911 2838 quinquaginta
926 2755 1087 2839 equitibus
1103 2755 1211 2835 misso,
1224 2757 1293 2842 ipse
1313 2758 1357 2820 ad
1372 2758 1451 2820 Bas-

355 2839 478 2902 sanium
503 2839 616 2903 urbem
638 2839 778 2922 quinque
804 2839 903 2902 millia
927 2841 967 2904 ab
991 2841 1083 2904 Lisso
1109 2841 1207 2905 ducit.
1252 2842 1337 2905 Socii
1360 2851 1452 2906 erant

356 2927 586 2989 Romanorum.
618 2923 725 3007 itaque
738 2945 796 3008 per
809 2923 945 2988 missost
960 2925 1093 2988 nuncios
1117 2926 1206 3010 prius
1229 2927 1344 2989 tentati
1366 2927 1452 2990 obsi-

355 3011 482 3076 dionem
503 3010 580 3127 pati,
595 3031 691 3094 quam
703 3009 815 3074 dedere
833 3031 911 3088 sese,
936 3009 1127 3074 maluerunt.
1170 3011 1398 3076 Caravantium
1417 3013 1451 3074 in

356 3097 463 3161 Caviis
491 3097 501 3130 ⁰
525 3095 688 3160 Durnium
716 3095 872 3180 oppidum
899 3095 1119 3160 advenientem
1143 3095 1280 3180 benigne
1307 3097 1450 3182 accepit:

381 3247 505 3307 PAEgessr
517 3247 590 3292 Gran.
603 3245 671 3292 Cres.
817 3249 831 3288 (1
843 3247 945 3294 Btritusr
958 3247 1024 3293 Essd.
1160 3249 1291 3296 rPicaduus
1304 3249 1382 3296 Bekk.

540 3309 699 3355 ⁸rtmr'lls‘msm
711 3309 805 3369 llrsyss.
817 3309 893 3356 serr.
1033 3305 1043 3340 1
1050 3313 1177 3370 premissos
1191 3312 1255 3357 End.

217 3431 248 3479 118
264 3433 317 3480 less
331 3434 537 3493 misprlsciplass
548 3430 610 3493 stat]
629 3433 702 3480 Initio
712 3436 799 3482 mensis
831 3451 934 3484 ermrem
958 3437 1083 3492 existimat,
1102 3453 1204 3497 eumque
1226 3439 1288 3486 diem
1311 3453 1381 3500 quem
1405 3441 1450 3488 lroc

186 3496 273 3556 Aprilis
291 3496 407 3556 proiectus
427 3504 476 3542 erat
494 3496 619 3545 AEmilius:
637 3512 708 3558 supra
726 3513 745 3543 c.
762 3501 800 3546 22.
832 3515 894 3548 anno
918 3501 1017 3547 Romani
1045 3503 1148 3560 primum
1173 3504 1261 3562 Aprilis
1283 3507 1448 3558 numerabant.

185 3561 309 3610 Quomodo
327 3559 399 3618 igitur
411 3559 471 3606 seris
486 3560 602 3620 principio
615 3561 638 3606 ln
657 3563 800 3621 provinciam
833 3564 904 3609 luisse
927 3579 1008 3611 revers
1028 3565 1058 3611 sl
1085 3567 1204 3612 Februarii
1227 3567 1323 3613 iuliani.
1367 3569 1450 3628 ltaque

185 3623 267 3669 reniti
286 3624 362 3683 inquit
374 3625 514 3672 Gronovius.
548 3625 615 3670 Veris
627 3626 689 3671 enim
707 3626 800 3672 initium
834 3643 853 3674 c.
867 3628 898 3681 37
910 3629 979 3688 hujus
991 3629 1043 3674 libri
1062 3631 1174 3676 mendum
1192 3631 1217 3676 in
1232 3631 1291 3676 Livii
1311 3639 1449 3679 contextum

185 3689 308 3734 sumebant
316 3695 405 3735 veteres
417 3689 476 3735 sdie
487 3689 510 3745 7,
520 3690 555 3735 vel
565 3689 587 3744 Β,
597 3691 655 3738 vers
668 3691 797 3736 Februarii.
830 3691 949 3752 irrepsisse
961 3701 1034 3752 putat,
1044 3702 1067 3739 et
1079 3708 1120 3753 pro
1128 3695 1206 3741 Nonas
1215 3696 1355 3755 Septembres
1367 3697 1449 3755 legen-

187 3751 303 3797 Nimirum
327 3753 366 3798 lrie
387 3767 463 3798 annus
485 3761 508 3798 et
531 3755 688 3812 precedentes
709 3755 799 3814 aliquot
831 3756 887 3802 dum
905 3757 1161 3805 esseNosanextr'ler.
1196 3759 1229 3804 Ut
1246 3767 1273 3804 ut
1283 3760 1322 3813 sit,
1334 3760 1449 3820 intelligi·

185 3815 252 3861 valde
264 3816 337 3861 luxuri
350 3815 442 3862 luerent
453 3831 467 3862 s
480 3818 592 3864 Romsnis
605 3819 760 3877 pontificibus.
773 3827 799 3864 ut
831 3827 870 3865 tur
880 3821 996 3879 quomodo
1009 3821 1117 3868 AEmilius
1129 3822 1241 3869 Kalendis
1252 3823 1375 3882 Aprilibus
1393 3840 1447 3884 pro-

185 3887 315 3926 constater
328 3879 493 3934 solisdel'ectu,
505 3883 534 3926 de
546 3896 592 3940 quo
604 3883 691 3927 mentio
703 3881 800 3928 fitinirs
831 3882 913 3938 lectur,
935 3885 1050 3944 principio
1072 3893 1150 3931 tamen
1172 3888 1232 3932 veris
1254 3887 1279 3932 in
1302 3889 1449 3947 provinciam

185 3957 204 3990 e.
220 3942 258 3998 87.
293 3943 336 3990 llle
353 3944 416 3990 enim
433 3943 555 3990 refertius
569 3945 634 3992 Livio
649 3946 739 3992 inad.
753 3945 798 3991 lll.
831 3949 928 3994 venerit.
962 3949 998 3994 us
1018 3949 1127 3996 Bullisldi
1146 3951 1333 4010 sententiaipro
1348 3952 1449 3999 ineunte

186 4007 266 4054 Nonas
293 4009 448 4066 Septembres,
476 4023 549 4068 quum
572 4023 653 4056 revers
675 4009 799 4068 contigerit
831 4025 892 4066 vere,
904 4019 930 4057 ut
944 4019 993 4058 tum
1009 4015 1171 4070 numerabant,
1184 4015 1364 4074 inproviueism
1376 4031 1448 4063 rene·

185 4071 224 4116 die
242 4071 272 4118 21
293 4071 359 4118 lunii
376 4072 432 4117 anni
445 4071 542 4126 Julinni,
556 4080 582 4118 ut
601 4073 683 4118 asserit
705 4073 797 4132 peritis·
831 4075 876 4128 rit;
894 4089 923 4120 es
937 4075 1057 4131 Dodrrelli,
1070 4077 1138 4123 initio
1149 4079 1245 4124 secundi
1256 4079 1344 4125 mensis
1357 4081 1432 4126 verni.

185 4135 258 4181 simus
271 4137 422 4182 Astronomus
435 4135 688 4182 lsmselssullisldusin
701 4137 799 4195 epistola
862 4137 893 4184 dd
911 4136 1040 4200 Caviorum]
1068 4141 1119 4186 llos
1137 4155 1222 4188 nomeu
1240 4150 1376 4202 corruptum
1396 4157 1449 4190 esse

185 4199 214 4244 sd
238 4201 381 4246 Gronovium
404 4200 488 4260 ipsum,
507 4214 559 4257 qua
581 4199 611 4245 sd
630 4200 716 4246 calcem
736 4201 798 4246 tertii
830 4211 908 4248 censet
921 4203 1052 4256 Turnebus,
1061 4217 1087 4250 ac
1099 4204 1145 4262 legi
1152 4207 1220 4264 jubet
1232 4207 1402 4262 Camiaeum,
1410 4210 1448 4254 vel

185 4263 241 4326 torpi
257 4263 346 4308 Liviani
365 4263 390 4308 in
408 4263 671 4310 editioneGronorisns
691 4265 797 4312 babetur.
832 4267 979 4313 conticerent
1013 4267 1058 4314 Sed
1076 4281 1122 4314 non
1143 4270 1196 4314 ideo
1217 4269 1314 4316 lortssse
1331 4272 1446 4316 mendum

186 4325 269 4383 ltaque
288 4341 361 4386 quum
380 4329 534 4374 numerabant
553 4329 596 4372 boc
614 4342 675 4373 anno
695 4328 795 4375 Romani
827 4329 906 4374 stetim
917 4331 1092 4389 agnoscendum
1103 4333 1176 4388 ert,si
1194 4333 1251 4392 quid
1269 4333 1370 4380 occurrit
1382 4337 1446 4394 quod

184 4387 278 4434 initium
300 4391 386 4436 mensis
408 4391 504 4451 Aprilis,
525 4404 629 4436 mensem
657 4391 795 4440 ianuarium
828 4393 955 4452 ignoretur.

185 4465 308 4498 numerare
327 4455 468 4501 debuissent.
503 4455 643 4511 Dodwellur,
658 4456 753 4503 Dissert.
766 4457 794 4503 X.
859 4456 891 4502 so
908 4455 1034 4518 Durnium]
1054 4459 1105 4506 lloc
1123 4474 1215 4519 quoque
1232 4474 1319 4506 nornen
1336 4460 1444 4520 incogni-

184 4515 215 4560 de
226 4515 303 4573 cyclis
323 4515 390 4564 Rom.
411 4517 472 4566 Sect.
493 4517 531 4575 12,
549 4533 596 4566 non
615 4527 706 4567 tautum
724 4520 796 4570 luisse
829 4527 878 4567 tum
893 4521 1096 4582 estGeogrsplris.
1129 4523 1238 4583 Sigonius
1257 4525 1346 4584 perlevi
1364 4535 1444 4572 muts·
