3118 5002
225 383 288 447 aro
790 365 883 430 uu
905 365 1020 430 mvn

228 546 361 594 acori.
389 527 472 589 alone
497 517 825 599 mancosorum
849 517 1004 579 indiciam.
1050 515 1125 576 cum
1140 520 1235 594 patre
1257 533 1313 576 eoo
1338 521 1488 596 parentes

228 609 362 663 uc.171.
391 610 497 672 bellam
512 609 664 670 Romanor
677 601 870 684 ’'peoomm
892 601 1016 662 Gracia
1040 599 1202 660 meam
1222 599 1328 660 tuliore
1347 600 1487 660 titulun.

389 713 469 755 mono
478 691 640 773 propalam
656 687 869 749 Macedoniam
883 685 916 746 io
929 683 1101 745 amonem
1110 689 1224 762 petere,
1239 703 1277 743 ne
1290 703 1351 744 rea
1364 685 1490 744 cim

390 778 515 858 imperio
538 776 579 836 ait
598 774 745 848 Romano,
766 789 803 832 ne
822 789 897 850 pereo
917 768 991 830 bello
1012 766 1120 828 nobilia
1140 787 1227 828 omno
1240 766 1363 829 habeat.
1408 768 1491 828 Haec

390 863 469 923 oum
498 857 646 922 tradendo
674 853 811 934 capolia
837 853 966 914 domm
993 870 1057 912 erre
1082 869 1150 912 cum
1172 869 1243 931 repe
1264 870 1431 931 repnoqae,
1456 854 1492 912 ai

391 945 535 1006 ademere
549 941 633 1016 bello,
648 945 677 1000 et
683 940 792 1018 socero
804 938 953 1016 imperato
966 935 1068 996 velim.

435 1026 529 1089 LIII.
553 1025 663 1089 Quum
681 1042 738 1105 per
750 1041 877 1082 omnem
891 1018 1065 1082 orationem
1080 1017 1155 1080 satis
1171 1016 1327 1100 frequenti
1341 1017 1491 1080 adsensu

392 1109 623 1174 subclamatum
638 1113 741 1182 esset3
762 1112 832 1166 tum
847 1125 920 1166 vero
933 1123 970 1164 ea
983 1101 1171 1178 vociferatio,
1193 1101 1287 1163 simul
1310 1101 1491 1184 indignan-

392 1195 473 1257 tium
501 1191 790 1272 minitantiumque,
817 1186 934 1272 partim
957 1185 1141 1270 jubentium
1176 1185 1297 1248 bonum
1335 1186 1491 1248 animum

392 1278 508 1341 habere
522 1297 638 1360 regem,
653 1283 761 1336 exorta
775 1281 833 1349 est,
848 1279 885 1333 ut
900 1271 996 1332 finem
1018 1269 1143 1332 dicendi
1161 1269 1285 1332 laceret.
1322 1267 1493 1332 ”tantum

389 1361 489 1448 jussis
504 1361 545 1424 ad
559 1361 619 1424 iter
632 1379 742 1444 parare
751 1356 768 1434 ¹,
788 1356 866 1439 (jam
881 1353 965 1417 enim
980 1353 1052 1432 dici,
1067 1374 1191 1416 movere
1203 1361 1304 1415 casua
1320 1352 1360 1415 ab
1378 1354 1493 1436 Nym-

394 1447 488 1531 phaeo
514 1445 685 1524 Romanos)
712 1439 862 1504 concione
885 1437 1024 1514 dimissa,
1047 1437 1089 1500 ad
1112 1437 1283 1500 audiendas
1305 1437 1493 1520 legationes

233 1535 376 1582 unedone
395 1530 569 1594 civitatium
582 1525 777 1590 Macedoniae
791 1543 824 1586 ae
839 1522 983 1586 contulit.
1004 1529 1132 1584 venerat
1142 1531 1249 1584 autem
1263 1521 1304 1583 ad
1318 1523 1492 1604 pecunias,

231 1601 337 1676 avitare·
418 1635 453 1676 ro
468 1611 670 1676 facultatibus
685 1627 819 1690 qnaeque
834 1606 910 1684 auis,
932 1615 965 1668 et
985 1606 1180 1668 frumentum
1202 1605 1422 1689 pollicendum
1446 1609 1494 1669 ad

231 1677 354 1774 iiim?
435 1697 523 1759 llum.
568 1692 728 1758 Omnibus
755 1690 864 1774 gratim
894 1699 984 1768 actae,
1011 1689 1179 1752 remissum
1204 1689 1373 1766 omnibus;
1409 1692 1493 1753 satis

395 1779 498 1864 regios
527 1778 696 1862 adparatus
725 1775 766 1838 ad
789 1795 826 1837 ea
849 1774 970 1838 dictum
993 1773 1166 1836 subiicere:
1188 1773 1332 1836 vehicula
1355 1781 1493 1838 tantum

394 1863 557 1947 imperata,
580 1869 618 1924 ut
641 1867 809 1936 tormenta,
829 1858 1026 1942 telorumque
1051 1857 1218 1920 missilium
1240 1857 1406 1941 ingentem
1421 1861 1492 1924 vim

417 1954 612 2031 reparatam,
626 1943 838 2026 bellicumque
852 1943 938 2006 aIIud
953 1943 1200 2006 instrumentum
1213 1943 1373 2006 veherent.
1411 1944 1493 2006 Pro-

394 1969 496 2094 lectus
510 2031 584 2094 inde
598 2037 666 2092 toto
681 2027 830 2132 anerei-tu³
847 2027 1043 2126 ‘Eordaeaml
1063 2027 1249 2124 peteuspad
1273 2027 1492 2123 Begorritem‚

233 2215 254 2262 1.
266 2215 290 2262 ..
304 2215 377 2262 n..
394 2111 1493 2291 thelmela¹³⁰tt{.⁰.t“¹otht‘⁰..ithim

232 2281 324 2326 ΝΜ·
394 2285 471 2349 ratis
485 2285 658 2362 montibus,
678 2303 759 2365 quos
778 2219 973 2344 dambunios
986 2287 1111 2356 vocant,
1134 2279 1297 2342 descendit
1311 2279 1385 2342 ‘'ad
1408 2281 1492 2361 (Tri-

438 2370 494 2433 Iim
519 2371 643 2450 vocant)
670 2367 822 2442 Azorum,
843 2363 1036 2449 ”Pythium
1060 2371 1093 2426 et
1115 2363 1270 2428 Dolichen
1299 2363 1491 2428 incolentes.

433 2476 479 2516 aec
501 2453 561 2516 tria
585 2451 703 2535 oppida
721 2449 894 2534 paullisper
913 2455 1070 2525 cunctata,
1091 2448 1166 2530 quio
1180 2447 1305 2510 obsides
1319 2448 1491 2514 Lmissaeis

396 2537 559 2613 dederant,
574 2535 657 2598 victa
679 2541 785 2596 tamen
831 2531 958 2596 raesenti
978 2539 1076 2608 metu,
1095 2531 1128 2594 in
1149 2531 1340 2595 deditionem
1356 2553 1492 2596 conces-

395 2627 514 2682 serunt.
559 2617 702 2699 Benigne
716 2616 765 2678 his
844 2615 955 2693 edatis,
970 2615 1057 2678 haud
1071 2615 1187 2679 dubius
1204 2616 1391 2680 Perrhaebos
1408 2640 1491 2701 quo-

394 2723 455 2785 que
471 2702 555 2764 idem
573 2701 723 2777 facturos,
745 2699 817 2761 ⁸¹ur
857 2721 900 2776 m,
924 2699 1004 2762 nihil
1024 2700 1192 2778 cunctatis,
1214 2699 1270 2782 qui
1292 2699 1490 2780 incolebant,

394 2785 496 2871 primo
512 2785 650 2848 adventu
664 2781 784 2868 recipit.
827 2783 849 2814 ⁸¹
859 2783 1003 2866 Cyretias
1016 2805 1200 2868 oppugnare
1213 2792 1340 2847 coactus
1348 2785 1367 2862 ¹,
1382 2787 1490 2869 primo

394 2870 489 2934 etiam
512 2869 561 2932 die
585 2867 648 2932 acri
668 2888 824 2931 concursu
847 2867 1017 2952 adportas
1036 2877 1227 2932 armatorum
1246 2876 1294 2930 est
1314 2869 1489 2953 repulsus:

394 2963 521 3041 postero
545 2953 596 3018 die
617 2953 766 3017 omnibus
789 2951 888 3036 copiis
913 2951 1053 3031 adortm
1074 2951 1138 3015 ”in
1159 2953 1351 3016 deditionem
1374 2975 1490 3018 omnes

386 3049 469 3105 ,ante
484 3047 610 3103 noctem
625 3037 756 3122 accepit.

438 3125 526 3188 LIV.
551 3123 661 3206 Mylae,
685 3122 866 3220 proximum
890 3119 1054 3219 oppidum,
1078 3121 1123 3184 ita
1146 3121 1316 3199 munitum,
1335 3129 1374 3184 ut
1396 3122 1490 3184 inex-

396 3207 583 3291 superabilia
611 3206 800 3270 munimenti
828 3227 901 3290 spes
930 3205 1048 3268 incolas
1075 3205 1241 3270 ferociores
1267 3206 1393 3284 faceret,
1419 3229 1488 3270 non

394 3299 502 3374 portas
527 3289 671 3353 claudere
693 3290 760 3374 regi
786 3290 862 3353 satia
886 3289 1077 3368 habuerunt,
1100 3290 1156 3352 sed
1177 3291 1198 3321 '⁴
1209 3289 1333 3374 probris
1356 3311 1488 3374 quoque

484 3433 583 3500 lparan'
594 3441 667 3486 Gron.
677 3439 744 3486 Creu.
874 3437 1012 3488 lauram
1025 3441 1089 3487 End.
1219 3435 1224 3472 ¹
1237 3446 1329 3487 maer
1340 3439 1418 3486 Gron.

263 3585 294 3642 77
311 3583 689 3648 momentanearum]
707 3587 840 3634 Gronovius
872 3589 943 3648 pavit.
989 3589 1139 3648 PerspIauum
1161 3597 1239 3636 tamen
1262 3595 1297 3635 eat
1322 3589 1399 3648 primo
1425 3589 1487 3634 nihil

231 3650 431 3710 lepitpraelallm.
872 3653 949 3698 minus
979 3651 1103 3698 convenire
1123 3653 1178 3699 bute
1204 3653 1262 3708 loco,
1288 3666 1359 3712 quam
1385 3653 1486 3698 verbum

263 3713 294 3768 78
314 3713 488 3775 Tantanjmla
503 3717 535 3762 od
550 3717 594 3763 ilar
607 3711 701 3776 pororl]
730 3715 839 3775 Sigonius
873 3723 971 3762 motae
1005 3716 1130 3762 Noneuiiu
1148 3717 1254 3775 Cyrenas
1272 3717 1370 3762 Perseus
1392 3729 1486 3775 oppug-

231 3777 371 3831 emendavit,
383 3793 456 3902 puum
467 3778 532 3838 priua
541 3779 658 3838 legeretur
667 3795 757 3838 parare.
871 3793 926 3824 uere
942 3787 1038 3826 conatus
1054 3787 1097 3832 ert,
1112 3780 1336 3840 sedetoppugnarit
1355 3793 1447 3834 raven,
1463 3789 1486 3824 et

263 3839 295 3894 79
312 3839 367 3888 'Aa
400 3841 508 3901 Tripollar
516 3839 605 3901 rotoni)
618 3843 766 3890 Aeonas...
779 3843 840 3889 luco·
872 3842 940 3901 cepit.
974 3842 1065 3888 Deinde
1081 3857 1128 3888 non
1143 3844 1221 3889 mInus
1231 3844 1319 3889 darum
1331 3845 1486 3896 coarerbum

232 3901 313 3964 katar]
341 3905 379 3950 ad
402 3905 529 3951 lnoolenter
548 3907 659 3959 Azorum,
678 3905 799 3965 Pythium,
816 3913 840 3952 et
871 3911 960 3952 coactor
971 3905 1009 3952 hic
1019 3907 1124 3965 apprime
1135 3907 1256 3965 quadrare.
1291 3907 1378 3952 Urbem
1391 3906 1485 3951 iuI’er·

233 3968 440 4026 beliniensem
464 3969 560 4028 quidem
582 3969 702 4028 tentonem
727 3968 839 4028 Tripolim
871 3969 956 4014 rhabb
973 3969 1070 4014 Perseus
1084 3969 1159 4028 primo
1172 3971 1274 4016 moenio
1291 3978 1418 4029 receperat.
1453 3971 1486 4015 At

231 4039 321 4080 vocam.
365 4031 462 4092 Tripolin
484 4046 530 4078 roa
558 4033 639 4078 (iteca
666 4041 710 4088 est,
734 4033 839 4079 indicano
871 4047 918 4078 nou
933 4033 1016 4080 eadem
1024 4031 1134 4080 ladliute
1150 4034 1252 4092 cyrenis
1266 4034 1353 4093 potitus
1364 4043 1407 4079 eat.
1437 4033 1485 4078 Eae

231 4096 390 4154 “pauculam
402 4095 475 4141 tribus
486 4095 577 4156 oppidIo
586 4095 720 4142 habitatam.
870 4109 1004 4154 oppugnare
1019 4105 1055 4142 eat
1068 4105 1168 4152 coactun
1184 4104 1256 4156 atque
1269 4097 1339 4143 etiarn
1357 4097 1432 4156 primo
1445 4097 1485 4142 die

263 4161 295 4206 uo
312 4156 430 4220 Pythion]
449 4159 524 4218 Vulgo
538 4160 653 4219 Pythonia.
689 4159 789 4205 Mutavit
801 4159 837 4204 Si·
870 4160 1029 4218 repulauaest.

230 4223 314 4282 pontus
325 4237 354 4269 ex
367 4223 490 4270 Plutarcho
502 4223 526 4268 in
539 4223 618 4276 Paulo,
629 4231 653 4266 et
665 4223 789 4282 Stephano.
902 4223 934 4268 83
959 4223 988 4268 ln
1005 4223 1139 4269 deditionem
1154 4238 1227 4270 omnes
1247 4229 1300 4271 auito
1315 4229 1400 4270 moen
1417 4239 1482 4270 occe·

263 4287 292 4332 al
316 4288 405 4342 Urbem,
422 4287 480 4334 otoo
492 4283 616 4344 cunctatio]
640 4285 707 4332 Patet
725 4285 838 4332 erudiise
868 4281 916 4346 pit]
935 4286 985 4331 Vox
1000 4301 1073 4332 omnes
1093 4287 1183 4332 nulium
1204 4287 1243 4332 nic
1264 4287 1339 4332 locum
1353 4288 1439 4332 habet:
1458 4303 1484 4332 ae

231 4363 316 4396 nomen
328 4351 398 4396 urbia.
870 4349 936 4395 facile
956 4349 1122 4394 crediderimus
1143 4364 1195 4395 eam
1214 4351 1274 4395 male
1289 4359 1368 4396 natam
1383 4365 1435 4396 esse
1455 4366 1485 4396 ex

262 4413 294 4459 82
312 4415 416 4472 Cyretias
434 4415 561 4474 obpugnare
577 4407 678 4472 coactor]
704 4412 742 4458 Sic
757 4411 839 4458 habuit
870 4413 1000 4471 propinqua
1009 4426 1065 4458 voce
1078 4413 1184 4469 malou,
1197 4427 1249 4472 qua
1259 4415 1375 4473 reperitur
1388 4415 1412 4460 in
1423 4429 1484 4474 pra·

230 4485 295 4520 vetuo
310 4478 436 4536 exemplar.
470 4477 578 4536 Sigonius
591 4476 661 4536 Jussit
678 4475 725 4534 legi
739 4482 839 4530 mentae,
871 4476 962 4522 cedenti
975 4477 1086 4522 membro.

230 4539 374 4596 quaiulelix
387 4541 520 4588 emendatio
537 4541 660 4601 pterosque
677 4539 752 4588 editoe
770 4553 839 4586 occu·
902 4539 934 4586 oc
950 4537 1317 4600 arao...jm1aumr]
1351 4541 1485 4588 Gronovius
