3108 4982
458 321 546 385 LlB.
569 321 643 386 XL.
674 319 770 386 CAP.
793 321 886 386 XLI.
1312 327 1378 391 -281

121 469 215 532 batos
225 465 294 552 jam
310 467 418 530 hostes
432 488 531 551 equos
545 467 722 532 inmittunt.
747 469 930 534 ''llmc'vero
942 468 1091 535 Celtiberi
1106 491 1215 536 omnes
1229 490 1259 538 u.
1268 491 1294 538 c.
1306 491 1361 546 ara

121 553 158 614 in
172 553 282 636 bigam
297 551 518 630 effunduntur,
532 559 566 614 et
582 551 752 636 imperator
766 553 940 631 Romanus,
963 575 1088 620 aversos
1108 556 1215 620 hostes
1229 555 1256 602 Α·
1268 553 1296 603 0
1309 554 1362 604 ¹⁸⁴2

121 635 369 720 contemplatus,
399 635 501 698 aedem
538 636 689 699 Fortunae
724 637 885 719 Equestri‚
921 637 1057 721 Jovique
1092 639 1214 723 optimo

122 719 263 782 maximo
283 719 377 781 ludos
391 719 488 782 vovit.
532 718 710 782 Caeduntur
732 719 882 783 Celtiberi
901 741 959 805 per
977 729 1082 785 totum
1098 723 1214 787 saltum

123 802 270 886 dissipati
292 803 377 886 fuga.
415 803 524 865 decem
546 811 579 865 et
600 810 722 886 septem
741 803 840 866 millia
859 803 999 868 hostium
1018 827 1099 868 caesa
1111 827 1149 870 eo
1163 806 1213 871 die

124 886 309 950 traduntur:
333 886 396 950 vivi
419 885 504 984 capti
520 886 595 984 plus
618 895 774 970 quatuort
794 888 901 967 millia,
925 889 1069 952 ducentis
1087 897 1213 974 septua-

126 969 216 1052 ginta
231 978 351 1054 septem
362 991 436 1032 cum
448 991 546 1054 signis
556 969 754 1048 militaribus,
767 971 858 1054 equis
867 992 967 1056 prope
977 972 1062 1036 mille
1073 983 1212 1040 centum.

125 1053 234 1116 Nullis
255 1053 366 1117 castris
389 1075 426 1118 eo
448 1053 498 1116 die
520 1054 621 1117 victor
648 1054 803 1118 exercitus
827 1055 953 1118 mansit.
988 1056 1119 1120 victoria
1145 1079 1212 1122 non

125 1137 324 1222 sinejactura
333 1137 470 1200 militum
486 1137 556 1200 fuit.
579 1137 845 1222 quadringentise
869 1139 1013 1224 tuaginta
1022 1141 1086 1205 duo
1096 1140 1212 1206 milites

126 1221 273 1299 Romani,
302 1219 422 1284 socium
445 1242 482 1284 ac
505 1221 612 1285 Latini
634 1223 771 1286 nominis
796 1161 882 1286 mille
905 1224 1066 1287 decernet
1087 1245 1212 1304 novem,

118 1327 199 1368 cum
213 1305 264 1368 his
277 1305 339 1368 tria
350 1305 449 1368 millia
461 1305 599 1368 militum
614 1305 847 1370 auxiliariorum
862 1307 1033 1391 perierunt.
1057 1307 1102 1370 ita
1112 1309 1213 1373 victor

124 1389 292 1468 exercitus,
313 1397 463 1453 renovata
506 1389 587 1453 riore
608 1389 716 1474 gloria,
738 1390 947 1454 Tarraconem
965 1399 1014 1454 est
1028 1393 1211 1476 perductus.

123 1473 276 1535 venienti
290 1473 402 1536 Fulvio
415 1473 465 1537 Ti.
480 1411 687 1558 dempronius
701 1481 828 1558 praetor,
851 1475 906 1558 qui
919 1475 1017 1538 biduo
1033 1483 1106 1538 ante
1119 1497 1213 1539 vene-

123 1565 186 1634 rat,
202 1557 325 1620 obviam
343 1557 514 1654 prooessit:
536 1557 775 1642 gratulatusque
795 1565 854 1635 est,
877 1559 964 1643 quod
985 1559 1213 1644 rempublicam

123 1640 250 1724 egregie
271 1649 427 1726 gessisset.
464 1663 538 1705 cum
562 1663 687 1706 summa
706 1643 882 1722 concordia,
904 1664 984 1727 quos
1008 1643 1212 1723 dimitterent,
1322 1715 1326 1720 ,

123 1745 269 1808 quosque
296 1725 468 1790 retinerent
494 1727 621 1805 milites,
650 1735 908 1812 composuerunt.
952 1727 1032 1791 Inde
1069 1727 1211 1808 Fulvius,

121 1809 333 1873 exauctoratis
346 1810 500 1873 militibus
511 1810 544 1873 in
556 1831 652 1874 naves
663 1810 820 1896 inpositis,
836 1813 971 1875 Romam
981 1819 1030 1876 est
1040 1812 1211 1897 pmsectus.

123 1893 198 1958 Sem
222 1893 333 1958 ronius
347 1894 381 1956 in
397 1894 599 1958 Celtiberiam
614 1895 753 1979 legiones
768 1895 869 1959 duxit.

167 1915 259 2044 de.
298 1977 455 2042 Consules
483 1979 577 2043 ambo
603 1979 637 2042 in
667 1979 802 2064 Ligures
829 1979 984 2043 exercitus
1018 1980 1212 2044 induxerunt
1225 2000 1308 2046 senta

121 2062 253 2125 diversis
267 2061 422 2146 partibus.
457 2063 639 2126 Postumius
677 2063 757 2126 rima
771 2071 804 2126 et
817 2064 910 2126 tertia
923 2063 1046 2148 legione
1058 2064 1210 2128 Balistam
1226 2064 1321 2122 liguris

122 2147 418 2230 Suismontiumque
432 2155 556 2211 montes
572 2147 647 2211 obse
672 2147 713 2210 'ts
736 2156 778 2225 et,
792 2148 970 2293 premendo
984 2148 1140 2231 praesidiis
1156 2169 1211 2210 sn-
1223 2135 1302 2186 ⁸²⁸¹*

120 2239 235 2312 gustos
250 2231 348 2293 saltus
356 2251 476 2309 eorum,
487 2240 681 2296 commeatus
692 2231 792 2294 intere
804 2231 879 2309 usit,
887 2231 1055 2315 inopiaque
1067 2231 1211 2294 omnium

118 2337 227 2377 rerum
253 2335 307 2378 eos
331 2316 520 2400 perdomuit.
565 2315 709 2392 Fulvius,
732 2314 872 2378 secunda
894 2321 927 2376 et
948 2323 1060 2397 quarta
1087 2313 1211 2398 legione

120 2399 251 2462 adortus
273 2419 292 2461 a
316 2399 395 2462 Pisis
418 2401 573 2484 Apuanos
592 2400 738 2484 Ligures,
761 2398 816 2482 qui
835 2419 944 2461 eorum
963 2398 1046 2461 circa
1066 2397 1211 2460 Macram

120 2483 254 2546 iluvium
268 2483 457 2562 incolebant,
472 2484 506 2546 in
520 2483 711 2547 deditionem
730 2489 888 2568 acceptos,
907 2483 948 2546 sd
968 2490 1089 2567 septem
1112 2481 1212 2546 millia

119 2568 287 2630 hominum
311 2568 343 2630 in
369 2589 465 2631 naves
489 2567 687 2652 ”inpositos
711 2576 827 2653 praeter
849 2588 936 2631 oram
959 2565 1088 2630 Etrusci
1113 2566 1209 2630 maris

121 2651 290 2735 Neapolim
304 2652 489 2715 transmisit.
523 2653 597 2716 inde
611 2652 645 2716 in
661 2651 827 2716 Samnium
841 2651 989 2731 traducti,
1009 2673 1145 2736 agerque
1160 2651 1210 2714 his

119 2735 204 2798 inter
230 2735 398 2822 populares
427 2737 521 2800 datus
548 2745 607 2801 est.
657 2737 887 2801 Montanorum
916 2735 1072 2821 Ligurum
1101 2735 1141 2799 ab
1169 2736 1209 2800 A.

121 2820 286 2883 Postumio
299 2821 400 2884 vinem
422 2841 523 2898 eseam,
544 2821 765 2904 frumentaque
787 2822 916 2884 deusta:
939 2821 1040 2884 donec
1064 2819 1210 2884 cladibus

119 2903 269 2968 omnibus
286 2904 361 2968 belli
385 2904 485 2968 coacti
508 2905 541 2968 in
564 2904 756 2969 deditionem
770 2912 935 2982 venerunt,
950 2925 1098 2987 armaque
1112 2903 1210 2966 tradi-

118 2988 246 3053 derunt.
289 2989 435 3053 Navibus
450 2989 523 3052 inde
539 2988 723 3053 Postumius
742 2989 783 3052 ad
797 2987 958 3051 visendam
982 3007 1068 3049 oram
1092 2987 1210 3069 Ingau-

118 3093 235 3136 norum
250 3073 549 3156 Intemeliorumque
575 3073 732 3157 Ligurum
780 3071 919 3134 recessit.
963 3069 1151 3152 Priusquam
1175 3069 1209 3132 hi

118 3157 266 3220 consules
279 3157 424 3220 venirent
437 3158 478 3220 ad
492 3157 676 3234 exercitum,
687 3155 742 3240 qui
785 3156 846 3218 'sas
858 3155 880 3186 '⁹
888 3153 1027 3218 indictus
1038 3161 1114 3231 erat,
1151 3174 1209 3216 rte-

117 3249 208 3304 erant
222 3243 263 3304 A.
278 3241 460 3304 Postumius
476 3249 508 3304 et
522 3242 647 3304 ⁴⁰frater
663 3241 704 3307 0„
717 3240 821 3304 Fulvii
837 3239 885 3302 M.
900 3238 1034 3302 Fulvius
1049 3237 1136 3301 Nobi
1150 3237 1205 3302 'or.

118 3323 275 3388 Secundoe
297 3325 430 3409 legionis
453 3325 585 3390 Fulvius
610 3325 758 3389 tribunus
778 3323 915 3388 militum
935 3331 1011 3386 erat.
1047 3321 1105 3385 ⁴¹is
1120 3343 1208 3385 men-

117 3409 208 3471 sibus
223 3409 289 3472 suis
300 3409 418 3472 dimisit
431 3409 599 3494 legionem,
608 3409 815 3494 jurejurando
828 3407 947 3472 adactis
958 3405 1208 3485 centurionibus,

117 3493 141 3525 ⁴²
151 3515 197 3556 aes
210 3492 244 3556 in
259 3493 404 3558 serarium
418 3493 459 3556 ad
473 3502 648 3578 quaes'tores
662 3515 731 3558 esse
749 3493 919 3558 delaturos.
963 3492 1037 3556 Hoc
1055 3490 1113 3555 ubi
1135 3489 1207 3554 Pla·

531 3657 603 3704 strio
615 3655 687 3702 Grau.
700 3655 768 3702 cres.

149 3803 182 3850 38
198 3800 328 3864 Inpositas]
355 3805 462 3852 Affirmst
480 3805 589 3864 Sigonius
609 3805 634 3851 ln
668 3804 727 3850 rimo
759 3811 796 3851 ter
814 3801 926 3862 patruelis
945 3799 989 3848 suit
1006 3799 1035 3852 Q.
1049 3799 1125 3848 Pulsi!
1137 3799 1220 3858 Flacci,
1231 3797 1272 3861 qul
1288 3800 1369 3848 masal

115 3867 246 3928 exemplari
254 3869 394 3914 Germanico
402 3869 517 3916 exstitisse
525 3870 636 3929 inposita.
705 3875 727 3914 ts
759 3875 795 3915 est
805 3867 849 3912 boc
860 3865 910 3926 lpso
921 3878 991 3911 enno.

116 3929 171 3976 iecit
181 3931 287 3990 quisquis
298 3933 404 3979 mutavit.
792 3929 821 3976 41
840 3930 865 3976 1s
876 3925 1057 3988 mitescatis]
1094 3925 1368 3986 DocetPolybiuslVl.

147 3994 182 4040 39
198 3992 374 4055 ladislaum]
401 3995 475 4042 Probe
486 3994 620 4042 emendatio
631 3993 728 4054 Sigonli,
760 3992 979 4040 tribunosmilitum
990 3993 1088 4039 interae
1100 3989 1330 4050 eompsmresolitos‚
1342 3995 1369 4034 ut

117 4071 191 4114 quum
203 4058 321 4114 legeretur
332 4059 443 4106 inductu.
478 4059 599 4106 Isdecitss·
614 4057 729 4103 exercitus
761 4071 774 4103 e
785 4071 826 4103 sex
839 4056 993 4114 tribunis,qui
1003 4057 1027 4101 in
1039 4069 1156 4114 quamque
1168 4053 1283 4112 legionem
1294 4060 1368 4103 erent,

116 4121 142 4164 in
153 4119 262 4166 hostilem
274 4135 371 4180 agrum:
389 4124 507 4178 iudicitur,
518 4135 591 4180 quum
602 4121 624 4167 ei
639 4122 689 4168 dies
705 4127 730 4167 et
761 4121 810 4166 bini
821 4119 912 4165 alterne
922 4119 972 4165 vice
982 4119 1099 4165 semestris
1115 4117 1184 4178 spatii
1203 4128 1294 4160 menses
1310 4115 1368 4160 duos

116 4183 182 4228 locus
193 4185 303 4229 statuitur
312 4185 341 4230 sd
352 4185 546 4231 conveniendum.
761 4184 910 4242 imperarent.
944 4183 1024 4233 Quum
1035 4181 1107 4241 igitur
1118 4177 1248 4238 imperandi
1260 4177 1321 4250 sires
1338 4177 1368 4224 sd

149 4247 182 4292 40
199 4247 283 4292 Frater
297 4249 323 4296 0,
336 4245 425 4308 Fuluii]
445 4247 490 4294 liic
502 4249 535 4294 Μ.
548 4247 643 4293 Fulvius
655 4246 729 4292 Nobi·
763 4246 871 4293 Patisium
883 4246 1051 4306 pervenissent,
1063 4245 1082 4290 is
1094 4245 1141 4289 suis
1152 4241 1278 4293 mensibus,
1290 4241 1313 4284 td
1325 4248 1368 4297 eat.

115 4309 161 4355 lior
173 4309 381 4368 iratergermanus
394 4311 634 4361 tuisiliiastsrulvtt
645 4309 729 4366 Flacci,
762 4323 804 4356 suo
815 4309 919 4355 bimestri
930 4309 1046 4367 legionem
1058 4306 1153 4353 dindait.
1179 4303 1234 4349 llec
1246 4301 1294 4349 lere
1307 4303 1367 4348 Tur·

115 4373 156 4431 qai
170 4373 252 4418 consul
268 4372 361 4419 iuturus
378 4374 531 4434 estproximo
546 4387 616 4427 anno,
625 4381 649 4418 et
660 4373 730 4432 quin·
762 4374 835 4418 nebus
846 4373 862 4419 1.
875 4372 951 4418 XXX.
963 4372 1059 4417 Adsere.
1071 4383 1090 4414 c.
1102 4369 1141 4414 at

114 4437 222 4494 quennio
233 4445 285 4495 post
296 4451 466 4496 remaneque
474 4445 498 4483 et
508 4445 591 4482 senatu
602 4445 678 4482 motus
687 4445 728 4482 est.
794 4437 826 4481 42
841 4437 885 4482 AEs
906 4439 929 4480 is
951 4428 1071 4490 ararium]
1100 4427 1208 4504 intellige
1225 4427 1368 4488 stlpendium

115 4499 244 4546 vidisses
255 4507 303 4548 not
316 4500 345 4547 tt
358 4501 415 4548 adl.
428 4499 492 4547 ΧΗ,
505 4499 572 4555 ε.27.
607 4501 673 4546 ldcm
685 4499 728 4546 ire·
762 4499 945 4558 militare,quod
959 4499 1009 4556 jam
1026 4492 1204 4554 aqaestonbm
1221 4501 1369 4542 susurnam
