3108 4982
168 299 232 364 222
752 287 845 354 rlt'l
876 281 991 352 LIVII

172 455 307 511 newt-
335 441 488 510 vastando
509 459 611 526 agros,
632 435 815 520 urendoque
836 433 923 506 vicos
944 437 977 496 et
996 427 1125 494 castelle
1144 447 1267 509 eorum,
1296 433 1424 579 {pende

172 521 203 570 b
216 523 242 568 ⁰·
253 521 308 568 ¹³⁶·
337 528 453 592 saltum
466 545 568 608 usque
583 523 622 588 ad
635 520 768 586 fluvium
783 519 928 582 Macram
950 523 984 580 et
1004 514 1109 578 Lnnae
1129 521 1270 597 portum.
1336 526 1424 582 ostes

336 619 488 688 montem,
514 608 677 691 antiquam
705 604 812 668 aedem
837 601 993 686 majorum
1019 618 1160 675 suorum,
1189 609 1361 684 ceperunt:
1391 612 1426 666 et

336 696 421 776 inde,
444 701 592 778 superata
613 691 756 754 locorum
779 686 957 770 iniquitate,
975 682 1087 768 proelio
1111 682 1224 781 dejecti
1248 694 1335 751 sunt.
1378 689 1426 752 Et

336 781 400 864 Ap.
424 777 577 844 Claudius
599 775 779 838 felicitatem
803 771 1016 852 virtutemque
1040 766 1168 850 collegae
1189 789 1225 830 ιιι
1248 769 1425 854 Liguribus

339 863 493 948 Ingaunis
517 860 655 944 mquavit
683 855 830 922 secundia
865 854 1003 949 aliquot·
1022 851 1153 950 proeliis.
1183 873 1238 916 sex
1270 864 1427 952 praeterea

338 971 381 1034 op
404 948 456 1010 ida
470 967 579 1010 eonnn
589 940 802 1029 expugnavite
816 939 918 1004 multa
926 937 1025 1002 milba
1038 937 1205 1000 hommum
1217 937 1251 1002 in
1265 940 1304 1003 irs
1318 941 1426 1026 cepit:

211 1037 243 1082 mi
254 1035 285 1083 ἰ
339 1033 379 1096 be
404 1032 411 1046 ’
428 1039 571 1096 auctores
586 1037 651 1092 tres
665 1036 697 1092 et
707 1023 915 1110 quadraginta
928 1021 1030 1086 securi
1042 1021 1209 1104 percussit.
1237 1023 1313 1086 Jam
1327 1027 1428 1090 comi-

339 1117 457 1182 tiorum
472 1113 640 1200 adpetebat
652 1120 790 1196 tempus.
821 1109 908 1192 prior
922 1115 1028 1170 tamen
1043 1105 1210 1184 Claudius,
1225 1127 1321 1190 quam
1335 1111 1428 1174 Sem-

339 1201 483 1288 pronius,
505 1199 558 1263 cui
577 1218 645 1262 sora
666 1193 793 1260 comitia
814 1191 953 1256 habendi
975 1189 1140 1274 obtigerat,
1160 1192 1295 1256 Romam
1317 1196 1428 1275 venit;

340 1285 475 1434 titi
496 1281 654 1432 itti?
672 1277 861 1428 itt-{itt
886 1274 1085 1424 initii?
1130 1275 1428 1428 trebete

343 1453 520 1552 Sulpicium
535 1387 682 1528 Galbani),
691 1455 812 1514 veteres
825 1444 1019 1522 candidatos,
1030 1405 1116 1508 et'ab
1129 1445 1264 1530 repulsis
1275 1467 1312 1510 eo
1322 1410 1429 1534 bangia

343 1539 486 1604 debitum
501 1536 576 1621 quie
588 1535 691 1620 primo
705 1539 839 1616 negatus
854 1537 931 1606 erat,
941 1529 1093 1592 honorem
1105 1537 1294 1613 repetentes.
1320 1533 1429 1613 etiam,

342 1622 418 1706 quia
430 1622 504 1706 plus
519 1641 615 1704 quam
636 1637 738 1683 unum
759 1637 798 1679 ex
818 1613 959 1698 patriciis
983 1613 1080 1676 creari
1104 1635 1170 1678 non
1194 1613 1318 1696 beabat,
1332 1619 1431 1682 artior

383 1706 453 1770 titio
482 1711 618 1788 quatuor
645 1699 829 1786 petentibus
857 1705 934 1762 erat.
983 1697 1102 1762 Plebcii
1159 1719 1263 1782 uoque
1298 1702 1430 1784 gratiosi

341 1727 487 1854 bbmines
508 1787 669 1872 petebant,
690 1785 730 1848 L.
747 1782 887 1861 Porcius,
904 1782 945 1848 Q.
960 1781 1128 1846 Terentius
1172 1783 1265 1863 ulleo,
1279 1785 1341 1850 Cn.
1356 1787 1430 1852 Bae.

342 1873 415 1938 bius
432 1871 631 2018 Tamphilus.
654 1869 676 1902 ¹⁸
687 1876 719 1932 et
733 1868 789 1932 hi·
802 1866 932 1952 repulsi,
950 1865 985 1930 in
1000 1887 1090 1951 spem
1104 1867 1284 1952 inpetrandi
1300 1871 1430 1936 tandem

342 1957 511 2043 aliquando
544 1954 650 2020 oncria
660 1952 759 2018 dilati.
775 1951 928 2016 Claudius
939 1973 1025 2016 unus
1038 1973 1077 2014 cx
1087 1953 1234 2016 omnibns
1244 1975 1346 2018 novus
1355 1977 1431 2020 can-

228 2033 232 2042 '
343 2043 470 2106 didatus
483 2049 559 2104 erat..
595 2037 755 2124 Opinione
770 2036 936 2102 hominum
949 2035 1176 2100 “hauddubie
1191 2037 1431 2106 destinabantur

345 2127 386 2194 Q.
404 2125 522 2191 Fabius
537 2125 644 2188 Labeo
659 2131 692 2188 et
706 2123 745 2186 L.
762 2121 892 2186 Porcius
907 2120 1048 2186 Licinus.
1077 2122 1134 2184 aad
1148 2123 1303 2188 Claudius
1317 2127 1431 2190 conml

345 2211 412 2275 sine
425 2210 591 2274 lictoribus
614 2229 688 2274 cum
702 2208 798 2272 fratre
820 2215 888 2270 toto
903 2207 971 2270 loro
985 2205 1156 2286 volitando,
1171 2207 1407 2273 clamitantibus
1418 2221 1433 2252 ⁸

344 2295 528 2362 adversariis
555 2303 588 2358 et
615 2292 732 2378 majore
784 2299 849 2356 arte
876 2298 1015 2369 senatus,
1043 2293 1213 2356 meraiaisae
1234 2314 1301 2356 eum
1324 2295 1433 2360 &dm
1503 2337 1510 2348 ·

337 2383 440 2464 prius,
462 2401 495 2444 ae
518 2381 666 2443 consulem
683 2378 791 2459 popu'
814 2377 954 2453 Romani,
970 2395 1060 2457 quom
1075 2374 1213 2456 fratrea
1234 2380 1273 2440 P.
1299 2379 1432 2457 Claudii,

344 2485 428 2528 esse:
452 2466 525 2545 qaia
541 2465 602 2540 ille,
616 2463 722 2526 sedens
735 2481 797 2542 pro
812 2461 969 2538 tribunali,
984 2465 1037 2523 cut
1058 2461 1218 2540 orbitmm,
1232 2469 1287 2526 cett
1304 2466 1433 2527 tacitum

344 2553 543 2630 spectatorem
556 2547 744 2610 consuram
756 2565 789 2608 ae
796 2545 967 2624 pristmu-
988 2543 1124 2608 coerceri
1138 2552 1245 2610 tamen
1267 2547 1308 2611 ab
1329 2549 1432 2612 effuso

345 2631 451 2696 studio
475 2629 606 2713 nequiit.
650 2627 780 2711 Magnis
800 2627 1057 2692 contentionibus
1080 2629 1281 2694 tribunorum
1304 2653 1432 2716 quoque

367 2714 458 2792 lebei,
474 2713 529 2797 qui
553 2721 609 2776 aut
626 2719 737 2776 contra
760 2712 933 2790 consulem,
946 2720 1002 2776 aut
1020 2733 1079 2797 pro
1103 2715 1209 2779 studio
1225 2715 1293 2802 ejus
1308 2739 1432 2814 pugna-

344 2737 432 2876 bant,
458 2797 585 2861 comitia
605 2795 770 2880 aliquoties
792 2795 938 2860 turbatae
960 2797 1060 2862 donec
1078 2799 1211 2883 pervicit
1233 2801 1371 2900 Apprus,
1384 2809 1433 2880 nt,

345 2882 468 2968 dejecto
483 2882 591 2962 Fabio,
605 2881 626 2913 ¹⁸
636 2882 765 2946 fratrem
785 2881 932 2948 traheret.
985 2881 1119 2948 Crestus
1133 2885 1170 2948 P.
1186 2883 1340 2948 Claudius
1357 2887 1434 2949 Pul·

345 2969 421 3032 cher
444 2977 560 3053 proeter
582 2989 672 3052 spem
694 2987 784 3032 suem
808 2975 841 3030 et
864 2973 1049 3032 ceteromm.
1079 2967 1185 3032 locum
1208 2990 1303 3032 suum
1328 2971 1435 3034 tenuit

346 3055 386 3118 L.
403 3053 533 3118 Porcius
558 3053 700 3130 Licinus,
723 3051 798 3136 quia
821 3050 990 3118 moderatis
1013 3052 1137 3131 studiis,
1158 3075 1223 3117 non
1248 3053 1312 3118 ¹⁶vi
1336 3055 1435 3119 Clau·

345 3138 449 3216 diana,
468 3138 551 3202 inter
572 3137 713 3222 plebeios
738 3143 892 3200 certatum
916 3143 974 3200 est.
1018 3135 1194 3201 Praetorum
1214 3137 1288 3202 inde
1306 3141 1436 3203 comitia

347 3231 423 3286 aunt
440 3222 557 3284 habita.
602 3221 639 3284 C.
665 3220 829 3284 Decimius
851 3220 978 3298 Flavus,
1001 3219 1037 3284 P.
1060 3221 1268 3308 Sempronius
1289 3225 1435 3308 Longus

348 3306 384 3368 P.
401 3305 567 3368 Cornelius
591 3303 762 3388 Cethegus,
789 3305 830 3368 0.
855 3304 987 3368 Naevius
1012 3305 1138 3385 Matho,
1163 3307 1201 3370 0.
1225 3307 1435 3394 Sempronius

347 3388 483 3466 Blaesus,
501 3389 542 3452 A.
557 3388 725 3451 Terentius
740 3387 850 3466 Varro,
874 3397 1026 3472 praetores
1048 3391 1132 3454 facti.
1176 3391 1258 3454 Haec
1278 3413 1316 3455 eo
1338 3414 1436 3471 anno,

347 3493 412 3556 quo
434 3473 497 3556 Ap.
522 3471 686 3550 Claudius,
709 3473 758 3538 M.
782 3472 989 3558 Sempronius
1014 3475 1159 3539 consules
1183 3475 1324 3556 fiterunt,
1348 3478 1435 3542 domi

185 3565 210 3611 Ρ.
222 3561 328 3638 crispio,
347 3555 468 3622 militiae
491 3578 531 3620 uc
544 3565 642 3643 gesta.

185 3628 306 3738 &porco
391 3578 560 3706 xxriul.
589 3641 748 3727 Principio
770 3641 965 3726 insequentis
979 3641 1054 3705 anni
1071 3643 1106 3708 P.
1123 3643 1286 3722 Claudius,
1301 3645 1341 3708 L.
1358 3645 1437 3710 Por-

375 3814 390 3842 Ι
406 3813 620 3872 ,competitoresque
631 3811 703 3858 Gron.
717 3813 786 3864 Cres.
890 3811 970 3860 tadd.
984 3811 1110 3858 Labeonem
1122 3811 1187 3857 End.
1292 3813 1419 3862 ¹iitlron.

711 3881 725 3909 ⁸
737 3875 886 3922 clamantibus
898 3875 971 3920 Gron.
984 3875 1051 3920 Crev.

217 4025 251 4076 28
266 4019 436 4084 subrepant]
454 4023 560 4086 Vulgcet
571 4025 597 4072 it.
613 4024 726 4072 Dedimus
734 4027 795 4082 elit,
859 4025 890 4072 at
910 4025 982 4072 Hasd
991 4019 1071 4084 datie]
1091 4023 1181 4072 Unuae
1192 4021 1262 4072 MSS.
1272 4025 1439 4083 Gronorianis,

186 4097 280 4138 auctora
294 4087 473 4135 Victor.codiee.
498 4089 642 4135 Scaeuaestr
660 4089 794 4150 biquoque,
827 4090 969 4136 assentiente
982 4095 1060 4136 nostro
1074 4088 1186 4148 Victpro
1202 4090 1331 4138 meum.
1366 4091 1439 4138 Unde

186 4154 249 4216 quod
261 4153 377 4213 repulsam
386 4161 455 4200 antas
464 4151 609 4198 consulatum
619 4159 724 4211 petentes
733 4153 793 4198 tule·
826 4151 953 4211 legendum
964 4151 1060 4198 tortasse
1072 4152 1180 4198 videatur
1187 4167 1231 4212 pro
1242 4168 1284 4200 soa
1295 4155 1379 4204 dubita

186 4225 247 4272 rant,
259 4215 325 4263 dilati
336 4223 404 4262 erant
416 4223 440 4264 et
451 4215 530 4275 rejecti
542 4215 638 4276 inspem
653 4215 793 4276 impetrandi
859 4217 890 4262 25
907 4217 1012 4262 Fratrem
1032 4213 1144 4274 traiceret]
1163 4217 1269 4262 Fratrem
1285 4216 1315 4262 ad
1327 4219 1440 4265 contula-

187 4281 420 4340 tandemaliquando
435 4279 538 4327 bonoria.
571 4279 680 4338 Repulsus
691 4279 795 4326 absolute
828 4283 877 4324 tum
889 4279 989 4339 pervim
1002 4279 1331 4338 quodammodoprovcheret.

187 4344 232 4394 dici
244 4357 291 4400 eos,
303 4343 353 4404 qul,
364 4358 438 4404 quum
453 4343 566 4390 bonorem
573 4342 675 4401 aliquem
687 4344 795 4402 apopulo
860 4341 891 4388 26
909 4345 923 4375 ⁸
935 4343 963 4387 Vi
976 4339 1117 4402 Claudiano]
1136 4343 1253 4390 violentia
1261 4345 1357 4402 propria
1366 4345 1439 4392 Clau·

187 4415 302 4466 peterent,
314 4421 369 4452 eum
380 4407 490 4468 consequi
502 4419 549 4452 non
561 4410 695 4466 potuerant,
706 4415 795 4454 camut
828 4405 872 4452 din
884 4407 968 4464 gentis,
980 4405 1004 4450 in
1017 4421 1064 4466 qna
1076 4407 1140 4454 velut
1157 4407 1307 4456 hereditaria
1323 4416 1376 4456 erat
1392 4410 1440 4456 im·

187 4483 218 4516 ex
230 4471 295 4518 Orat.
306 4471 354 4518 Cic
366 4471 396 4517 de
410 4471 466 4518 Har.
480 4471 550 4530 resp.
562 4483 587 4517 n.
597 4469 636 4517 on
828 4468 919 4528 periore
930 4469 1083 4516 contumacia.
