3108 4982
423 297 513 363 LIB.
539 298 704 366 XXXIX.
734 299 831 368 che.
854 301 1016 368 XXXIV.
1323 308 1387 382 223

125 449 198 516 cius
211 445 374 524 consules,
388 466 490 529 quum
512 445 554 512 0„
569 445 728 526 Caecilius,
743 447 792 512 M.
808 448 949 528 Baebius,
963 457 996 516 et
1009 449 1058 516 'lt
1075 449 1223 536 Sempro·
1237 467 1266 514 u.
1276 467 1303 516 c.
1315 467 1371 516 see.

124 535 215 612 nius,
244 531 302 616 qui
331 531 372 594 ad
401 531 645 614 disceptandum
667 531 750 596 inter
775 533 959 619 Philippum
984 541 1017 598 et
1044 533 1223 602 Eumenem
1237 532 1265 580 Α·
1278 533 1304 582 ⁰·
1318 531 1371 580 ¹⁸⁴·

7 643 9 658 ι
125 639 221 704 reges
235 615 525 699 Thessalorumque
541 615 683 680 civitates
694 617 782 682 missi
791 627 891 698 erant,
905 618 1095 703 legationem
1105 641 1223 686 renuu-

127 703 308 800 ciassentl,
319 721 431 785 regum
446 721 491 784 qu
533 722 574 764 ue
588 701 946 799 eorumncivitatiumque
955 703 1076 788 legatos
1087 703 1121 768 iu
1133 725 1223 770 sena-

128 797 204 852 tum
218 786 475 850 introduxerunt.
578 807 629 850 em
643 793 803 870 utrimque
818 786 939 866 iterata,
950 809 1022 872 quae
1038 788 1122 852 dieta
1136 790 1223 872 apud

129 874 254 956 legatos
277 871 311 934 in
337 869 463 934 Graecia
487 877 586 934 erant.
628 869 734 934 Aliam
756 871 869 936 deinde
891 871 1081 957 legationem
1107 895 1222 940 novam

134 959 257 1034 Patres,
279 954 372 1054 cujus
394 954 542 1040 princeps
559 955 623 1039 Ap.
640 953 794 1020 Claudius
814 955 887 1036 suit,
901 957 935 1020 in
954 956 1175 1023 Macedonium
1189 966 1222 1024 et

132 1041 169 1106 in
194 1039 351 1104 Graeciam
376 1039 583 1104 decreverunt
603 1039 644 1102 ad
664 1039 843 1118 visendum,
859 1041 1031 1106 redditaene
1060 1042 1222 1108 civitates⁰

134 1123 328 1190 “Thessalis
354 1131 387 1188 et
413 1123 589 1188 Perrbaebis
614 1131 731 1188 esseut.
775 1125 892 1188 Iisdem
918 1126 1114 1203 mandatum,
1126 1135 1164 1190 ut
1181 1126 1220 1190 ab
1236 1125 1317 1202 Leges

133 1210 222 1274 AEno
235 1217 269 1274 et
283 1209 437 1272 Maronea
473 1207 597 1272 raesidia
619 1208 861 1287 deducerentur,
875 1209 1094 1294 maritimaque
1118 1212 1221 1276 omnis
1234 1203 1359 1302 gss'ssssffm·

134 1293 279 1360 Thraciae
294 1314 350 1357 om
363 1293 448 1360 aPh'
465 1293 540 1391 'ppo
553 1302 586 1356 et
601 1293 834 1358 Macedonibus
848 1293 1042 1360 liberaretur.
1067 1295 1222 1380 Pelopon·

133 1399 250 1444 nesum
277 1398 405 1462 quoque
432 1377 518 1442 adire
542 1376 636 1462 jussi,
666 1378 752 1442 unde
780 1377 867 1462 prior
894 1378 1008 1464 legatio
1036 1379 1223 1446 discesserat

133 1463 302 1529 incertiore
327 1470 414 1528 statu
437 1483 554 1540 rerum,
577 1462 723 1546 quamsi
749 1485 814 1526 non
834 1463 1006 1528 venissent.
1029 1485 1104 1528 nam
1127 1485 1223 1549 super

135 1557 241 1610 cetera
249 1548 343 1610 etiam
354 1547 376 1579 ¹⁸
384 1547 452 1610 sine
461 1569 614 1632 responso
625 1546 758 1626 dimissi,
773 1569 831 1612 nec
841 1547 951 1612 datum
961 1548 1145 1634 petentibus
1156 1555 1223 1616 erat

135 1633 327 1696 Achaeorum
351 1631 532 1696 concilium.
578 1632 629 1696 De
666 1653 707 1696 ua
721 1653 755 1694 re
775 1641 926 1715 querente
941 1633 1078 1718 graviter
1093 1633 1134 1700 (ὲ
1151 1633 1223 1698 Cae-

135 1717 220 1796 cilio,
230 1715 323 1782 simul
331 1715 580 1815 lacedaemoniis
590 1653 838 1801 depiorantibus,
848 1718 965 1785 moenia
978 1718 1092 1796 diruta,
1104 1718 1223 1782 abduc-

133 1810 200 1868 tam
213 1801 339 1888 plebem
354 1824 387 1866 m
401 1803 555 1866 Acharam
578 1809 610 1864 et
623 1801 859 1882 venumdatum,
876 1803 1027 1882 ademtae,
1043 1803 1160 1888 quibus
1182 1803 1222 1868 sd

131 1908 203 1988 eam
218 1887 302 1952 diem
308 1887 429 1985 'civitas
444 1887 594 1965 stetisset,
608 1886 749 1985 LycurgnJ
762 1886 857 1972 leges,
871 1887 984 1954 thaei
997 1888 1134 1988 maxime
1146 1909 1222 1986 con3

130 1971 845 2155 ffltffihmtslffilgtttht
855 1972 1222 2142 thebeth&

131 2151 177 2206 m
191 2139 350 2204 mandatis
360 2141 512 2220 venirent,
526 2149 646 2206 vetaret
659 2141 756 2206 indici
771 2141 951 2206 concilium.
994 2142 1044 2206 Ea
1057 2163 1098 2206 ne
1111 2149 1222 2226 postea

130 2225 298 2290 excusatio
311 2233 402 2303 esset,
413 2225 551 2290 ostendit
566 2234 706 2304 senatus,
724 2247 809 2290 curre
830 2225 869 2290 iis
883 2247 952 2289 esse
968 2226 1091 2303 debere,
1106 2233 1144 2288 ut
1157 2227 1222 2290 Ro-

130 2309 237 2374 manis
251 2309 364 2394 legatis
378 2331 499 2395 semper
512 2309 651 2374 adeundi
666 2309 835 2373 concilium
850 2309 955 2394 gentis
964 2316 1106 2394 potestas
1115 2309 1221 2388 fleret3

129 2395 401 2480 quemadmodum
416 2404 448 2460 et
460 2395 533 2474 illis,
549 2394 674 2480 quoties
683 2393 810 2474 vellent,
825 2402 953 2458 senatus
969 2395 1107 2458 daretur.

175 2479 336 2546 XXXIV.
363 2479 513 2544 Dimissis
533 2479 572 2545 iis
592 2479 815 2578 legationibus,
837 2478 1014 2564 Philippus,
1037 2478 1136 2544 esuis
1154 2499 1222 2542 eer-

130 2563 196 2662 tior
208 2563 320 2642 facum,
330 2565 507 2630 cedendum
523 2564 714 2642 civitatibus,
726 2564 972 2648 deducendaque
984 2563 1132 2650 praesidia
1141 2585 1221 2641 esse,

131 2647 278 2712 infensus
298 2649 455 2728 omnibus,
480 2649 514 2712 in
540 2649 717 2714 Maronitas
741 2649 820 2714 iram
844 2649 988 2714 effundit.
1032 2648 1220 2727 Onomasto,
1234 2666 1386 2714 usmarus

130 2732 188 2817 qui
200 2742 334 2818 praeerat
346 2735 513 2798 maritimae
537 2756 611 2814 orae,
631 2733 772 2812 mandat,
790 2743 828 2798 ut
849 2735 948 2820 partis
970 2734 1109 2800 adversm
1132 2732 1219 2818 prin·
1234 2729 1343 2806 ruruppo

129 2819 218 2916 cipes
233 2819 435 2884 interficeret.
480 2819 538 2884 ille
553 2841 611 2904 per
625 2818 846 2884 Casandrumd
861 2819 1042 2904 quemdam,
1056 2841 1159 2882 unum
1181 2839 1219 2882 ex
1233 2795 1359 2905 {fflff'

128 2924 225 3000 regns
241 2903 310 2988 jam
331 2905 387 2968 diu
408 2904 605 2969 habitantem
627 2903 800 2981 Maroneae,
816 2911 908 2966 nocte
921 2903 1097 2966 'l'lrraeibus
1120 2903 1220 2966 iutro·

128 2988 247 3066 missis,
261 2987 348 3052 velut
372 2989 406 3054 ln
430 2988 513 3054 bello
538 2995 631 3073 capte
654 2988 744 3067 urbe,
766 2987 886 3052 caedem
909 2987 994 3050 lecit.
1038 2985 1060 3018 ²⁹
1074 2985 1114 3050 ld
1134 2985 1221 3068 apud

128 3073 293 3136 Romanos
305 3073 427 3158 legatos
440 3081 608 3158 querentes
623 3081 689 3138 tam
711 3071 880 3138 cmdeliter
901 3071 1052 3136 adversus
1074 3067 1220 3134 innoxios

129 3157 395 3236 Maronitas,tam
409 3157 545 3242 superbe
559 3159 710 3222 adversus
723 3156 880 3242 populum
896 3156 1075 3222 Romanum
1090 3153 1220 3232 sactum,

128 3250 178 3320 ut,
193 3242 311 3340 quibus
324 3243 503 3308 libertatem
524 3243 753 3308 restituendam
775 3249 904 3308 senatus
926 3238 1110 3316 censuisset,
1125 3237 1148 3302 ii
1161 3259 1221 3322 pro

128 3327 278 3392 hostibus
292 3327 536 3406 mucidarentun
559 3327 730 3406 abnuebat,
745 3327 908 3408 quidquem
929 3345 1032 3390 eorum
1054 3325 1098 3388 ad
1109 3343 1152 3402 re,
1167 3329 1221 3390 aul

128 3431 309 3494 quempiam
321 3433 444 3476 suorum
452 3415 618 3494 pertinere.
662 3413 817 3476 deditione
836 3413 917 3476 inter
938 3412 1020 3492 meos
1034 3410 1220 3488 dime'eotum,

126 3517 223 3578 quum
237 3499 293 3560 olii
306 3499 350 3560 od
361 3518 404 3576 se,
419 3499 475 3562 alii
490 3499 534 3562 od
545 3498 711 3564 Eumenem
725 3498 878 3560 civilatem
892 3497 1057 3560 traherent.
1079 3495 1115 3560 id
1122 3492 1221 3574 focile

127 3584 348 3679 edlwosneese.
365 3589 660 3680 [ιιινοιιιιοίιιιτιιίιινο
672 3584 754 3662 ipsos
766 3581 962 3677 Maronitas.-
986 3579 1072 3678 haud
1093 3577 1220 3676 dubius,

128 3665 286 3750 pereum
300 3666 449 3732 omnibus
460 3675 578 3730 terrore
589 3674 655 3730 tam
668 3673 803 3730 recentis
813 3663 919 3743 coedrs,
929 3683 1089 3728 nemmem
1100 3663 1220 3726 hiscere

162 3807 244 3859 bunt
254 3811 280 3858 P.
292 3811 395 3867 Claudio,
405 3811 433 3858 L.
444 3813 524 3859 Porclo
534 3811 667 3868 coemlibur,
680 3811 706 3861 Q.
718 3809 830 3864 vectetur,
842 3807 875 3856 M.
884 3809 984 3864 Baebr'ar,
996 3813 1019 3856 et
1031 3807 1065 3854 Τι’.
1075 3808 1225 3868 Ssmproar'ur,

129 3877 400 3988 d'fflmmgm‘
411 3881 453 3923 ete.
466 3877 538 3974 Groq.
552 3877 631 3986 cmii
713 3937 734 3984 G
798 3937 816 3984 c
828 3877 840 3905 ⁰
852 3873 948 3920 Rhodiis
959 3879 981 3920 et
996 3871 1072 3920 Thou.
1083 3879 1105 3919 et
1117 3873 1145 3919 P.
1158 3871 1224 3918 uod.

262 3955 311 3986 ren
343 3953 391 3988 rev.
543 3955 597 3995 aare,
639 3953 700 3998 pere.
735 3951 785 3984 ron.
818 3951 866 3984 rev.

164 4063 196 4118 27
212 4063 308 4110 Iltodr'r'r
324 4071 348 4112 et
370 4059 498 4125 Ibeuolir]
529 4064 577 4110 Cur
596 4063 634 4109 hic
654 4061 741 4110 Rhodii
776 4059 811 4106 nit
824 4059 943 4119 Polybius,
954 4059 1034 4120 Legat.
1044 4059 1082 4115 Il,
1094 4059 1208 4120 docetque
1221 4057 1250 4107 Q.
1263 4057 1383 4104 (lucilium

132 4127 292 4183 nomInentur,
309 4141 393 4188 parum
410 4129 491 4188 liquet.
526 4127 743 4188 NequeenIrnulla
775 4139 822 4170 non
841 4125 892 4170 elne
910 4137 1022 4184 responso
1040 4123 1163 4169 dimissum
1181 4123 1210 4168 ab
1223 4121 1322 4176 Achaia,
1342 4121 1383 4166 sed

130 4205 222 4245 maur.
243 4193 269 4238 lu
291 4191 393 4252 querella
417 4193 558 4252 populorum
581 4192 611 4238 de
635 4191 743 4250 Philippo
776 4203 913 4248 responsum
929 4189 959 4236 ab
971 4186 1112 4234 Achaeorum
1130 4185 1304 4244 magistratibus
1322 4184 1383 4228 aect-

132 4255 299 4309 memorsndIs,
317 4263 358 4301 aut
377 4269 448 4316 supra
466 4257 529 4316 apud
547 4255 648 4312 Livium,
661 4263 702 4299 aur
718 4253 742 4298 in
776 4265 831 4312 pere
844 4251 953 4307 noluisse,
965 4251 1115 4310 indignatum
1128 4249 1191 4309 quod
1208 4247 1253 4292 sibi
1273 4253 1383 4304 negatum

133 4317 256 4380 Excerpth
265 4333 279 4365 e
288 4319 385 4378 Polybio
396 4319 551 4380 legationibus
560 4327 637 4366 exstat
645 4317 742 4364 mentio.
775 4315 857 4364 luisset
869 4315 994 4364 concillum
1005 4315 1090 4374 gentis.

132 4381 166 4428 Et
177 4397 232 4428 vero
243 4381 277 4430 ed
285 4383 380 4432 Rhodiis
391 4389 414 4432 et
426 4397 473 4430 non
484 4382 653 4444 competentia
663 4383 742 4428 codiee
806 4381 838 4426 29
855 4381 885 4426 Id
897 4381 959 4439 apud
968 4379 1080 4426 Itonaeos
1091 4377 1177 4438 legator
1187 4369 1316 4436 querentes]
1335 4373 1384 4420 No·

132 4445 193 4490 vtes.
775 4444 845 4490 labile
865 4443 1022 4504 hyperbaton.
1062 4439 1135 4499 apua
1155 4439 1274 4486 Romanos
1296 4437 1385 4502 legatos

163 4509 196 4556 ²8
213 4509 267 4556 Sere
278 4523 382 4570 responso
393 4507 492 4571 denua]
512 4509 595 4557 Furius
607 4523 656 4556 rem
669 4523 741 4570 expo·
775 4515 900 4568 querentes
913 4505 937 4552 id
949 4505 1036 4552 lactum
1049 4511 1096 4550 tam
1109 4501 1252 4550 crudeliter.
1265 4537 1288 4554 ..
