3086 4952
413 339 500 403 Llll.
523 337 705 404 xxxvu.
743 341 838 406 cAP.
861 343 908 407 ll.
1305 355 1348 415 83

90 489 211 566 audita,
223 487 352 554 sustulit
365 495 545 584 certamen..
578 487 725 572 Experiri
743 487 871 568 libebat,
892 499 1001 553 utrum
1021 491 1096 576 plus
1117 513 1151 556 re
1175 495 1263 564 'u.c.
1276 517 1331 566 ωδ,

90 573 251 636 Antiocho
264 573 297 636 in
313 571 495 638 Hannibale
516 579 610 650 vrcto,
635 593 676 634 an
699 573 732 634 in
746 572 863 636 victore
890 573 1037 639 Africano
1061 597 1138 640 cons
1175 579 1264 627 Ἀ·οι
1279 581 1330 630 19⁰·

90 657 330 742 legionibusque
347 655 511 733 Romanis,
525 655 632 718 auxilii
646 656 744 718 foret:
766 677 802 720 ac
813 679 913 742 prope
923 680 1033 722 omnes
1043 660 1183 745 Scipioni

92 741 261 818 Graeciam,
275 741 376 804 Laelio
392 739 517 804 Italiam
533 739 747 802 decreverunt.

133 825 179 890 11.
195 824 439 922 Praetoresinde
453 823 630 921 provincias
645 824 748 886 sortiti
759 835 789 922 ᾗ.
796 825 835 888 L
845 825 1080 924 Aurunculeius
1088 829 1183 894 urba-

90 909 403 1058 lutatus
467 929 634 1070 W
648 908 1182 1078 testareturque:

90 1078 127 1143 C.
146 1077 278 1142 Atinius
300 1075 449 1140 Siciliam.
492 1075 626 1138 Consuli
653 1075 775 1155 deinde,
800 1077 852 1140 cui
875 1077 999 1142 Graecia
1020 1082 1182 1164 provincia
1196 1094 1326 1142 Exercitus.

89 1163 216 1226 decreta
229 1168 307 1238 erat,
320 1160 362 1222 ad
372 1181 446 1224 eum
459 1159 641 1238 exercitum,
656 1182 751 1257 quem
763 1182 782 1224 a
793 1162 853 1225 M’.
868 1162 969 1226 Acilio
982 1165 1064 1244 (duae
1075 1175 1181 1230 autem

89 1247 230 1330 legiones
244 1247 345 1326 erant)
362 1251 550 1328 accepturus
563 1253 700 1324 essetfln
710 1245 967 1330 supplementum
978 1247 1084 1312 addita
1092 1250 1182 1334 pedi·

88 1341 158 1394 tum
173 1329 291 1394 civium
308 1329 525 1392 Romanorum
539 1327 600 1391 trin
612 1325 720 1406 millia,
734 1329 856 1412 equites
868 1339 1006 1409 centurn,
1020 1341 1052 1394 et
1062 1333 1183 1398 socium

88 1414 197 1478 latini
212 1411 349 1478 nominis
365 1411 627 1496 quinquemillia,
647 1413 769 1496 equites
791 1413 936 1477 ducentis
960 1423 992 1478 et
1014 1415 1182 1500 adjectum,

89 1507 135 1576 ut,
150 1519 252 1582 quum
267 1497 300 1562 in
316 1497 510 1581 provinciam
522 1496 671 1575 venisset,
686 1497 713 1560 si
725 1518 742 1560 e
755 1497 918 1587 republica
929 1498 1089 1563 videretur
1103 1523 1182 1581 esse,

88 1582 263 1646 exercitum
286 1581 320 1644 in
335 1580 446 1644 Asiam
468 1579 634 1666 trajiceret.
690 1581 791 1644 Alteri
820 1582 943 1646 consuli
965 1591 1053 1647 totus
1079 1607 1181 1648 novus

89 1666 247 1730 exercitus
262 1665 427 1744 decretum
450 1665 522 1730 duae
546 1665 686 1749 legiones
704 1665 866 1744 Romanae,
879 1674 912 1730 et
934 1666 1054 1731 sociam
1073 1669 1181 1734 Latini

88 1750 228 1814 nominis
242 1749 425 1846 quindecim
438 1749 536 1814 millia
556 1749 712 1834 peditum,
722 1749 844 1834 equites
859 1751 1007 1815 sexcenti.
1050 1753 1181 1818 Exord-

87 1843 159 1898 tum
173 1855 213 1900 ex
227 1833 400 1918 Liguribus
417 1833 458 1899 Q.
473 1833 638 1898 Minucius
655 1833 732 1926 (jam
752 1835 837 1898 enim
858 1835 1031 1899 confectam
1051 1837 1180 1936 provin-

88 1919 169 1982 ciam
195 1918 374 2002 scripserat,
402 1925 436 1982 et
462 1918 619 2002 Ligurum
647 1939 741 1982 omne
769 1940 886 1982 nomen
921 1920 956 1983 in
988 1921 1180 1986 deditionem

87 2003 224 2084 venisse)
242 2002 405 2068 traducere
419 2001 452 2066 in
468 2001 575 2080 Boios,
589 2011 621 2064 et
639 2003 675 2065 P.
691 2001 838 2068 Cornelio
852 2005 1035 2088 proconsuli
1047 2007 1181 2086 tradere,

82 2086 325 2234 {2⁸:qu
339 2107 504 2254 ἳὲὲὲἒὲο
517 2086 618 2254 {²53⁸
631 2086 1047 2256 biiimffiv‘ssiffiiil
1064 2091 1181 2252 diiii

483 2217 494 2249 7

88 2255 144 2354 Μ.
154 2253 277 2350 Tuccio
287 2255 412 2350 praetori
420 2255 511 2352 dates,
522 2263 554 2318 et
568 2193 688 2318 socium
698 2266 755 2352 pet
771 2255 879 2318 Latini
889 2257 1028 2352 pominis
1038 2257 1182 2352 peditum

86 2337 721 2509 ttffltttt'llatttts‘ffttb
735 2339 962 2508 ..ittet
976 2341 1183 2488 ”bittit

86 2529 166 2572 cum
179 2506 319 2572 exercitu
333 2505 522 2586 obtinuerat,
543 2507 743 2592 imperatum,
758 2508 785 2572 si
808 2509 853 2572 ita
877 2529 953 2572 cons
990 2509 1182 2590 'videntne

85 2601 126 2656 ut
157 2591 296 2676 legiones
320 2590 353 2656 in
373 2592 526 2658 AEtoliam
550 2593 695 2676 trajectas
720 2591 779 2656 Μ’.
806 2593 909 2656 Acilio
936 2594 1083 2672 traderet,
1104 2594 1131 2656 si
1154 2594 1182 2656 is

87 2697 219 2740 manere
231 2675 276 2740 ibi
288 2675 391 2742 vellet.
413 2676 441 2740 si
454 2677 576 2740 Acilius
597 2677 698 2740 redire
712 2678 847 2740 Romam
865 2678 983 2758 mallet,
998 2685 1034 2741 ut
1048 2679 1089 2744 A.
1104 2679 1182 2744 Cor·

86 2761 194 2824 nebus
218 2781 292 2826 cum
315 2781 352 2824 eo
374 2760 515 2826 exercitu
542 2761 577 2824 in
601 2761 722 2825 AEtolia
745 2771 930 2827 remaneret.
974 2763 1012 2826 C.
1035 2763 1182 2827 Atinium

89 2845 274 2910 labeonem
296 2843 491 2928 provinciam
515 2843 654 2908 Siciliam
678 2847 850 2909 exercitum
873 2867 913 2908 ue
935 2868 955 2909 a
977 2847 1026 2910 M.
1050 2847 1183 2910 AEmilio

87 2930 233 3027 accipere
254 2928 384 3014 placuit,
407 2937 440 2992 et
460 2929 495 2992 in
518 2950 556 2992 su
579 2929 775 3014 plementum
800 2929 861 2992 scri
900 2949 934 2992 re
958 2949 998 2991 ex
1020 2931 1090 3013 ipsa
1109 2951 1183 3016 pro-

87 3014 205 3091 vincia,
218 3013 246 3075 si
261 3013 366 3090 vellet,
381 3012 526 3097 peditum
563 3013 720 3092 uomillia,
732 3022 764 3078 et
778 3023 906 3076 centum
917 3013 1049 3112 equites.
1072 3014 1108 3076 P.
1123 3013 1183 3076 Ju-

88 3099 163 3162 nins
191 3097 316 3164 Brutus
338 3097 373 3160 in
398 3097 521 3162 'lusam
544 3097 716 3162 exercitum
745 3119 875 3176 novum,
897 3097 1054 3183 logronem
1085 3117 1183 3160 unam

90 3183 282 3259 Romanam,
296 3189 330 3246 st
342 3181 451 3246 decem
465 3181 564 3246 millia
577 3181 699 3246 socium
714 3203 752 3246 ac
768 3181 875 3246 Intini
887 3181 1025 3246 nominis
1036 3181 1183 3259 scaibere,

90 3275 122 3330 et
136 3266 389 3363 quadringentos
402 3265 525 3349 equites
532 3292 543 3346 ;
564 3265 603 3330 1..
613 3265 774 3344 AEmilius‚
785 3265 838 3329 cui
851 3266 1013 3351 provincia
1026 3265 1183 3330 maritima

91 3359 169 3430 mat,
180 3351 298 3434 viginti
312 3371 407 3414 naves
420 3349 543 3434 longas,
554 3357 586 3414 et
596 3349 698 3414 socios
708 3351 833 3414 navales
843 3372 862 3414 a
874 3351 923 3414 M.
932 3351 955 3416 J
957 3350 1032 3414 unio
1047 3358 1182 3435 praetore

92 3435 265 3519 arpmioris
280 3433 354 3498 anni
369 3433 508 3519 accipere
517 3435 638 3520 jussus,
654 3442 687 3498 et
700 3435 834 3498 scribare
854 3435 923 3519 ipse
945 3435 1031 3498 mille
1056 3434 1182 3498 navales

94 3519 206 3597 socios,
222 3519 288 3582 duo
302 3517 399 3582 millia
412 3517 576 3602 peditum:
598 3541 672 3582 curn
696 3517 735 3582 iis
756 3519 890 3582 navibus
911 3517 1128 3601 militibusque
1149 3517 1182 3580 in

95 3603 201 3666 Asiam
217 3601 387 3686 proficisci,
401 3609 435 3665 et
448 3601 579 3666 classem
602 3603 673 3666 aC.
688 3603 779 3666 Livio
801 3603 950 3687 accipere.
993 3603 1083 3665 Duas
1106 3601 1183 3664 His-

96 3687 203 3770 panias
235 3685 475 3770 Sardiniamque
509 3685 726 3754 obtinentibus
758 3694 963 3784 prorogatum
997 3685 1031 3750 in
1063 3706 1183 3751 aunum

97 3771 263 3922 {offiium
275 3777 335 3848 cst,
347 3777 380 3833 et
389 3769 493 3920 ἔξω
506 3770 661 3920 affilas
672 3767 1182 3939 ieirefflfflffiffiniaeque

223 3875 368 3920 scanno
469 3875 530 3922 moe
632 3875 765 3924 eur1m
894 3877 902 3918 ι
949 3877 960 3916 1
1013 3873 1182 3918 umomne

252 4021 331 4070 ‘adt
343 4027 396 4070 sset
408 4021 502 4081 Kreyss.
513 4023 589 4070 seur.
748 4018 908 4072 “dedamus
920 4021 985 4072 sed.

251 4091 265 4120 ⁰
273 4099 303 4132 aa
312 4086 359 4131 alal.
371 4085 444 4134 Gran.
457 4087 524 4133 cres.
536 4087 614 4146 paullo
624 4086 686 4134 latta
696 4087 779 4139 eadem
790 4085 858 4133 lectio
869 4095 982 4132 servatur.

127 4234 143 4280 t
157 4235 194 4283 Er
203 4251 268 4298 ogra,
280 4249 324 4298 qao
334 4235 422 4285 sero.
437 4235 620 4286 ..mulctaverat
632 4235 707 4289 Boios,
738 4233 753 4279 l.
774 4233 884 4284 xxxvl.
902 4247 968 4296 capp.
987 4231 1019 4280 39
1036 4239 1061 4280 et
1078 4231 1117 4280 tl).
1158 4227 1242 4289 scripti
1259 4227 1347 4276 habant

96 4297 193 4346 unu
204 4301 301 4346 artam
316 4293 428 4359 legiones]
446 4297 563 4346 Nimirum
574 4299 706 4346 comittere
738 4297 887 4344 deducenda:
904 4297 945 4350 sed
957 4297 1051 4356 rulqsts
1060 4295 1129 4344 lectio
1141 4293 1215 4351 magis
1226 4291 1308 4352 placet.

95 4362 191 4408 urbm
209 4363 316 4422 legiones
334 4375 430 4408 necesse
447 4361 597 4424 fueratqula
613 4362 636 4408 l'.
649 4363 707 4408 Cor·
770 4359 890 4408 t'Br'aoe
991 4349 1100 4418 derum]
1133 4355 1186 4402 Vid-
1205 4363 1252 4402 not.
1273 4353 1296 4410 7,
1316 4355 1346 4406 sd

94 4425 168 4472 mbas
176 4427 256 4472 consul
266 4425 399 4471 exercitum
409 4425 438 4470 de
444 4426 564 4484 proslacla
571 4425 708 4478 deduxerat,
741 4423 850 4474 XXXVI.
863 4425 885 4474 2.

93 4497 121 4532 es
131 4490 337 4550 purrrlnnphum
348 4495 546 4538 cxsumorrverat.
573 4489 625 4538 viu.
637 4501 708 4548 supra

1036 4545 1092 4604 o2
