3108 4982
427 365 515 430 Llli.
543 367 743 430 XXXVIII.
773 367 869 432 csP.
892 369 965 434 LX.
1328 379 1386 442 191

175 515 250 580 LX.
272 515 437 580 Adversus
450 537 487 579 ea
508 515 677 580 Terentius
700 524 819 602 praetor
840 518 1037 616 rogationem
1059 519 1224 601 Petilliam,
1240 535 1304 583 uc.
1316 539 1372 584 aas.

128 608 164 664 et
179 601 504 679 senatusconsultum,
518 608 551 663 et
559 601 718 686 judicium
731 602 771 665 de
786 602 825 666 L.
842 602 990 687 Scipione
1006 603 1124 667 sactum
1146 607 1224 669 reci-
1238 599 1267 646 Α·
1276 603 1302 648 ⁰·
1317 601 1370 658 ¹⁸7·

127 685 230 762 tavit3
253 706 298 762 se,
311 684 345 748 ni
359 685 513 748 referatur
525 685 661 783 pecuma
683 685 717 748 in
738 686 914 770 publicum,
930 708 1002 770 quae
1011 687 1155 772 judicata
1170 690 1223 770 sit,

129 768 213 832 nihil
233 769 360 848 hahere,
374 769 461 854 quod
483 770 586 847 ficiat
604 769 667 832 nisi
688 777 726 832 ut
749 770 902 856 prehendi
925 771 1121 852 damnatum,
1137 781 1169 836 et
1188 773 1223 838 in

128 853 259 916 vincula
273 853 348 917 duci
363 853 478 916 ‘abeat
521 853 656 917 'lhibuni
671 875 772 937 quum
785 854 819 918 in
832 855 1000 918 consilium
1009 857 1222 938 secessissent,

128 937 240 1022 paullo
252 945 328 1023 post
341 876 379 1002 (i.
395 937 537 1002 Fannius
552 959 591 1001 ex
606 959 665 1002 sua
682 938 935 1024 collegarumque
948 939 1091 1020 aliorum,
1105 950 1223 1027 praeter

131 1021 327 1101 Gracchum,
340 1021 498 1086 sententia
510 1022 741 1107 pronunciavit,
748 1025 879 1104 proetmi
894 1046 953 1088 non
963 1027 1149 1090 intercedere
1164 1029 1221 1091 tri-

131 1107 237 1185 bunos,
249 1129 308 1190 qno
321 1109 420 1170 mimis
434 1127 491 1170 esso
498 1113 653 1188 potestate
666 1113 783 1171 matur.
812 1107 861 1172 Ti.
877 1107 1042 1173 Gracchus
1055 1110 1101 1174 ita
1115 1111 1220 1175 decre·
1234 1117 1352 1192 Graecum

130 1189 198 1254 vit:
238 1191 303 1264 Quo
327 1193 426 1254 mimo
447 1211 487 1254 en
510 1191 595 1254 boris
617 1192 656 1255 L.
682 1193 844 1273 Scipionis,
869 1193 951 1274 quod
968 1194 1143 1275 jrsdicatum
1168 1198 1219 1275 eit,
1232 1190 1360 1292 spineum

128 1275 300 1358 redipatrsr,
314 1295 347 1338 se
360 1296 420 1338 non
433 1276 619 1338 intercedere
625 1279 766 1357 pretori.
809 1277 847 1340 J..
863 1279 1033 1359 Scipionem
1043 1279 1106 1360 (qni
1120 1301 1220 1362 repam
1228 1248 1256 1306 μ’

128 1361 387 1440 opnkntissimwn
411 1361 494 1424 ariis
514 1366 667 1423 terraram
688 1361 843 1438 amerit,
862 1362 1022 1443 imperium
1036 1365 1144 1444 populi
1157 1365 1220 1428 Ro-

129 1445 215 1506 morsi
225 1446 445 1526 propopoeerit
464 1445 499 1507 in
520 1445 643 1508 ultimos
662 1451 815 1508 terraram
822 1445 914 1526 fines,
929 1467 1030 1528 repens
1043 1448 1219 1528 Eumenem,

130 1527 277 1606 Rhodios,
285 1529 365 1591 alios
378 1535 424 1592 tot
433 1529 523 1592 urbes
532 1530 616 1592 Asia
627 1529 909 1612 decincnitpopnti
917 1531 1049 1595 Itonioni
1060 1531 1219 1612 benepiciis,

124 1611 278 1692 piissimos
291 1613 382 1676 duces
396 1615 528 1676 hostium
547 1615 581 1676 in
602 1615 754 1694 triumpho
776 1615 882 1678 ductos
903 1635 1027 1678 carcere
1048 1617 1216 1700 incluserit)

130 1715 193 1758 non
204 1716 368 1776 posueram
390 1695 503 1760 ¹⁷intcr
526 1699 626 1762 hostes
642 1699 750 1779 populi
772 1699 904 1762 Romani
917 1700 955 1762 L.
972 1700 1166 1781 Scipioneml
1186 1703 1219 1765 in

130 1799 255 1844 carcere
268 1783 473 1846 etiescinculis
480 1801 554 1860 esse,
562 1783 700 1864 mittique
708 1803 775 1845 eum
784 1803 817 1846 se
822 1783 942 1864 jubere.
963 1783 1067 1848 Tanto
1082 1785 1219 1850 adsensu

129 1863 275 1928 auditum
303 1873 353 1928 est
377 1865 551 1944 decretum,
577 1865 654 1929 adeo
679 1866 846 1930 dimissum
875 1867 914 1931 L.
945 1867 1126 1953 Scipionem
1152 1869 1218 1934 laeti

129 1949 275 2014 homines
289 1949 447 2029 viderunt,
461 1957 499 2013 ut
518 1950 572 2014 vix
592 1950 627 2014 in
650 1950 759 2014 eadem
782 1951 907 2015 civitate
922 1951 1080 2016 videretur
1099 1953 1218 2017 factum

123 2032 294 2118 judicium.
339 2034 409 2098 ¹'Iu
423 2034 509 2099 bona
523 2034 636 2098 deinde
650 2035 689 2098 L.
706 2035 863 2120 Scipionis
886 2057 1069 2120 possessum
1090 2038 1218 2122 publice

130 2127 307 2201 quaestores
329 2127 447 2203 praetor
468 2119 565 2184 misit.
594 2141 697 2203 neque
721 2119 755 2182 in
779 2119 817 2182 iis
840 2141 906 2183 non
931 2121 1026 2184 modo
1049 2122 1218 2206 vestigium

130 2201 237 2264 ullum
264 2203 439 2287 comparuit
466 2203 611 2289 pecuniae
639 2203 745 2288 regiae,
775 2203 831 2266 sed
860 2225 1062 2288 nequaquam
1091 2212 1219 2269 tantum

128 2285 297 2350 redactum
328 2294 387 2364 est,
415 2296 541 2386 quantae
566 2309 700 2351 summae
724 2289 892 2350 demamus
918 2289 1030 2352 iuerat.
1085 2287 1220 2353 Conlata

129 2369 300 2456 pecunias
314 2380 454 2457 cognatis
469 2373 640 2457 amicisque
656 2379 688 2436 et
702 2371 871 2436 clientibus
882 2379 931 2435 est
946 2373 984 2436 L.
1000 2371 1140 2456 Scipioni
1147 2399 1157 2452 ;
1171 2381 1219 2452 ut,

134 2455 162 2518 si
176 2455 332 2541 acciperet
346 2478 425 2536 eam,
439 2457 510 2522 locu
533 2457 625 2521 letior
639 2456 801 2540 aliquanto
820 2464 913 2536 esset,
929 2478 1024 2541 quam
1047 2464 1119 2520 ante
1138 2457 1219 2521 cala-

130 2538 276 2604 mitatem
303 2541 416 2605 lucrat.
468 2543 511 2606 N'
539 2543 545 2556 '
583 2541 715 2627 accepit.
742 2563 814 2626 quae
838 2541 1014 2606 necessaria
1033 2542 1074 2605 ed
1097 2541 1219 2606 cultum

131 2631 235 2702 erant,
260 2623 427 2690 l'redemta
452 2627 481 2690 ei
504 2649 523 2690 a
548 2627 700 2712 proximis
715 2625 858 2712 cognatis
882 2635 968 2691 sunt.
1012 2625 1219 2712 Verteratque

132 2707 318 2793 Scipionum
332 2710 451 2776 invidia
464 2711 498 2775 in
513 2719 693 2798 praetorem,
708 2711 771 2776 ”ct
791 2711 957 2777 consilium
973 2710 1052 2797 ejus,
1073 2721 1106 2776 ct
1127 2733 1219 2776 accu-

131 2801 261 2858 satores.

412 2932 464 2978 ri.
478 2932 601 2992 Setptosess
611 2932 658 2978 del.
669 2931 737 2978 Cres.
751 2931 845 2992 Kreyss.
859 2931 935 2978 seii.

166 3079 197 3134 17
214 3081 279 3128 Ister
296 3083 370 3130 testes
385 3084 466 3144 populi
487 3080 595 3144 Roman]
620 3083 675 3130 Post
692 3083 742 3130 hec
774 3097 825 3131 esse
848 3097 876 3130 es
896 3083 976 3129 omnis
997 3096 1049 3141 que
1077 3079 1103 3128 1.
1123 3081 1238 3141 Scipionis
1259 3093 1333 3140 ersus,
1356 3091 1382 3132 ut

129 3145 203 3192 verbs
221 3159 236 3190 s
254 3147 317 3192 msls
335 3161 407 3193 msuu
427 3161 507 3193 rursus
525 3147 640 3194 insertum
651 3155 702 3193 esst
713 3148 742 3194 L.
774 3147 874 3206 pecunia
885 3147 959 3192 exeis
975 3147 1069 3192 redacta
1080 3145 1104 3192 in
1116 3147 1224 3192 ararium
1242 3145 1380 3194 inferretur:

129 3211 277 3269 sapiam.-
305 3211 368 3269 qnod
391 3225 465 3269 quum
488 3217 511 3257 et
536 3223 625 3265 sensus,
647 3219 671 3257 et
696 3211 743 3256 duo
774 3209 804 3258 sd
817 3211 880 3256 illsm
899 3209 1147 3256 suiemvenditiouem
1166 3211 1287 3257 sceeuisse
1303 3212 1382 3270 proxi-

127 3273 291 3332 scriptiones
302 3287 317 3319 s
328 3273 448 3320 Gronovio
459 3274 742 3330 numerumnunerum
774 3288 824 3320 mos
838 3275 863 3320 L.
876 3274 990 3334 Scipionis
1007 3281 1124 3332 cognatos,
1136 3281 1160 3320 et
1171 3288 1199 3321 es
1216 3289 1268 3334 qua
1280 3275 1382 3322 maxime

128 3345 219 3388 nostes.
231 3337 365 3396 repudient,
378 3337 530 3384 rescandum
544 3337 685 3384 censuimus.
777 3338 899 3384 necessarii
919 3351 975 3384 usus
994 3345 1061 3384 erent
1080 3337 1214 3395 redemisse,
1233 3352 1260 3386 so
1279 3339 1382 3399 Scipioni

166 3401 197 3447 18
214 3397 268 3446 'ls
289 3398 359 3461 tosa]
377 3401 451 3448 tussit
468 3409 554 3462 praetor
573 3409 700 3460 questores
719 3401 743 3448 in
776 3401 912 3448 reddidisse.

129 3467 193 3511 hom
218 3463 244 3508 1.
268 3463 384 3524 Scipionis
408 3467 449 3524 jus
477 3465 627 3525 possessionis
649 3465 744 3512 nornine
808 3465 840 3511 St)
856 3467 889 3512 lit
907 3467 1022 3512 condiisse
1041 3462 1103 3525 ejas]
1124 3464 1153 3511 Et
1166 3465 1258 3524 judices
1276 3465 1381 3526 quicum

128 3528 214 3590 populi
228 3527 331 3573 Romani
343 3541 461 3574 exercere.
776 3543 804 3575 eo
818 3529 843 3576 1.
855 3529 988 3590 Scipionem
1000 3529 1175 3576 dsmnsversnt.

166 3591 197 3640 lo
215 3587 378 3652 usesmpu]
395 3591 579 3651 Intelligendum
596 3600 632 3638 est
650 3591 744 3638 vendita
