3118 5002
479 345 568 410 lau.
591 343 701 410 XLII.
730 343 825 409 CAP.
848 345 972 412 XLVI.
1340 355 1406 418 365

150 491 271 556 endum
286 491 438 556 adversus
448 491 562 556 Persea
574 513 633 578 pro
644 492 796 556 Romanis
808 492 949 557 bellumr
972 501 1014 573 et,
1029 515 1094 578 quo
1107 517 1241 580 quaeque
1257 511 1287 558 υ.
1296 511 1322 559 c.
1334 513 1388 560 aar.

150 575 333 660 opulentior
357 575 468 640 civitas
486 586 563 656 erat,
576 599 614 641 eo
638 578 818 642 adcuratius
840 578 987 663 agebant,
1007 579 1083 664 quia
1103 581 1240 646 minores
1255 575 1282 620 Α·
1294 577 1320 622 ⁰·
1336 577 1386 631 ¹7¹·

151 669 309 724 secuturae
333 661 491 745 majorum
515 663 734 727 auctoritatem
759 671 858 726 erant.
902 663 1019 726 Rhodii
1044 664 1173 728 maximi
1199 665 1241 730 ad

151 745 257 808 omnia
270 746 423 808 momenti
438 745 646 824 habebantur,
656 747 731 830 quia
741 767 805 810 non
814 746 917 810 favere
932 754 1068 826 tantum,
1080 748 1136 812 sed
1150 749 1239 834 adju-

151 850 224 892 vare
239 829 334 894 etiam
345 829 466 894 viribus
481 829 548 894 suis
563 831 682 894 bellum
701 839 859 917 poterant,
874 831 1084 916 qnadraginta
1104 833 1239 898 navibus

151 922 279 976 auctore
303 913 549 999 “Hegesilocho
571 915 760 1000 comparatis
770 916 795 980 ¹².
832 915 898 998 qui,
926 937 1027 1000 quum
1049 915 1083 980 in
1112 938 1238 982 summo

151 997 338 1082 magistr-atu
367 1007 461 1078 esset,
486 1000 652 1084 (Prytanin
673 999 736 1084 ipsi
758 1001 883 1084 vocant)
910 999 1020 1064 multis
1045 1000 1238 1065 rationibus¹

151 1081 324 1166 pervicerat
352 1083 504 1162 Rhodios,
528 1092 576 1163 ut,
601 1083 718 1148 omissa
746 1105 842 1168 quam
873 1104 957 1168 saepe
979 1105 1092 1148 vanam
1116 1086 1236 1170 experti

150 1175 266 1243 essent,
281 1188 393 1250 regum
414 1167 621 1232 fovendomm
645 1189 711 1253 spe,
726 1168 903 1232 &manem
926 1167 1107 1232 societatem
1128 1171 1236 1250 (unam

150 1257 220 1313 tum
234 1251 268 1314 in
283 1251 375 1316 terris
389 1251 439 1314 rel
453 1251 584 1331 viribus,
597 1252 648 1316 vel
662 1253 725 1316 lide
740 1251 899 1333 stabilem)
911 1251 1093 1316 retinerent.
1117 1255 1237 1318 Bellum

149 1336 296 1399 inminere
309 1356 376 1400 cum
391 1337 523 1400 Peraea:
546 1337 772 1400 desideraturos
786 1339 939 1400 &manos
951 1338 1084 1400 eumdem
1098 1341 1236 1402 ncaakm
1305 1409 1309 1416 ⁴

150 1419 344 1503 adpmatum,
359 1440 445 1501 quenl
458 1441 553 1502 nuper
566 1423 720 1499 Antiochi,
731 1441 816 1503 quem
831 1422 967 1502 Philippi
976 1427 1046 1484 onte
1055 1422 1130 1484 bello
1140 1424 1234 1486 vidie·

149 1509 227 1566 amit.
257 1505 460 1584 trepidaturos
474 1512 537 1568 lum
559 1511 680 1586 repente
696 1505 842 1586 paranda
863 1507 1074 1586 amireorum
1088 1507 1235 1570 mittenda

150 1593 247 1661 naeu·
269 1589 329 1651 nini
342 1588 464 1669 reficere
477 1610 578 1667 nanee,
591 1591 653 1653 nisi
665 1591 815 1654 instruere
838 1589 996 1652 navaliter
1017 1591 1108 1654 sociis
1130 1594 1235 1672 copie-

148 1677 225 1734 aent.
267 1672 310 1734 Id
319 1693 354 1736 eo
367 1675 465 1755 mapir
477 1673 767 1754 eusesactenaamk
782 1693 855 1752 eree,
869 1679 903 1736 ul
922 1675 1051 1736 cimina
1072 1675 1174 1737 delata
1196 1675 1235 1738 ab

149 1757 284 1820 Eumene
302 1755 369 1837 fide
399 1777 502 1822 rerum
538 1758 718 1838 refellerent.
762 1758 824 1822 His
859 1757 991 1836 incitati,
1027 1758 1235 1842 quadraginta

147 1841 276 1904 navium
291 1841 423 1906 classem
438 1842 626 1906 insnuctam
636 1851 840 1926 ornatamque
851 1841 962 1926 legatis
975 1843 1125 1906 Romanis
1140 1842 1234 1906 adve-

148 1925 320 2004 nientibus,
334 1935 450 1990 utnon
465 1935 678 2012 exspectatam
696 1926 946 1990 adhortationem
969 1947 1037 1990 esse
1059 1927 1233 2011 adpareret,

148 2011 365 2074 ostenderunt.
394 2011 439 2074 Iit
452 2012 521 2076 luec
535 2011 650 2096 legatio
664 2033 816 2096 magnum
830 2010 871 2074 ad
884 2010 1097 2074 conciliandos
1111 2011 1233 2074 animos

148 2093 323 2158 civitatium
338 2095 423 2159 Asiae
445 2105 643 2160 momentum
664 2095 735 2159 fuit.
779 2093 943 2159 Decimius
967 2115 1051 2158 unus
1077 2095 1145 2158 sine
1167 2095 1233 2158 ullo

148 2179 275 2255 effectu,
300 2187 462 2278 captarum
488 2180 582 2244 etiam
605 2180 811 2265 pecuniarum
835 2179 875 2244 ab
898 2177 1026 2262 regibus
1052 2178 1233 2263 lllyriorum

149 2283 205 2326 sus
228 2262 328 2326 icione
342 2263 478 2343 miamis,
494 2265 628 2328 Romam
641 2264 745 2328 rediit.

226 2347 313 2412 LVI.
337 2349 479 2427 Perseus,
494 2370 594 2432 quum
607 2347 642 2412 al
657 2347 824 2431 conloquio
839 2348 1055 2412 Romanorum
1069 2345 1103 2410 ia
1125 2346 1234 2411 Mace·
1246 2357 1343 2404 Persen·

147 2430 274 2494 doniam
299 2433 468 2531 recepisset
490 2453 568 2512 sese,
593 2433 714 2518 legatos
744 2433 879 2496 Romam
904 2431 944 2496 de
973 2431 1129 2496 inchoatis
1156 2452 1230 2496 eum
1245 2422 1388 2531 ffi'fim

148 2515 270 2580 uano
285 2517 618 2604 connuncupare
634 2517 736 2581 mart:
758 2516 1230 2602 ‘'eanmumetuaoaum
1245 2501 1389 2594 ,imm

148 2599 253 2663 literas
265 2601 377 2686 legatis
391 2603 535 2666 ferendas
558 2602 654 2666 dedit
698 2602 738 2666 In
761 2601 859 2666 literis
882 2601 991 2665 eedem
1015 2600 1172 2664 sententia
1192 2601 1233 2664 ad
1246 2612 1325 2658 mittit·

148 2705 258 2748 omnes
286 2695 372 2750 erate
409 2689 596 2750 contemtum
615 2707 648 2750 re
670 2707 737 2751 cum
769 2687 974 2750 Romanarum
1006 2688 1124 2768 lepatic.
1160 2707 1233 2770 quae

147 2769 297 2848 audisset,
311 2791 445 2855 quaeque
461 2771 601 2850 dixisset,
615 2771 660 2834 ita
680 2771 843 2856 disposita,
857 2779 895 2834 ut
918 2770 1061 2856 superior
1080 2770 1178 2834 fuisse
1199 2769 1233 2832 in

146 2853 374 2938 disceptatione
389 2855 487 2918 videri
500 2864 618 2942 posset.
661 2855 760 2940 Apud
770 2855 912 2918 Rhodios
926 2854 1022 2940 legati
1032 2855 1233 2931 addiderunt,

149 2939 307 3020 Confidere
317 2959 424 3020 pacem
430 2939 582 3020 staturam.
611 2940 785 3004 auctoribus
798 2941 878 3002 enim
888 2941 1012 3002 Marcio
1023 2945 1113 3018 alque
1124 2939 1233 3015 Atilio,

146 3024 255 3086 missos
280 3025 408 3088 Romam
435 3027 559 3107 lepator.
603 3025 640 3087 Si
658 3029 822 3106 perpererit
843 3023 975 3086 Romani
1002 3028 1110 3084 contra
1130 3021 1234 3102 sadus

146 3127 264 3170 movere
279 3109 396 3187 bellun,
412 3115 475 3172 lum
489 3111 570 3172 amni
580 3110 698 3192 pratia,
713 3108 794 3170 omni
809 3126 863 3188 ape
881 3105 1053 3169 enitendum
1064 3103 1137 3185 sore
1151 3105 1234 3166 Riua-

147 3191 218 3268 diia,
232 3199 267 3255 ut
279 3195 471 3257 reconcilient
486 3213 605 3274 pacem.
650 3193 686 3256 Si
708 3192 787 3255 nillil
807 3190 994 3272 deprecando
1010 3187 1186 3270 proficiant,
1201 3187 1237 3250 id

147 3277 306 3356 nuendum,
320 3297 358 3341 ne
370 3280 501 3340 omniun
514 3277 679 3358 remunjur
702 3295 739 3340 aa
754 3281 894 3357 potestas
914 3275 959 3338 ad
979 3293 1071 3336 ursum
1087 3273 1235 3354 populum

140 3362 311 3440 novemur.
357 3363 456 3434 Quum
469 3367 637 3426 ueteranum
656 3361 693 3424 id
712 3362 865 3438 interesse,
880 3365 943 3423 tum
951 3359 1105 3440 precipue
1118 3357 1235 3420 Rliodi-

147 3463 235 3506 arnm
272 3445 358 3526 ‘'qui
379 3447 454 3527 plur
479 3447 560 3510 inter
584 3447 664 3510 aliae
687 3445 825 3509 οινίιαιεε
848 3445 997 3526 ιιιρπιιαιε
1019 3447 1110 3523 atque
1130 3441 1235 3522 opibus

180 3609 341 3675 ”armatii
353 3613 447 3675 Kreysa.
460 3614 537 3662 Beth.
650 3609 807 3724 ίινριιὲιιᾱιν
819 3613 884 3660 aad.
996 3605 1152 3673 ksaciamina
1162 3611 1228 3658 End.

677 3693 692 3724 a
741 3693 760 3724 ι
778 3709 785 3724 .

179 3824 388 3888 tollerantiam]
407 3827 526 3874 llieolim
545 3827 758 3888 legebaturiiege-
789 3823 898 3885 potuerit.
932 3823 1024 3870 Deinde
1035 3835 1089 3869 vero
1107 3821 1266 3882 Polybiane:
1284 3831 1331 3879 quo
1348 3819 1399 3865 hee

146 3890 196 3935 ello.
230 3889 302 3950 Apud
321 3891 400 3951 Polyb.
412 3905 475 3947 vero,
492 3892 571 3952 Legat.
584 3891 758 3944 &acerbetur
789 3889 869 3936 omnia
890 3887 1006 3946 descripta
1027 3894 1090 3942 runt,
1109 3885 1233 3944 significat,
1258 3883 1337 3941 legat.
1357 3881 1397 3936 aa,

147 3951 186 3998 hle
197 3953 259 3999 idem
276 3955 423 4001 Rhodiorum
440 3955 590 4014 ωιριιιτιιιιι
609 3953 757 4014 Ρησιλοχος.
789 3953 868 4012 plures
877 3951 947 3997 inim
956 3950 1062 4010 populor,
1074 3949 1170 4009 adquae
1181 3947 1217 3993 ha
1229 3945 1312 3992 littere
1323 3944 1399 3990 mles·

149 4015 246 4062 Fulvius
259 4017 511 4064 Ursinaralteramex
527 4018 600 4064 allero
612 4018 758 4073 carreriam
789 4015 885 4062 luerint.
918 4015 1043 4072 Postquam
1062 4012 1126 4060 enlm
1146 4010 1260 4072 ειρνυιι,
1279 4008 1334 4068 quid
1353 4007 1399 4052 iu·

147 4078 187 4124 hle
216 4079 341 4127 haberetur
367 4082 523 4142 Hegesilocho,
544 4081 607 4142 apud
634 4081 758 4141 Polybium
789 4079 873 4126 littere
884 4077 1038 4134 continerent,
1049 4074 1183 4134 subjungit:
1203 4071 1398 4130 Circacliarqal-

147 4135 326 4204 'firmium
789 4143 839 4188 aa·
859 4144 961 4188 amun
978 4155 1019 4201 ρη
1036 4139 1165 4186 ianuam
1181 4135 1293 4182 aaran
1310 4135 1399 4208 utera

179 4205 212 4259 47
229 4207 261 4254 Bt
271 4209 418 4268 Byzantium,
428 4215 452 4255 et
462 4203 577 4268 Mn]
604 4207 649 4254 liic
668 4206 758 4266 aliquid
789 4207 841 4252 illas
852 4207 928 4252 nteit:
946 4203 1047 4250 Mum
1058 4217 1109 4249 arro
1119 4203 1186 4248 etiam
1197 4199 1282 4272 legator
1293 4211 1342 4270 cum
1359 4197 1398 4241 ιιι-

147 4267 240 4316 ridetur
252 4271 288 4316 rel
299 4279 434 4330 corruptum
445 4285 504 4327 esre,
515 4272 551 4318 rel
563 4271 683 4318 excidisse.
707 4270 758 4316 Hoc
790 4271 851 4316 terli.
886 4268 1018 4327 linquente
1031 4260 1399 4336 Liriilocuaculpalrbranprum

146 4333 246 4392 probant
257 4333 334 4392 primo
349 4347 377 4380 ee
394 4349 447 4394 qne
463 4343 611 4394 aquantur:
634 4334 663 4382 In
675 4334 759 4380 litteris
791 4331 933 4378 deformatus
951 4329 1054 4391 proiecto
1072 4335 1115 4381 eat,
1126 4333 1149 4371 et
1164 4337 1215 4384 ejus
1234 4331 1350 4369 sententie
1370 4337 1399 4370 ex

146 4395 225 4442 eadem
246 4399 359 4444 emerita
381 4399 413 4444 ad
431 4413 504 4446 omnes
525 4403 581 4445 erat.
623 4399 673 4443 Vox
695 4397 758 4442 enim
793 4395 888 4454 Polybio
900 4393 1042 4452 retingenda.
1237 4449 1243 4462 υ

144 4473 221 4506 mr
232 4460 302 4506 latins
313 4460 404 4518 aliquid
414 4469 490 4516 sonat,
502 4475 573 4520 quam
585 4469 611 4507 ut
627 4461 656 4508 de
668 4460 759 4506 duabus
823 4459 855 4504 aa
874 4459 918 4510 Qui
939 4459 1046 4516 ριν.
1068 4445 1190 4510 eratum]
1220 4449 1244 4495 Si
1265 4448 1308 4496 hoc
1331 4449 1400 4494 modo

146 4529 240 4570 matam
259 4523 400 4580 annuum,
421 4524 536 4584 syranno
555 4532 580 4572 et
600 4525 692 4580 Rhodo,
713 4522 759 4570 diei
791 4521 890 4582 legum,
903 4517 1075 4578 veratriplur.
1111 4513 1296 4577 Legeqaaplm.
1331 4513 1401 4572 Poly·
