3094 4954
386 317 474 382 Llli.
500 317 681 384 XXXVII.
714 319 811 386 CAP.
838 321 966 386 XXVI.
1317 330 1378 394 103

120 471 329 548 κηπαίους
350 485 385 528 se
406 467 530 530 tetthen
544 468 623 548 peti.
651 472 687 530 ut
704 469 828 550 puispue
840 471 1003 550 prosim
1016 469 1056 532 ah
1074 470 1213 552 obpressa
1227 485 1255 532 υ.
1268 485 1294 532 c.
1306 486 1361 534 sse.

119 555 371 632 sit‚pcromnes
391 552 473 614 celat
493 553 649 614 cantisoens
666 553 837 616 incendium
855 573 1066 634 pesum.
1108 556 1160 618 Ah
1181 549 1360 620 sebam·

116 637 254 718 produn
273 637 307 698 in
330 635 511 717 Bithyniam
525 635 608 716 fore,
632 637 752 717 quando
774 637 925 700 Eumenes
948 640 982 700 in
1009 639 1214 704 salutariam

118 721 298 784 mnilulem
321 721 525 783 concmsiuet.
569 719 632 782 His
645 728 768 784 motum
785 721 928 784 Prusiam
941 720 1040 784 litcrae
1054 721 1212 806 Scipionis
1226 737 1345 784 nutus

119 803 274 881 consulis,
296 803 354 866 sed
375 803 477 888 magis
502 802 571 888 ejus
592 803 698 867 lintris
716 803 868 883 Aliicani,
889 804 929 868 ab
953 805 1131 889 suspicione
1156 805 1212 870 tali
1226 801 1293 876 ΜΨ·
1306 803 1337 848 *d

119 895 324 952 summunt:
357 887 423 970 qui,
451 897 567 972 praeter
595 887 858 952 consuetudinem
884 897 1072 986 perpetuam
1099 891 1211 975 populi
1224 878 1321 974 ξζξζῇἰ,

121 972 260 1036 Romani
282 971 420 1056 augendi
444 970 531 1034 omni
553 971 674 1035 honore
697 992 808 1056 regum
828 993 985 1036 sociorum
1005 973 1211 1057 majestatem,
1224 999 1351 1038 renuatur.

120 1055 305 1120 domesticis
319 1055 388 1140 ipse
401 1054 553 1139 exemplis
570 1055 714 1118 Pnacium
728 1055 770 1119 ad
783 1057 1024 1140 promerendam
1041 1057 1212 1122 amicitiam

119 1161 213 1204 suam
226 1139 391 1224 compulit.
426 1140 557 1220 Repedae
569 1159 604 1202 se
618 1147 755 1221 acceptos
769 1142 803 1204 in
809 1139 905 1221 fidem
915 1143 949 1204 in
960 1141 1113 1223 Hesperiis
1125 1163 1212 1224 repes

119 1227 291 1306 reliquisse.
333 1225 534 1288 Masinissam
550 1245 612 1287 non
624 1225 658 1286 in
666 1227 774 1305 patrio
793 1226 881 1288 modo
900 1227 1015 1288 locasse
1034 1245 1136 1306 repeto,
1158 1227 1215 1290 sed

118 1311 153 1372 in
168 1311 332 1390 Syphacis,
347 1329 367 1371 a
381 1327 439 1389 ouo
451 1313 523 1370 ante
536 1308 807 1388 sepulcrufhissel,
828 1329 953 1390 repetem
974 1311 1149 1390 immun.
1182 1316 1212 1374 et

118 1413 185 1457 esse
199 1414 268 1456 mm
282 1413 343 1456 non
355 1392 473 1472 Africa
486 1392 573 1456 modo
586 1413 691 1474 nepum
705 1394 792 1474 lonpc
806 1394 1070 1474 mantuensem,
1084 1395 1212 1458 sedicio

118 1481 153 1541 in
164 1478 239 1541 orhe
252 1484 407 1540 terrarm
421 1477 516 1540 uicis
529 1497 634 1558 repam
647 1479 696 1540 cel
708 1477 877 1556 mnjmlatc,
897 1478 946 1540 cel
965 1477 1080 1540 uiribus
1091 1497 1212 1558 paren.

119 1564 298 1644 Philippum
312 1567 343 1624 et
354 1561 469 1639 Nahin,
484 1561 584 1624 hostes
597 1561 672 1625 hello
680 1567 839 1642 superatos
848 1561 888 1624 ah
901 1562 934 1624 Τ.
949 1562 1098 1640 Quinctio,
1113 1567 1213 1626 tanuen

117 1649 153 1710 in
173 1667 268 1729 repca
290 1647 423 1710 relictos.
466 1647 610 1726 Philippo
630 1647 750 1727 quiden
768 1667 847 1710 auno
862 1647 971 1728 priore
990 1647 1083 1710 eliam
1099 1649 1212 1728 slipen-

118 1731 387 1808 disearcmissurn,
411 1729 551 1810 elfiliusn
568 1729 700 1794 obsidem
717 1731 892 1794 redditam:
915 1735 946 1794 cl
969 1730 1116 1812 padam
1138 1731 1212 1794 dui-

119 1822 201 1879 lates
223 1821 316 1878 eatra
337 1815 564 1892 Macedoniam,
579 1815 769 1895 patientibus
795 1816 942 1878 Rhenanis
967 1815 1211 1896 imperatoribus,

117 1903 269 1982 recepisse
291 1921 368 1964 casn.
409 1901 450 1964 In
473 1899 577 1962 eadem
601 1899 750 1999 dignitate
771 1905 801 1962 el
822 1900 928 1963 Nahin
941 1898 1084 1980 fislumm
1101 1897 1211 1999 fuisse,

117 2005 266 2133 m
274 1982 1212 2153 mffithehlhlh‘llhlhltffit:

120 2153 247 2231 livius,
267 2153 324 2236 qui
348 2161 466 2238 praetor
485 2160 558 2216 ante
583 2151 676 2216 classi
695 2174 762 2237 prae
776 2160 875 2230 uerat,
895 2152 1022 2236 legatus
1045 2152 1086 2215 ab
1110 2153 1213 2216 Roma

120 2237 223 2315 venit,
245 2245 279 2300 ct
299 2237 440 2316 edoctum
461 2244 582 2320 quanto
604 2245 637 2302 et
661 2257 735 2321 spes
752 2236 893 2300 victoriae
914 2235 1029 2300 certior
1050 2235 1213 2314 Romanis,

120 2342 222 2406 quam
236 2321 405 2401 Antiocho,
418 2329 450 2386 et
463 2321 599 2386 amicitia
612 2321 751 2386 sanctior
764 2320 946 2403 firmiorque
957 2319 1044 2404 apud
1053 2319 1213 2384 Romanu

119 2407 233 2470 mmm
246 2413 340 2470 esset.
1121 2461 1126 2472 .

166 2489 504 2568 remandatus,
525 2497 698 2576 postquam
720 2511 740 2554 a
761 2511 817 2576 spe
839 2487 997 2554 societatis
1016 2485 1137 2552 Prusiae
1158 2487 1212 2552 de»
1224 2505 1354 2554 Annulo·

120 2575 213 2653 cidit,
235 2575 400 2660 Ephesum
421 2575 461 2639 ab
484 2575 636 2640 Sardibus
659 2583 709 2640 est
729 2575 891 2661 profectus
913 2574 954 2638 ad
974 2573 1117 2652 classem,
1139 2593 1211 2656 quse
1224 2571 1281 2618 ind

120 2681 181 2746 per
207 2659 328 2743 aliquot
353 2681 479 2724 menses
507 2661 664 2724 inshucta
691 2681 728 2724 ac
755 2667 865 2745 parata
892 2659 1004 2738 lucrat,
1027 2637 1327 2736 visendam30¹¹⁸⁸m

119 2744 223 2828 magis
246 2744 322 2830 quia
338 2745 540 2810 terrestribus
562 2745 661 2830 copiis
679 2745 852 2810 exercitum
875 2745 1056 2808 Romanum
1076 2750 1109 2806 ct
1131 2741 1212 2806 duos

121 2829 288 2914 Scipiones
316 2829 361 2894 im
403 2837 522 2894 ratores
546 2829 675 2894 videbat
704 2829 855 2894 sustineri
883 2850 949 2894 non
977 2848 1092 2913 posse;
1114 2847 1211 2910 quam

119 2915 210 2998 quod
222 2935 273 2977 res
287 2936 347 2978 nav
381 2915 388 2928 ‘
421 2914 492 3000 ipsa
504 2933 562 3000 per
574 2935 607 2978 se
621 2922 678 2978 aut
690 2921 813 2978 tentus
827 2913 888 2976 sibi
900 2933 1053 2994 umquam
1071 2910 1213 2988 feliciter,

118 3007 179 3062 aut
201 3006 279 3062 tunc
299 3020 424 3084 magnas
448 3007 481 3062 et
500 3008 595 3064 certae
617 2999 742 3064 fiducias
765 3005 858 3062 esset.
901 2996 981 3060 Erat
994 3003 1101 3058 tamen
1116 2993 1214 3056 ''mo-

120 3091 268 3146 mentum
283 3084 317 3147 in
331 3081 501 3169 praesentia
514 3084 592 3170 spei,
607 3083 694 3167 quod
714 3091 748 3148 ct
762 3101 911 3167 mamam
932 3087 1055 3164 partem
1079 3077 1213 3174 Rhodiae

119 3167 232 3232 classis
258 3168 341 3233 cuca
362 3169 476 3234 Patara
495 3189 574 3246 esse,
595 3177 628 3232 et
646 3169 824 3232 Eumenem
846 3187 954 3251 regem
973 3184 1046 3228 cum
1064 3160 1213 3226 ommbus

120 3251 259 3316 navibus
286 3253 353 3317 suis
383 3253 505 3317 consuli
532 3252 658 3318 obviam
685 3252 720 3318 in
754 3251 1001 3336 Hellespontum
1056 3247 1213 3311 coiectum

121 3335 275 3402 audierat.
310 3337 431 3422 aliquid
452 3338 547 3402 etiam
568 3337 700 3402 inllabat
724 3337 847 3401 animos
875 3334 983 3400 classis
1012 3270 1213 3410 Rbodimad
1283 3385 1284 3389 ,

122 3421 258 3486 Samum
358 3422 554 3486 occasionem
576 3422 687 3486 fraude
778 3427 920 3506 paratam
949 3419 1105 3484 absumta.
1150 3415 1213 3478 Hcs

122 3507 236 3602 fretus,
259 3443 452 3591 Pngenida
469 3527 544 3571 cum
563 3505 662 3572 classe
679 3443 920 3570 ffuminum
934 3501 1021 3600 omni
1034 3499 1131 3597 modo
1144 3521 1213 3597 ccr-

121 3591 255 3654 uminis
281 3592 442 3656 fortunam
467 3591 577 3670 misso,
601 3591 670 3676 ipse
695 3590 802 3688 copies
825 3588 867 3654 ad
890 3588 1027 3651 Notium
1050 3585 1156 3648 ducite
1179 3582 1213 3646 sd

122 3698 142 3738 o
165 3673 282 3759 pidum
305 3675 552 3760 Colophonium,
570 3676 650 3739 mari
670 3676 840 3752 inminens,
862 3672 952 3736 abest
969 3677 1104 3734 nvetere
1118 3667 1213 3731 Colo-

121 3697 232 3844 pbonc
247 3759 311 3823 duo
323 3760 421 3823 ferme
439 3760 537 3824 millia
552 3781 724 3845 passuumc
747 3757 767 3792 '⁹
777 3767 810 3822 et
823 3757 925 3842 ipsam
939 3754 1051 3820 nubem
1065 3774 1131 3816 sum
1145 3772 1213 3816 csse

123 3843 292 3929 potestatis
305 3843 442 3922 volebat,
463 3844 541 3908 adeo
563 3844 777 3944 propinquam
802 3842 942 3940 Epheso,
967 3847 1005 3903 nt
1028 3837 1108 3902 nihil
1130 3845 1214 3900 tem

122 3927 243 3993 marive
256 3937 372 4012 ageret,
387 3929 474 4012 quod
487 3951 553 3992 non
569 3929 748 4026 subjectum
761 3926 861 3991 ocuhs
876 3923 1158 4022 Colophoniorum,
1177 3941 1214 3984 ac

123 4023 374 4162 &staltis
382 4013 541 4182 {still
553 4006 1214 4161 necessetatebus

122 4193 277 4246 moturos.
305 4203 377 4246 cam
392 4181 587 4246 occasionem
603 4180 805 4268 Polyxenidae
820 4179 860 4243 ad
873 4199 941 4242 rem
954 4177 1124 4262 gerendam
1137 4173 1215 4236 fore.

503 4337 519 4367 ‘¹
527 4335 625 4394 planes
634 4331 729 4392 llesyss
743 4329 820 4377 mik.

154 4462 188 4516 ts
204 4454 496 4518 ⁰uonesren...1pes]
515 4457 611 4518 Aliquid
628 4457 691 4518 qnoh
707 4457 737 4502 st
801 4454 833 4509 79
849 4455 882 4502 Et
900 4455 972 4514 ἐρισι
988 4445 1076 4509 alen]
1094 4443 1263 4506 Colophonem.
1274 4449 1300 4490 ut
1315 4447 1379 4504 patet

123 4541 188 4584 spem
200 4525 346 4586 impelleret:
365 4535 449 4584 nempe
461 4523 524 4582 quod
535 4523 578 4569 hc.
769 4533 798 4566 es
811 4518 840 4566 lis
851 4531 903 4578 qua
915 4522 1053 4576 sequnntur.
