3070 4962
744 315 966 378 EPITOMAE

311 469 411 530 sedern
424 487 570 548 puoerm,
584 464 605 499 ⁰²
607 485 668 548 per
674 467 867 548 prouinciam
884 465 1015 528 (tarmis
1027 465 1203 528 Narbonem
1224 467 1287 528 iter
1298 465 1411 546 socere

312 552 438 615 uolebat.
482 553 638 614 Proterea
660 551 753 614 ritum
781 551 953 612 Galliarum
974 551 1115 611 continet.
1158 548 1361 631 “Pompeius
1374 552 1411 612 de

313 637 416 699 tiberio
443 637 650 714 Mitbridatis,
683 637 824 716 Ίῑμναηε,
849 640 879 696 et
911 635 1055 714 warns
1074 633 1155 715 fitia,
1185 636 1411 716 triumphauit:

313 721 505 804 anrsusque
519 743 540 783 a
553 727 619 786 tota
633 721 774 784 concione
787 719 994 782 cuuotuiotus
1007 723 1063 782 est.

812 957 912 1030 CIV.

359 1134 469 1198 Prima
485 1151 566 1212 pars
589 1130 662 1193 iibri
687 1131 779 1194 situm
807 1130 978 1192 Gauranis
1003 1149 1157 1210 moresque
1184 1131 1330 1193 continet.
1379 1131 1411 1193 C.
1510 1188 1511 1194 ,

321 1219 433 1296 Cesar,
456 1237 546 1298 quum
569 1215 713 1278 adrasus
735 1216 912 1292 Germanos,
933 1215 985 1295 qui
1008 1214 1164 1276 Ariouisto
1185 1214 1260 1277 duce
1280 1217 1315 1278 in
1337 1215 1412 1277 Got-

319 1305 392 1365 iiam
417 1301 677 1377 transcenderant,
698 1301 863 1362 coercitum
885 1300 1017 1376 ducant,
1039 1305 1165 1380 rapotae
1182 1299 1221 1360 ab
1237 1299 1360 1362 AEduis
1383 1306 1411 1362 et

320 1387 479 1470 Seqrsanis,
506 1405 632 1468 morum
659 1405 732 1466 oper
752 1383 977 1466 possidebatur,
1007 1383 1238 1464 trepidationem
1266 1385 1411 1460 usitidem,

313 1478 444 1556 propter
463 1477 574 1533 metum
597 1489 739 1533 nouorum
761 1469 890 1531 bostium
913 1474 1022 1545 ortam,
1048 1467 1237 1530 adlocutione
1257 1471 1412 1530 wercum

320 1557 460 1633 inhibuit,
474 1561 505 1618 et
518 1555 730 1635 uictasproetio
748 1553 914 1615 Gesnsonas
931 1553 1034 1614 Gallia
1056 1553 1181 1633 caputii.
1225 1553 1274 1614 M.
1295 1555 1412 1628 Ciam,

321 1641 464 1720 Pompeio
477 1641 558 1701 inter
572 1640 649 1700 aiios
663 1644 779 1715 orante,
794 1644 825 1700 et
838 1635 860 1668 ”
874 1638 907 1700 Τ.
921 1639 1022 1700 Annia
1037 1637 1155 1700 Milone
1176 1637 1299 1700 tribuno
1313 1637 1413 1718 piebis

321 1730 437 1806 aperite,
459 1723 573 1804 inperiti
593 1722 707 1804 panetio
725 1727 850 1784 senatus
874 1723 1025 1785 octatius
1047 1721 1158 1799 Italia,
1176 1721 1215 1783 ab
1237 1723 1348 1784 eesiba
1366 1742 1413 1784 re·

321 1809 429 1870 ductus
451 1813 506 1868 est.
553 1807 606 1868 Gn
622 1807 766 1886 Pompeio
773 1827 835 1888 per
850 1807 1081 1888 quinquennium
1097 1826 1221 1868 annonae
1236 1827 1313 1868 cura
1328 1828 1415 1868 mort·
1516 1874 1517 1880 χ

322 1891 396 1955 daia
408 1896 461 1952 est.
487 1891 590 1952 Caesar
597 1889 774 1968 Ambianos,
789 1893 973 1968 Suessiortes,
993 1890 1224 1967 Veromonduas,
1238 1891 1415 1966 Atrebates,

322 1977 487 2057 uenarum
496 1976 635 2056 populos,
649 1995 775 2056 quosnam
789 1977 894 2056 inpens
910 1977 1071 2037 multituda
1092 1981 1170 2052 erat,
1188 1977 1302 2056 proetio
1320 1977 1416 2038 uictos

322 2063 356 2123 in
370 2059 551 2122 deditionem
566 2061 703 2140 occepit.-
719 2081 756 2122 oc
770 2059 877 2123 danda
890 2059 911 2090 '⁰
921 2067 1028 2122 contro
1039 2059 1169 2122 Nervios
1178 2061 1268 2121 unius
1281 2061 1417 2123 ciuitatis
1517 2099 1518 2102 =

325 2165 393 2208 cum
414 2165 523 2227 mapno
545 2145 718 2207 discrimine
734 2145 896 2226 pupnouit,
918 2165 1040 2226 eamque
1059 2150 1178 2226 pentem
1198 2143 1330 2216 deteoit;
1353 2164 1418 2225 quie

327 2231 433 2293 betium
445 2231 550 2312 pessit,
566 2230 659 2292 donec
670 2249 709 2292 ee
722 2230 882 2311 sesopinto
897 2228 1029 2291 mittibus
1046 2235 1232 2290 oneratorum
1256 2227 1277 2259 '¹
1289 2230 1419 2291 trecenti
1519 2293 1520 2298 ,

326 2320 535 2396 superessent:
559 2335 598 2376 ea
620 2316 769 2376 sescentis
793 2312 983 2376 seruatoribus
1009 2319 1072 2376 tres
1099 2319 1216 2374 tontum
1246 2315 1420 2376 modererst.

327 2399 408 2481 Lepe
432 2401 497 2460 iata
520 2399 558 2461 de
578 2399 744 2480 redipendu
762 2400 795 2460 in
808 2399 974 2479 prouincia
988 2397 1124 2477 formam
1146 2399 1257 2478 Cypro,
1277 2404 1307 2460 et
1317 2399 1421 2479 pubii-

328 2483 568 2564 concapacitate
586 2485 682 2565 repis,
704 2481 725 2514 '¹
736 2484 785 2544 M.
803 2485 912 2545 Catani
935 2483 1162 2546 administratio
1182 2483 1246 2563 dou
1265 2485 1313 2544 rei
1335 2505 1421 2544 man-

329 2569 403 2630 datu
418 2573 472 2630 est.
505 2567 695 2643 Ptolemaios,
709 2568 841 2648 AEpypti
862 2587 929 2644 ren,
943 2567 980 2630 ob
1001 2568 1140 2647 injurias,
1156 2588 1232 2648 quas
1239 2567 1423 2648 potiebatur

328 2673 349 2714 a
362 2653 435 2728 suis,
450 2671 542 2732 repno
551 2651 670 2730 poeno,
690 2651 819 2714 &mom
833 2655 924 2714 vend.
971 2653 1004 2715 C.
1022 2653 1125 2714 Cesar
1146 2651 1283 2729 Venetos,
1299 2659 1422 2734 pentem

328 2755 438 2799 aceorm
453 2735 605 2814 jamim,
629 2737 733 2797 nauali
751 2737 863 2816 pratia
885 2739 968 2799 uicit.
1012 2737 1167 2798 Protereo
1195 2755 1246 2800 res
1269 2757 1290 2798 a
1313 2737 1424 2818 leuatis

329 2821 392 2900 eires
405 2819 509 2882 eodem
515 2818 647 2900 fortuna
657 2825 761 2902 pertas
776 2823 917 2884 continet.

843 3056 922 3129 CV.

380 3227 477 3298 qum
506 3225 526 3258 '⁸
539 3227 572 3290 C.
597 3229 721 3290 Catonis
747 3225 982 3306 tribuniplebis
1010 3224 1273 3288 intercessionibus
1302 3227 1426 3288 wmitia

335 3311 522 3388 tollerentur,
535 3317 658 3372 sanatus
670 3317 781 3374 vestan
801 3312 938 3373 mutauit.
981 3311 1029 3373 M.
1048 3311 1124 3372 Coto
1138 3311 1171 3372 in
1179 3311 1330 3391 petitione
1342 3329 1427 3390 pra·

335 3399 420 3470 turn,
429 3395 560 3473 prototo
582 3395 712 3471 Vatinio,
727 3395 878 3475 repulsam
892 3395 971 3457 tulit.
1007 3394 1097 3472 idem,
1119 3415 1209 3476 orsum
1226 3395 1321 3476 Iepem
1343 3396 1427 3475 inpe-

202 3551 233 3606 67
250 3551 297 3598 Per
315 3551 453 3610 prouinciam
476 3551 574 3598 Caesaris
592 3552 721 3598 Norboness
738 3555 782 3599 iter
816 3553 925 3612 Tigrsne.

164 3612 258 3678 facero]
288 3613 419 3660 Gronovius
441 3629 483 3674 pro
506 3615 634 3663 Narbonem
653 3616 699 3676 tegi
714 3617 782 3676 Jubet
846 3617 878 3665 69
897 3617 1010 3664 Mustio
1028 3618 1114 3664 uttam
1133 3619 1224 3664 tribues
1238 3618 1313 3677 piebis
1331 3613 1427 3678 agente]

172 3679 346 3726 Narbonensem.
816 3679 928 3726 Uitimsm
942 3695 1020 3726 vocem
1033 3681 1154 3741 ndJ'esitest
1167 3683 1300 3740 conjecturs
1310 3683 1428 3740 Sigonius.

204 3742 236 3790 iiii
255 3741 372 3800 Pompeius
390 3741 419 3788 ds
438 3743 517 3789 tiberis
535 3739 693 3803 Mithridatis]
714 3743 782 3803 Sigo-
815 3743 946 3803 Pompeius,
960 3745 999 3803 qui
1011 3755 1061 3789 ent
1073 3745 1183 3804 primus.
1194 3745 1288 3790 anhst:
1309 3744 1368 3790 tttto
1384 3745 1426 3790 tri·

173 3807 225 3853 nius
245 3805 325 3850 inuitis
342 3805 456 3864 disputet,
468 3805 517 3851 hnc
528 3821 570 3852 suo
582 3807 633 3853 ioco
649 3807 723 3866 posits
734 3821 781 3852 non
814 3809 891 3852 hunus
902 3807 984 3867 piebis,
995 3822 1064 3866 spere
1076 3808 1164 3864 debuit,
1176 3817 1202 3853 ut
1213 3821 1294 3854 revere
1306 3808 1368 3864 iecit,
1379 3822 1427 3854 non

173 3883 230 3922 esse.
243 3876 365 3929 propteres
376 3869 438 3927 quad
450 3877 540 3914 constet
553 3870 689 3929 Pompeium
699 3870 783 3916 Pisone
815 3884 881 3917 orere
892 3879 991 3917 tentum.

173 3941 197 3980 et
217 3933 317 3980 Messeis
335 3931 397 3978 Coss
417 3932 784 3992 triumphssse,sntequsmcum
848 3933 880 3988 70
906 3933 1184 3990 caesariensium
1199 3936 1280 3980 inruss
1296 3931 1426 3994 cisitatu]

174 3997 266 4044 Gessre
277 4007 300 4042 et
312 3995 395 4042 Cnseo
406 3995 539 4042 societstem
552 3997 629 4052 iniret,
643 3997 711 4043 tertia
722 4011 785 4043 nnnc
818 3997 894 4056 bingis
905 3999 1000 4052 urridet.
1014 4000 1076 4057 quod
1096 3999 1189 4058 subjicit
1201 3999 1344 4054 Gronovius,
1361 4013 1428 4044 seon

174 4069 228 4105 snte
242 4060 331 4106 Pisonis
343 4069 366 4106 et
378 4059 471 4106 Gobinii
489 4060 634 4106 consulstum
646 4068 670 4106 et
686 4061 783 4106 exilium
815 4063 900 4116 horson,
912 4075 997 4120 nempe
1010 4062 1144 4120 Belgarum,
1157 4063 1277 4108 civitatens.

175 4123 301 4178 Ciceronis,
322 4131 345 4170 et
366 4123 463 4169 Ceteris
483 4123 507 4169 in
527 4123 628 4168 Gsiiinm
648 4124 783 4170 adventum.
848 4123 877 4177 71
898 4125 1001 4170 Trecenti
1012 4121 1164 4186 sumserint]
1194 4126 1334 4186 Quingessor
1352 4123 1429 4170 Gerus

175 4187 228 4233 Jsrn
242 4201 297 4232 sero
309 4187 441 4233 Gronovius
452 4187 476 4232 in
489 4187 585 4232 historie
596 4201 689 4247 quaque
700 4187 784 4232 vitium
816 4187 957 4246 superiuisse
968 4189 1054 4234 scribit.

175 4251 349 4296 esseobserrst.
384 4251 432 4296 Cur
443 4251 505 4297 enirn
515 4251 544 4296 de
556 4251 632 4296 tiberis
644 4250 721 4310 potius
735 4249 783 4296 ttt-
850 4249 882 4304 72
898 4247 1039 4312 dictitari]
1059 4251 1121 4298 hinie
1140 4251 1245 4312 plerique
1264 4251 1331 4306 editi.
1346 4253 1371 4298 G.
1385 4252 1429 4298 Cu·

175 4313 291 4368 thridstis‚
303 4328 373 4372 quum
385 4315 414 4359 de
425 4314 561 4360 Mithridate
570 4315 620 4373 ipso
629 4313 784 4373 triumphasse
816 4317 869 4360 tasi.

176 4373 300 4432 Pompeius
312 4377 414 4422 dicitur?
448 4375 612 4438 Triumphauit
621 4375 746 4436 Pompeius
755 4378 784 4424 de
849 4377 880 4432 7³
899 4377 924 4423 G.
949 4375 1053 4438 Catonis]
1080 4379 1154 4425 Probo
1176 4377 1263 4437 Sigonii
1286 4377 1430 4425 emendatio·

177 4435 314 4482 Mithridate
334 4447 357 4484 et
381 4439 482 4498 'iigrnne
503 4442 603 4500 regibus,
624 4441 700 4486 ductis
730 4449 785 4486 unte
818 4441 946 4495 intendi.
961 4442 1060 4488 Catonis.

175 4510 268 4542 crsrrttm
289 4499 367 4545 iiheris
392 4501 543 4560 Mithridatis,
566 4511 589 4550 et
612 4503 720 4564 Tigranis
738 4504 785 4550 iiiio
