3108 4982
190 319 253 382 272
773 315 865 380 ΤΙΤΙ
890 315 1004 380 LIVll

192 477 257 544 ue.
269 477 324 532 etl.
353 464 468 530 auxilie
482 471 697 544 contraxerst3
719 462 776 528 sed
790 483 990 547 nequequam
1004 481 1136 524 numem
1156 459 1295 524 militum
1318 461 1444 524 bostem
1545 495 1546 498 κ

191 541 220 588 ⁴·
232 541 257 590 ⁰·
272 541 325 590 ¹⁶¹·
354 548 511 633 requebet.
554 547 713 633 Principio
727 547 809 612 veris
823 547 996 612 exercitum
1010 545 1044 608 in
1059 544 1280 630 Carpetaniam
1295 544 1398 623 duxit,
1414 553 1446 608 et

354 641 459 781 mss
597 633 638 730 e
653 631 809 780 uss
823 628 1446 792 mnes

353 739 425 867 bibl
430 764 508 866 colle
522 737 706 886 pqqqresnppts
711 737 847 864 oesiam
859 820 940 884 quos
954 797 1011 862 ubi
1025 797 1135 862 edesse
1150 804 1268 896 praetpr
1279 761 1446 894 Romanus,

355 885 464 984 sensit,
486 885 534 949 M.
554 883 703 949 Fulvium
731 883 860 982 fretrem
887 905 962 948 cum
990 881 1114 979 duabus
1128 890 1257 980 'turmis
1286 902 1445 979 sociorum

355 967 1045 1150 esssesressssssesrs
1059 975 1446 1148 estesse

355 1137 537 1217 abstineret,
551 1137 765 1224 reciperetque
779 1158 857 1216 sese,
873 1158 899 1200 ss
914 1137 1054 1200 hostium
1072 1142 1249 1218 equitatum
1274 1143 1445 1198 exeuntem

355 1221 495 1286 vidisset.
539 1222 600 1300 lte,
625 1231 664 1286 ut
684 1229 879 1307 praeceptum
907 1227 983 1298 erat,
1011 1219 1095 1282 fecit.
1140 1219 1200 1282 Per
1229 1218 1296 1282 dies
1323 1217 1447 1302 aliquot

357 1306 437 1370 nihil
455 1305 539 1370 ultre
560 1314 695 1386 motum,
716 1328 813 1390 quem
829 1313 867 1369 ut
884 1306 935 1369 lue
955 1305 1028 1368 dure
1046 1311 1161 1366 turmae
1180 1302 1445 1366 ostenderentur:

357 1391 431 1455 dein
456 1391 717 1470 subducerentur,
740 1389 796 1454 ubi
816 1389 976 1474 equitatus
989 1387 1130 1451 hostium
1144 1385 1256 1450 cestris
1273 1407 1448 1470 procucur-

357 1475 473 1540 rissent
481 1485 504 1540 Ι.
548 1475 734 1540 Postremoh
748 1473 908 1552 Celtiberi,
923 1471 1072 1536 omnibus
1087 1471 1182 1536 simul
1195 1469 1341 1556 pediturn
1354 1471 1446 1555 equi-

358 1569 491 1644 tumque
505 1559 605 1644 copiis
618 1557 729 1623 cestris
744 1557 871 1642 egressi,
894 1557 960 1622 scie
973 1556 1093 1620 directe
1110 1555 1214 1619 medio
1228 1555 1325 1618 ferme
1341 1557 1446 1653 spatio

357 1643 440 1708 inter
453 1643 528 1708 bins
545 1651 648 1706 cestre
665 1642 885 1706 constiterunt.
929 1641 1072 1726 Campus
1087 1647 1153 1704 eret
1166 1639 1281 1725 plenus
1294 1661 1399 1704 omms
1412 1649 1448 1704 et
1538 1693 1542 1701 .

356 1737 451 1810 eptus
464 1748 593 1824 pugnes.
628 1725 672 1790 ibi
687 1733 800 1790 stetere
816 1725 955 1823 Hispepi
967 1725 1093 1824 hostem
1106 1731 1343 1822 exspectantes.
1380 1725 1447 1824 Rq-

355 1831 474 1958 ffi.
493 1810 824 1960 mm
841 1809 1447 1994 ttttttstdtdltttffts
1538 1926 1544 1952 .

356 1977 509 2042 Romanis
523 1977 603 2043 nihil
616 1987 751 2046 motum.
774 1979 848 2044 inde
862 1979 1008 2064 quievere
1022 1979 1055 2043 in
1070 1987 1181 2077 qestrss
1194 1977 1356 2076 Celtrbem
1392 2001 1448 2077 pm
1540 1982 1544 2053 ξ

378 2085 473 2148 ugnse
488 2063 579 2150 copie
592 2086 657 2128 non
671 2063 787 2130 fiebat:
804 2063 925 2148 equites
940 2071 1066 2128 tentum
1080 2085 1114 2128 m
1129 2071 1322 2134 stsboneme
1413 2085 1447 2126 e-

355 2085 483 2228 bentur,
504 2157 541 2214 ut
564 2149 666 2235 penti
690 2157 806 2230 essent,
827 2147 950 2233 siquid
970 2148 1011 2212 ab
1028 2148 1119 2212 hoste
1137 2155 1326 2212 moveretur.
1359 2169 1447 2232 pone

356 2241 462 2332 cestre
484 2233 611 2319 utrique
631 2233 819 2320 pabulatum
843 2241 876 2298 et
897 2233 1054 2319 lignatum
1077 2232 1177 2313 ibent,
1202 2231 1307 2296 neutri
1329 2231 1446 2301 alteros
1539 2248 1542 2273 ¹

214 2417 325 2451 secunus
356 2317 675 2470 mbiddellllnbraemr
689 2405 863 2484 Romanus,
883 2403 940 2470 ubi
954 2401 1030 2469 setis
1044 2411 1094 2468 tot
1108 2402 1231 2468 dierum
1249 2403 1354 2552 quiete
1378 2425 1448 2468 cre-
1538 2431 1544 2444 =

212 2467 251 2514 ‘'
304 2503 309 2513 ·
356 2486 466 2550 didits
490 2507 540 2550 em
554 2488 669 2552 sectam
678 2489 908 2567 hosti‚nihilse
920 2489 1056 2575 priorem
1066 2497 1239 2568 moturum,
1282 2489 1446 2554 ..toilium

355 2591 429 2634 cum
524 2570 652 2634 sinistre
677 2580 709 2634 et
734 2593 790 2636 sex
816 2573 958 2638 millibus
987 2573 1226 2660 provincialium
1253 2573 1446 2638 auxiliorum

355 2653 518 2716 circumire
541 2664 682 2718 montem
700 2655 805 2740 jubet,
830 2657 887 2741 qui
906 2657 946 2722 eb
970 2667 1002 2724 te
1083 2658 1230 2722 hostibus
1253 2668 1337 2736 erst3
1359 2659 1446 2736 inde,

354 2735 411 2800 ubi
433 2735 602 2802 clamorem
630 2739 780 2818 audisset,
806 2740 970 2806 desumere
1068 2750 1171 2806 castre
1195 2763 1314 2807 eorum.
1350 2752 1446 2806 nocte
1535 2738 1539 2755 ‘

377 2819 487 2884 resecti
511 2831 597 2904 sunt,
618 2845 659 2888 ne
683 2833 815 2910 possent
839 2827 990 2912 conspici.
1035 2827 1166 2892 Flaccus
1189 2827 1259 2892 luce
1278 2825 1382 2912 prims
1406 2828 1446 2894 C.

354 2841 567 2987 derisorium,
594 2907 780 2994 prefectum
808 2909 939 2992 sociem,
967 2911 1009 2976 sd
1036 2911 1155 2976 vellum
1182 2911 1324 2976 hostium
1347 2912 1446 2976 ‘cum

354 2991 515 3091 equitibus
529 2993 781 3058 extraordinariis
797 2995 932 3060 sinistrae
946 2996 1003 3060 elae
1016 2995 1125 3062 mittit.
1158 3017 1238 3080 quos
1253 2995 1310 3060 ubi
1324 3003 1447 3083 etpro-
1540 3028 1547 3043 ·

354 3099 427 3162 prus
442 3079 598 3159 secedere,
618 3087 652 3142 et
665 3079 782 3164 plures,
797 3101 892 3164 quesn
907 3081 991 3146 soliti
1006 3089 1105 3159 erent,
1125 3079 1275 3144 Celtiberi
1289 3101 1445 3179 conspex-

354 3169 458 3240 ersmt,
473 3163 576 3226 omnis
590 3164 750 3247 equitatus
766 3165 940 3230 effunditur
956 3165 1086 3230 cestriss
1109 3165 1204 3230 simul
1228 3173 1260 3228 et
1281 3165 1445 3250 peditibus

355 3243 482 3329 signum
497 3247 538 3310 ed
550 3247 730 3312 exeundum
745 3250 848 3313 detur.
884 3249 1078 3328 Scribonius,
1093 3249 1142 3314 uti
1156 3258 1353 3334 proeoeptum
1366 3259 1445 3329 eret,

354 3327 410 3392 ubi
424 3328 563 3412 primum
579 3331 760 3396 ‘fremitum
775 3333 988 3416 equestrium¹
1002 3334 1133 3414 audivit,
1147 3333 1260 3399 avertit
1279 3355 1390 3417 equos,
1412 3344 1445 3398 et

354 3420 456 3478 casus
469 3415 594 3498 repetit.
630 3437 668 3479 eo
683 3417 814 3480 effusius
828 3417 918 3502 sequi
935 3420 1053 3482 hostes.
1088 3419 1192 3504 primo
1213 3418 1346 3503 equites,
1367 3441 1445 3484 mox

354 3503 386 3560 et
408 3497 552 3581 peditum
576 3499 658 3563 ecies
681 3501 798 3580 ederet,
820 3503 907 3566 houd
929 3503 1026 3566 dubis
1048 3523 1115 3588 spe,
1136 3502 1260 3566 ‘esstm
1279 3525 1316 3566 eo
1340 3503 1444 3568 disse

353 3579 593 3666 obpugnaturus
601 3584 626 3649 ¹¹.
648 3585 839 3672 quingentos
853 3609 978 3672 pessus,
991 3609 1056 3651 nou
1072 3588 1155 3672 plus,
1173 3587 1287 3652 evello
1302 3588 1443 3652 aberent

355 3663 479 3749 ltaque,
493 3667 549 3732 ubi
565 3667 712 3734 Flaccus¹
726 3671 803 3734 setis
816 3671 991 3736 abstractos
1006 3693 1060 3736 eos
1073 3693 1093 3735 e
1105 3672 1253 3758 presidio
1267 3679 1445 3738 cssbomm

352 3754 1446 3926 tfflstttttttttttmtltltlttttttttgtt

352 3918 555 3996 excitandum
582 3923 718 4004 sublato,
741 3925 798 3989 sed
825 3925 921 3989 etism
942 3933 990 4005 ut,
1013 3925 1126 4010 quiin
1150 3925 1313 3992 montibus
1343 3935 1446 4006 erent,

586 4083 628 4116 roo
666 4085 715 4119 res.
822 4067 1024 4200 him'nlssrss,
1035 4068 1353 4186 melipqssg'sffiffieyss.
1366 4073 1447 4124 ecke.

221 4255 310 4303 lesse
339 4259 453 4319 eqststtss
485 4261 674 4309 estrwds'ssrs's's
700 4264 800 4310 susara
864 4263 983 4314 GGostrs
1004 4281 1030 4314 es
1051 4267 1088 4314 sls's
1109 4281 1134 4314 se
1160 4261 1341 4327 oppugnatura]
1376 4265 1447 4313 uruit

188 4315 245 4378 olo]
264 4319 317 4366 Vld.
331 4329 379 4368 net.
391 4323 422 4369 sd
434 4323 449 4370 l.
461 4323 563 4370 xxvn.
576 4339 595 4371 e.
610 4324 648 4371 12
832 4329 981 4376 metendum.
1015 4330 1143 4389 Hucusque
1154 4343 1258 4390 pugnem
1269 4337 1364 4376 uotum
1380 4329 1446 4376 intes

220 4382 379 4432 bFrsssltsn
392 4383 540 4448 equestrem]
560 4388 623 4448 laege
639 4403 694 4436 eum
705 4390 798 4438 Grono-
831 4391 888 4436 tius
905 4400 981 4439 cestre
996 4399 1154 4452 spernerent.
1188 4389 1284 4440 'Nune
1301 4393 1384 4439 erescit
1397 4393 1445 4439 illis
1536 4396 1540 4435 t

188 4443 226 4488 vlo
237 4441 358 4502 ,semlerus
374 4457 515 4510 eqsestress:
532 4453 731 4513 quemsdmodum
743 4454 798 4502 sllbl
831 4455 937 4512 sudreie,
948 4463 974 4502 et
990 4464 1067 4504 essere
1083 4469 1176 4518 quoque
1189 4457 1298 4504 Romsns
1313 4469 1339 4504 ss
1350 4469 1446 4518 oppug-
1536 4448 1542 4501 l

186 4507 286 4564 wila
297 4515 417 4570 φακῆν.
833 4525 928 4566 umores
939 4529 1043 4580 sperent.
1541 4548 1542 4558 κ
