<?xml version="1.0" encoding="UTF-8"?>
<!DOCTYPE html PUBLIC "-//W3C//DTD XHTML 1.0 Transitional//EN"
    "http://www.w3.org/TR/xhtml1/DTD/xhtml1-transitional.dtd">
<html xmlns="http://www.w3.org/1999/xhtml" xml:lang="en" lang="en">
 <head>
  <title>
</title>
<meta http-equiv="Content-Type" content="text/html;charset=utf-8" />
  <meta name='ocr-system' content='tesseract 3.04.00' />
  <meta name='ocr-capabilities' content='ocr_page ocr_carea ocr_par ocr_line ocrx_word'/>
</head>
<body>
  <div class='ocr_page' id='page_1' title='image "./tliviipatavinih01crevgoog/tliviipatavinih01crevgoog_0427.png"; bbox 0 0 3098 4958; ppageno 0'>
   <div class='ocr_carea' id='block_1_1' title="bbox 468 315 1377 390">
    <p class='ocr_par' dir='ltr' id='par_1_1' title="bbox 468 315 1377 390">
     <span class='ocr_line' id='line_1_1' title="bbox 468 315 1377 390; baseline 0.012 -12"><span class='ocrx_word' id='word_1_1' title='bbox 468 315 555 379; x_wconf 93' lang='lat' dir='ltr'><strong>LIB.</strong></span> <span class='ocrx_word' id='word_1_2' title='bbox 578 315 701 379; x_wconf 91' lang='lat' dir='ltr'>XLIV.</span> <span class='ocrx_word' id='word_1_3' title='bbox 731 315 826 381; x_wconf 84' lang='lat' dir='ltr'><strong>CAP.</strong></span> <span class='ocrx_word' id='word_1_4' title='bbox 848 317 945 382; x_wconf 89' lang='lat' dir='ltr'>VIII.</span> <span class='ocrx_word' id='word_1_5' title='bbox 1314 327 1377 390; x_wconf 82' lang='lat'><strong>417</strong></span> 
     </span>
    </p>
   </div>
   <div class='ocr_carea' id='block_1_2' title="bbox 110 461 1364 3673">
    <p class='ocr_par' dir='ltr' id='par_1_2' title="bbox 123 461 1357 719">
     <span class='ocr_line' id='line_1_2' title="bbox 125 461 1357 546; baseline 0.011 -21"><span class='ocrx_word' id='word_1_6' title='bbox 125 469 168 542; x_wconf 87' lang='lat' dir='ltr'><strong>et,</strong></span> <span class='ocrx_word' id='word_1_7' title='bbox 182 469 221 526; x_wconf 93' lang='lat' dir='ltr'><strong>ut</strong></span> <span class='ocrx_word' id='word_1_8' title='bbox 234 461 430 546; x_wconf 89' lang='lat' dir='ltr'><strong>reliquorum</strong></span> <span class='ocrx_word' id='word_1_9' title='bbox 445 462 659 526; x_wconf 80' lang='lat' dir='ltr'><strong>Macedonum</strong></span> <span class='ocrx_word' id='word_1_10' title='bbox 674 463 795 528; x_wconf 87' lang='lat' dir='ltr'><strong>animos</strong></span> <span class='ocrx_word' id='word_1_11' title='bbox 811 465 871 530; x_wconf 88' lang='lat' dir='ltr'><strong>sibi</strong></span> <span class='ocrx_word' id='word_1_12' title='bbox 892 466 1081 545; x_wconf 81' lang='lat' dir='ltr'><strong>conciliaret,</strong></span> <span class='ocrx_word' id='word_1_13' title='bbox 1094 467 1211 532; x_wconf 89' lang='lat' dir='ltr'><strong>obsidi-</strong></span> <span class='ocrx_word' id='word_1_14' title='bbox 1227 490 1254 536; x_wconf 89' lang='grc' dir='ltr'><strong>υ.</strong></span> <span class='ocrx_word' id='word_1_15' title='bbox 1265 491 1290 536; x_wconf 91' lang='lat' dir='ltr'><strong>c.</strong></span> <span class='ocrx_word' id='word_1_16' title='bbox 1300 491 1357 538; x_wconf 82' lang='lat' dir='ltr'><strong>aaa.</strong></span> 
     </span>
     <span class='ocr_line' id='line_1_3' title="bbox 124 546 1357 632; baseline 0.005 -21"><span class='ocrx_word' id='word_1_17' title='bbox 124 547 186 612; x_wconf 90' lang='lat' dir='ltr'><strong>bus</strong></span> <span class='ocrx_word' id='word_1_18' title='bbox 201 555 382 624; x_wconf 86' lang='lat' dir='ltr'><strong>contentus,</strong></span> <span class='ocrx_word' id='word_1_19' title='bbox 398 546 465 609; x_wconf 90' lang='lat' dir='ltr'><strong>sine</strong></span> <span class='ocrx_word' id='word_1_20' title='bbox 499 547 623 610; x_wconf 88' lang='lat' dir='ltr'><strong>raesidio</strong></span> <span class='ocrx_word' id='word_1_21' title='bbox 640 549 815 632; x_wconf 86' lang='lat' dir='ltr'>relinquere</span> <span class='ocrx_word' id='word_1_22' title='bbox 839 572 872 613; x_wconf 89' lang='lat' dir='ltr'><strong>se</strong></span> <span class='ocrx_word' id='word_1_23' title='bbox 895 551 939 614; x_wconf 90' lang='lat' dir='ltr'><strong>eis</strong></span> <span class='ocrx_word' id='word_1_24' title='bbox 964 551 1086 630; x_wconf 90' lang='lat' dir='ltr'><strong>urbem,</strong></span> <span class='ocrx_word' id='word_1_25' title='bbox 1105 551 1210 617; x_wconf 92' lang='lat' dir='ltr'><strong>inmu-</strong></span> <span class='ocrx_word' id='word_1_26' title='bbox 1225 553 1253 599; x_wconf 78' lang='lat' dir='ltr'><strong>A.</strong></span> <span class='ocrx_word' id='word_1_27' title='bbox 1265 555 1291 600; x_wconf 81' lang='lat'><strong>⁰·</strong></span> <span class='ocrx_word' id='word_1_28' title='bbox 1306 553 1357 602; x_wconf 82' lang='lat'>¹⁶⁹·</span> 
     </span>
     <span class='ocr_line' id='line_1_4' title="bbox 123 569 1209 719; baseline 0.006 -25"><span class='ocrx_word' id='word_1_29' title='bbox 123 653 243 715; x_wconf 90' lang='lat' dir='ltr'><strong>nesque</strong></span> <span class='ocrx_word' id='word_1_30' title='bbox 268 653 305 694; x_wconf 90' lang='lat' dir='ltr'><strong>ac</strong></span> <span class='ocrx_word' id='word_1_31' title='bbox 326 631 393 694; x_wconf 91' lang='lat' dir='ltr'><strong>suis</strong></span> <span class='ocrx_word' id='word_1_32' title='bbox 415 569 538 715; x_wconf 71' lang='lat' dir='ltr'><strong>legibus</strong></span> <span class='ocrx_word' id='word_1_33' title='bbox 557 632 705 712; x_wconf 88' lang='lat' dir='ltr'><strong>victuros,</strong></span> <span class='ocrx_word' id='word_1_34' title='bbox 732 642 780 697; x_wconf 90' lang='lat' dir='ltr'><strong>est</strong></span> <span class='ocrx_word' id='word_1_35' title='bbox 807 634 975 719; x_wconf 80' lang='lat' dir='ltr'><strong>pollicitus.</strong></span> <span class='ocrx_word' id='word_1_36' title='bbox 1020 637 1082 699; x_wconf 92' lang='lat' dir='ltr'><strong>Pro</strong></span> <span class='ocrx_word' id='word_1_37' title='bbox 1120 659 1209 702; x_wconf 90' lang='lat' dir='ltr'><strong>essus</strong></span> 
     </span>
    </p>

    <p class='ocr_par' dir='ltr' id='par_1_3' title="bbox 123 715 1208 804">
     <span class='ocr_line' id='line_1_5' title="bbox 123 715 1208 804; baseline 0.006 -25"><span class='ocrx_word' id='word_1_38' title='bbox 123 715 197 779; x_wconf 90' lang='lat' dir='ltr'><strong>inde</strong></span> <span class='ocrx_word' id='word_1_39' title='bbox 213 715 273 779; x_wconf 92' lang='lat' dir='ltr'><strong>diei</strong></span> <span class='ocrx_word' id='word_1_40' title='bbox 289 717 358 793; x_wconf 86' lang='lat' dir='ltr'><strong>iter,</strong></span> <span class='ocrx_word' id='word_1_41' title='bbox 372 716 414 778; x_wconf 90' lang='lat' dir='ltr'><strong>ad</strong></span> <span class='ocrx_word' id='word_1_42' title='bbox 428 716 606 779; x_wconf 86' lang='lat' dir='ltr'><strong>Ascordum</strong></span> <span class='ocrx_word' id='word_1_43' title='bbox 620 717 738 780; x_wconf 87' lang='lat' dir='ltr'><strong>llumen</strong></span> <span class='ocrx_word' id='word_1_44' title='bbox 756 719 864 802; x_wconf 84' lang='lat' dir='ltr'><strong>posuit</strong></span> <span class='ocrx_word' id='word_1_45' title='bbox 878 727 997 783; x_wconf 87' lang='lat' dir='ltr'><strong>castra:</strong></span> <span class='ocrx_word' id='word_1_46' title='bbox 1019 721 1086 798; x_wconf 83' lang='lat' dir='ltr'><strong>ct,⁴</strong></span> <span class='ocrx_word' id='word_1_47' title='bbox 1109 743 1208 804; x_wconf 86' lang='lat' dir='ltr'><strong>quan-</strong></span> 
     </span>
    </p>

    <p class='ocr_par' dir='ltr' id='par_1_4' title="bbox 121 799 1316 1226">
     <span class='ocr_line' id='line_1_6' title="bbox 122 799 1207 898; baseline 0.006 -35"><span class='ocrx_word' id='word_1_48' title='bbox 122 807 194 863; x_wconf 88' lang='lat' dir='ltr'><strong>tum</strong></span> <span class='ocrx_word' id='word_1_49' title='bbox 202 801 388 898; x_wconf 78' lang='lat' dir='ltr'><strong>procederet</strong></span> <span class='ocrx_word' id='word_1_50' title='bbox 395 799 522 884; x_wconf 87' lang='lat' dir='ltr'><strong>longius</strong></span> <span class='ocrx_word' id='word_1_51' title='bbox 532 821 551 862; x_wconf 91' lang='lat' dir='ltr'><strong>a</strong></span> <span class='ocrx_word' id='word_1_52' title='bbox 560 801 731 880; x_wconf 79' lang='lat' dir='ltr'><strong>Thessalia,</strong></span> <span class='ocrx_word' id='word_1_53' title='bbox 743 824 780 864; x_wconf 93' lang='lat' dir='ltr'><strong>eo</strong></span> <span class='ocrx_word' id='word_1_54' title='bbox 791 803 940 888; x_wconf 87' lang='lat' dir='ltr'><strong>majorem</strong></span> <span class='ocrx_word' id='word_1_55' title='bbox 951 826 1056 868; x_wconf 89' lang='lat' dir='ltr'><strong>rerum</strong></span> <span class='ocrx_word' id='word_1_56' title='bbox 1065 806 1207 870; x_wconf 91' lang='lat' dir='ltr'><strong>omnium</strong></span> 
     </span>
     <span class='ocr_line' id='line_1_7' title="bbox 122 884 1304 969; baseline 0.005 -22"><span class='ocrx_word' id='word_1_57' title='bbox 122 884 262 969; x_wconf 81' lang='lat' dir='ltr'><strong>inopiam</strong></span> <span class='ocrx_word' id='word_1_58' title='bbox 278 885 428 962; x_wconf 89' lang='lat' dir='ltr'><strong>sentiens,</strong></span> <span class='ocrx_word' id='word_1_59' title='bbox 442 905 603 968; x_wconf 80' lang='lat' dir='ltr'><strong>regressus</strong></span> <span class='ocrx_word' id='word_1_60' title='bbox 623 886 665 948; x_wconf 90' lang='lat' dir='ltr'><strong>ad</strong></span> <span class='ocrx_word' id='word_1_61' title='bbox 679 886 777 948; x_wconf 90' lang='lat' dir='ltr'><strong>Dium</strong></span> <span class='ocrx_word' id='word_1_62' title='bbox 799 897 848 950; x_wconf 89' lang='lat' dir='ltr'><strong>est</strong></span> <span class='ocrx_word' id='word_1_63' title='bbox 857 913 867 966; x_wconf 92' lang='lat'>;</span> <span class='ocrx_word' id='word_1_64' title='bbox 889 888 1084 952; x_wconf 80' lang='lat' dir='ltr'><strong>dubitatione</strong></span> <span class='ocrx_word' id='word_1_65' title='bbox 1106 891 1207 954; x_wconf 90' lang='lat' dir='ltr'><strong>omui·</strong></span> <span class='ocrx_word' id='word_1_66' title='bbox 1222 893 1304 953; x_wconf 77' lang='lat' dir='ltr'><strong>¹¹¹⁰ri²</strong></span> 
     </span>
     <span class='ocr_line' id='line_1_8' title="bbox 122 957 1316 1056; baseline 0.005 -25"><span class='ocrx_word' id='word_1_67' title='bbox 122 967 184 1032; x_wconf 89' lang='lat' dir='ltr'><strong>bus</strong></span> <span class='ocrx_word' id='word_1_68' title='bbox 199 977 330 1046; x_wconf 77' lang='lat' dir='ltr'><strong>exemia,</strong></span> <span class='ocrx_word' id='word_1_69' title='bbox 346 967 424 1052; x_wconf 92' lang='lat' dir='ltr'><strong>quid</strong></span> <span class='ocrx_word' id='word_1_70' title='bbox 448 967 618 1032; x_wconf 85' lang='lat' dir='ltr'><strong>intercluso</strong></span> <span class='ocrx_word' id='word_1_71' title='bbox 644 969 683 1033; x_wconf 84' lang='lat' dir='ltr'><strong>ab</strong></span> <span class='ocrx_word' id='word_1_72' title='bbox 705 971 866 1034; x_wconf 86' lang='lat' dir='ltr'><strong>Thessalia</strong></span> <span class='ocrx_word' id='word_1_73' title='bbox 886 973 1071 1056; x_wconf 88' lang='lat' dir='ltr'><strong>patiendum</strong></span> <span class='ocrx_word' id='word_1_74' title='bbox 1085 973 1206 1052; x_wconf 78' lang='lat' dir='ltr'><strong>iiaisset,</strong></span> <span class='ocrx_word' id='word_1_75' title='bbox 1219 957 1316 1005; x_wconf 63' lang='lat' dir='ltr'><strong>&#39;‘lm“</strong></span> 
     </span>
     <span class='ocr_line' id='line_1_9' title="bbox 122 1052 1206 1151; baseline 0.006 -35"><span class='ocrx_word' id='word_1_76' title='bbox 122 1053 174 1116; x_wconf 87' lang='lat' dir='ltr'><strong>cui</strong></span> <span class='ocrx_word' id='word_1_77' title='bbox 199 1053 310 1151; x_wconf 90' lang='lat' dir='ltr'><strong>procul</strong></span> <span class='ocrx_word' id='word_1_78' title='bbox 331 1053 405 1116; x_wconf 91' lang='lat' dir='ltr'><strong>iude</strong></span> <span class='ocrx_word' id='word_1_79' title='bbox 431 1052 597 1116; x_wconf 83' lang='lat' dir='ltr'><strong>abscedere</strong></span> <span class='ocrx_word' id='word_1_80' title='bbox 619 1061 726 1116; x_wconf 84' lang='lat' dir='ltr'><strong>tutum</strong></span> <span class='ocrx_word' id='word_1_81' title='bbox 749 1077 814 1118; x_wconf 93' lang='lat' dir='ltr'><strong>non</strong></span> <span class='ocrx_word' id='word_1_82' title='bbox 838 1065 930 1121; x_wconf 90' lang='lat' dir='ltr'><strong>esset.</strong></span> <span class='ocrx_word' id='word_1_83' title='bbox 975 1059 1117 1135; x_wconf 88' lang='lat' dir='ltr'><strong>Perseus,</strong></span> <span class='ocrx_word' id='word_1_84' title='bbox 1131 1080 1206 1122; x_wconf 91' lang='lat' dir='ltr'><strong>con·</strong></span> 
     </span>
     <span class='ocr_line' id='line_1_10' title="bbox 121 1136 1205 1226; baseline 0.006 -27"><span class='ocrx_word' id='word_1_85' title='bbox 121 1143 230 1200; x_wconf 74' lang='lat' dir='ltr'><strong>tractu</strong></span> <span class='ocrx_word' id='word_1_86' title='bbox 244 1137 277 1200; x_wconf 91' lang='lat' dir='ltr'><strong>in</strong></span> <span class='ocrx_word' id='word_1_87' title='bbox 289 1159 391 1200; x_wconf 89' lang='lat' dir='ltr'><strong>unum</strong></span> <span class='ocrx_word' id='word_1_88' title='bbox 405 1136 553 1200; x_wconf 90' lang='lat' dir='ltr'><strong>omnibus</strong></span> <span class='ocrx_word' id='word_1_89' title='bbox 569 1137 667 1222; x_wconf 83' lang='lat' dir='ltr'><strong>copiis</strong></span> <span class='ocrx_word' id='word_1_90' title='bbox 683 1139 890 1222; x_wconf 84' lang='lat' dir='ltr'><strong>ducibusque,</strong></span> <span class='ocrx_word' id='word_1_91' title='bbox 900 1141 1061 1225; x_wconf 87' lang='lat' dir='ltr'><strong>increpare</strong></span> <span class='ocrx_word' id='word_1_92' title='bbox 1076 1143 1205 1226; x_wconf 84' lang='lat' dir='ltr'><strong>praefec-</strong></span> 
     </span>
    </p>

    <p class='ocr_par' dir='ltr' id='par_1_5' title="bbox 120 1221 1203 1322">
     <span class='ocr_line' id='line_1_11' title="bbox 120 1221 1203 1322; baseline 0.006 -38"><span class='ocrx_word' id='word_1_93' title='bbox 120 1229 172 1284; x_wconf 85' lang='lat' dir='ltr'><strong>tos</strong></span> <span class='ocrx_word' id='word_1_94' title='bbox 186 1221 416 1306; x_wconf 73' lang='lat' dir='ltr'><strong>prasidiorum,</strong></span> <span class='ocrx_word' id='word_1_95' title='bbox 432 1230 504 1284; x_wconf 88' lang='lat' dir='ltr'><strong>ante</strong></span> <span class='ocrx_word' id='word_1_96' title='bbox 519 1243 629 1284; x_wconf 92' lang='lat' dir='ltr'><strong>omnes</strong></span> <span class='ocrx_word' id='word_1_97' title='bbox 644 1223 904 1307; x_wconf 84' lang='lat' dir='ltr'><strong>Asclepiodotum</strong></span> <span class='ocrx_word' id='word_1_98' title='bbox 919 1233 1014 1322; x_wconf 88' lang='lat' dir='ltr'><strong>atque</strong></span> <span class='ocrx_word' id='word_1_99' title='bbox 1032 1225 1203 1310; x_wconf 81' lang='lat' dir='ltr'><strong>Hippiam:</strong></span> 
     </span>
    </p>

    <p class='ocr_par' dir='ltr' id='par_1_6' title="bbox 118 1305 1205 1657">
     <span class='ocr_line' id='line_1_12' title="bbox 119 1305 1204 1394; baseline 0.005 -26"><span class='ocrx_word' id='word_1_100' title='bbox 119 1306 160 1369; x_wconf 88' lang='lat' dir='ltr'><strong>ab</strong></span> <span class='ocrx_word' id='word_1_101' title='bbox 175 1307 225 1369; x_wconf 87' lang='lat' dir='ltr'><strong>his</strong></span> <span class='ocrx_word' id='word_1_102' title='bbox 241 1306 342 1368; x_wconf 88' lang='lat' dir='ltr'><strong>dicere</strong></span> <span class='ocrx_word' id='word_1_103' title='bbox 353 1305 489 1368; x_wconf 85' lang='lat' dir='ltr'><strong>claustra</strong></span> <span class='ocrx_word' id='word_1_104' title='bbox 503 1306 700 1370; x_wconf 78' lang='lat' dir='ltr'><strong>Macedoniae</strong></span> <span class='ocrx_word' id='word_1_105' title='bbox 715 1307 829 1370; x_wconf 85' lang='lat' dir='ltr'><strong>tradita</strong></span> <span class='ocrx_word' id='word_1_106' title='bbox 841 1309 991 1372; x_wconf 84' lang='lat' dir='ltr'><strong>Romarus</strong></span> <span class='ocrx_word' id='word_1_107' title='bbox 1006 1331 1090 1372; x_wconf 84' lang='lat' dir='ltr'><strong>esse:</strong></span> <span class='ocrx_word' id='word_1_108' title='bbox 1113 1311 1204 1394; x_wconf 91' lang='lat' dir='ltr'><strong>cujus</strong></span> 
     </span>
     <span class='ocr_line' id='line_1_13' title="bbox 119 1389 1204 1479; baseline 0.003 -25"><span class='ocrx_word' id='word_1_109' title='bbox 119 1390 224 1475; x_wconf 83' lang='lat' dir='ltr'><strong>culpae</strong></span> <span class='ocrx_word' id='word_1_110' title='bbox 239 1411 312 1453; x_wconf 88' lang='lat' dir='ltr'><strong>reus</strong></span> <span class='ocrx_word' id='word_1_111' title='bbox 334 1411 427 1454; x_wconf 89' lang='lat' dir='ltr'><strong>nemo</strong></span> <span class='ocrx_word' id='word_1_112' title='bbox 444 1389 576 1474; x_wconf 89' lang='lat' dir='ltr'><strong>justius,</strong></span> <span class='ocrx_word' id='word_1_113' title='bbox 589 1412 685 1474; x_wconf 88' lang='lat' dir='ltr'><strong>quam</strong></span> <span class='ocrx_word' id='word_1_114' title='bbox 707 1391 785 1476; x_wconf 91' lang='lat' dir='ltr'><strong>ipse,</strong></span> <span class='ocrx_word' id='word_1_115' title='bbox 800 1391 921 1456; x_wconf 84' lang='lat' dir='ltr'><strong>fuisset.</strong></span> <span class='ocrx_word' id='word_1_116' title='bbox 965 1393 1098 1456; x_wconf 86' lang='lat' dir='ltr'><strong>Consuli</strong></span> <span class='ocrx_word' id='word_1_117' title='bbox 1117 1405 1204 1479; x_wconf 87' lang='lat' dir='ltr'><strong>post-</strong></span> 
     </span>
     <span class='ocr_line' id='line_1_14' title="bbox 119 1473 1205 1560; baseline 0.004 -22"><span class='ocrx_word' id='word_1_118' title='bbox 119 1497 218 1558; x_wconf 88' lang='lat' dir='ltr'><strong>quam</strong></span> <span class='ocrx_word' id='word_1_119' title='bbox 241 1495 281 1538; x_wconf 88' lang='lat' dir='ltr'><strong>ex</strong></span> <span class='ocrx_word' id='word_1_120' title='bbox 306 1473 368 1538; x_wconf 84' lang='lat' dir='ltr'><strong>alto</strong></span> <span class='ocrx_word' id='word_1_121' title='bbox 390 1483 558 1558; x_wconf 88' lang='lat' dir='ltr'><strong>conspecta</strong></span> <span class='ocrx_word' id='word_1_122' title='bbox 580 1475 687 1538; x_wconf 88' lang='lat' dir='ltr'><strong>classis</strong></span> <span class='ocrx_word' id='word_1_123' title='bbox 712 1497 802 1560; x_wconf 90' lang='lat' dir='ltr'><strong>spem</strong></span> <span class='ocrx_word' id='word_1_124' title='bbox 824 1477 907 1554; x_wconf 88' lang='lat' dir='ltr'><strong>feeit,</strong></span> <span class='ocrx_word' id='word_1_125' title='bbox 932 1499 1005 1540; x_wconf 88' lang='lat' dir='ltr'><strong>eum</strong></span> <span class='ocrx_word' id='word_1_126' title='bbox 1027 1487 1205 1542; x_wconf 86' lang='lat' dir='ltr'><strong>commeatu</strong></span> 
     </span>
     <span class='ocr_line' id='line_1_15' title="bbox 118 1558 1205 1657; baseline 0.006 -35"><span class='ocrx_word' id='word_1_127' title='bbox 118 1579 217 1622; x_wconf 87' lang='lat' dir='ltr'><strong>naves</strong></span> <span class='ocrx_word' id='word_1_128' title='bbox 231 1559 348 1636; x_wconf 81' lang='lat' dir='ltr'><strong>venire,</strong></span> <span class='ocrx_word' id='word_1_129' title='bbox 371 1558 493 1657; x_wconf 86' lang='lat' dir='ltr'><strong>(iugens</strong></span> <span class='ocrx_word' id='word_1_130' title='bbox 515 1559 600 1622; x_wconf 90' lang='lat' dir='ltr'><strong>euim</strong></span> <span class='ocrx_word' id='word_1_131' title='bbox 623 1559 735 1622; x_wconf 84' lang='lat' dir='ltr'><strong>caritas</strong></span> <span class='ocrx_word' id='word_1_132' title='bbox 758 1581 893 1624; x_wconf 88' lang='lat' dir='ltr'><strong>annonae</strong></span> <span class='ocrx_word' id='word_1_133' title='bbox 916 1583 952 1624; x_wconf 90' lang='lat' dir='ltr'><strong>ac</strong></span> <span class='ocrx_word' id='word_1_134' title='bbox 977 1583 1075 1646; x_wconf 88' lang='lat' dir='ltr'><strong>prope</strong></span> <span class='ocrx_word' id='word_1_135' title='bbox 1098 1562 1205 1648; x_wconf 88' lang='lat' dir='ltr'><strong>inopia</strong></span> 
     </span>
    </p>

    <p class='ocr_par' dir='ltr' id='par_1_7' title="bbox 117 1643 1203 1814">
     <span class='ocr_line' id='line_1_16' title="bbox 118 1643 1203 1731; baseline 0.004 -25"><span class='ocrx_word' id='word_1_136' title='bbox 118 1647 197 1727; x_wconf 87' lang='lat' dir='ltr'><strong>erat)</strong></span> <span class='ocrx_word' id='word_1_137' title='bbox 215 1643 256 1707; x_wconf 90' lang='lat' dir='ltr'><strong>ab</strong></span> <span class='ocrx_word' id='word_1_138' title='bbox 270 1643 402 1707; x_wconf 84' lang='lat' dir='ltr'><strong>invectis</strong></span> <span class='ocrx_word' id='word_1_139' title='bbox 411 1665 479 1727; x_wconf 82' lang='lat' dir='ltr'><strong>Jam</strong></span> <span class='ocrx_word' id='word_1_140' title='bbox 493 1653 622 1728; x_wconf 88' lang='lat' dir='ltr'><strong>portum</strong></span> <span class='ocrx_word' id='word_1_141' title='bbox 637 1645 736 1722; x_wconf 74' lang='lat' dir='ltr'><strong>audit,</strong></span> <span class='ocrx_word' id='word_1_142' title='bbox 751 1645 907 1708; x_wconf 83' lang='lat' dir='ltr'><strong>onerarias</strong></span> <span class='ocrx_word' id='word_1_143' title='bbox 923 1667 1017 1710; x_wconf 86' lang='lat' dir='ltr'><strong>naves</strong></span> <span class='ocrx_word' id='word_1_144' title='bbox 1029 1647 1203 1731; x_wconf 75' lang='lat' dir='ltr'><strong>Magnesiae</strong></span> 
     </span>
     <span class='ocr_line' id='line_1_17' title="bbox 117 1728 1203 1814; baseline 0.004 -23"><span class='ocrx_word' id='word_1_145' title='bbox 117 1729 242 1792; x_wconf 86' lang='lat' dir='ltr'><strong>relictas</strong></span> <span class='ocrx_word' id='word_1_146' title='bbox 256 1749 335 1791; x_wconf 90' lang='lat' dir='ltr'><strong>esse.</strong></span> <span class='ocrx_word' id='word_1_147' title='bbox 370 1728 495 1791; x_wconf 86' lang='lat' dir='ltr'><strong>Incerto</strong></span> <span class='ocrx_word' id='word_1_148' title='bbox 509 1728 593 1807; x_wconf 90' lang='lat' dir='ltr'><strong>inde,</strong></span> <span class='ocrx_word' id='word_1_149' title='bbox 603 1728 753 1812; x_wconf 89' lang='lat' dir='ltr'><strong>quidnam</strong></span> <span class='ocrx_word' id='word_1_150' title='bbox 764 1729 921 1814; x_wconf 85' lang='lat' dir='ltr'><strong>agendum</strong></span> <span class='ocrx_word' id='word_1_151' title='bbox 935 1731 1024 1808; x_wconf 84' lang='lat' dir='ltr'><strong>soret,</strong></span> <span class='ocrx_word' id='word_1_152' title='bbox 1038 1731 1125 1812; x_wconf 89' lang='lat' dir='ltr'><strong>(adeo</strong></span> <span class='ocrx_word' id='word_1_153' title='bbox 1136 1732 1203 1796; x_wconf 91' lang='lat' dir='ltr'><strong>sine</strong></span> 
     </span>
    </p>

    <p class='ocr_par' dir='ltr' id='par_1_8' title="bbox 117 1811 1202 2166">
     <span class='ocr_line' id='line_1_18' title="bbox 117 1811 1202 1899; baseline 0.003 -23"><span class='ocrx_word' id='word_1_154' title='bbox 117 1813 183 1876; x_wconf 88' lang='lat' dir='ltr'><strong>ulla</strong></span> <span class='ocrx_word' id='word_1_155' title='bbox 198 1834 258 1898; x_wconf 92' lang='lat' dir='ltr'><strong>ope</strong></span> <span class='ocrx_word' id='word_1_156' title='bbox 280 1811 380 1876; x_wconf 87' lang='lat' dir='ltr'><strong>bostis</strong></span> <span class='ocrx_word' id='word_1_157' title='bbox 396 1833 468 1896; x_wconf 85' lang='lat' dir='ltr'><strong>quae</strong></span> <span class='ocrx_word' id='word_1_158' title='bbox 492 1813 684 1897; x_wconf 79' lang='lat' dir='ltr'><strong>adgravaret,</strong></span> <span class='ocrx_word' id='word_1_159' title='bbox 700 1835 773 1876; x_wconf 90' lang='lat' dir='ltr'><strong>curn</strong></span> <span class='ocrx_word' id='word_1_160' title='bbox 797 1813 866 1899; x_wconf 88' lang='lat' dir='ltr'><strong>ipsa</strong></span> <span class='ocrx_word' id='word_1_161' title='bbox 889 1815 1073 1878; x_wconf 87' lang='lat' dir='ltr'><strong>difficultate</strong></span> <span class='ocrx_word' id='word_1_162' title='bbox 1097 1837 1202 1878; x_wconf 88' lang='lat' dir='ltr'><strong>rerum</strong></span> 
     </span>
     <span class='ocr_line' id='line_1_19' title="bbox 117 1897 1202 1984; baseline 0.001 -22"><span class='ocrx_word' id='word_1_163' title='bbox 117 1898 327 1982; x_wconf 87' lang='lat' dir='ltr'><strong>pugnandum</strong></span> <span class='ocrx_word' id='word_1_164' title='bbox 346 1901 423 1980; x_wconf 89' lang='lat' dir='ltr'><strong>erat)</strong></span> <span class='ocrx_word' id='word_1_165' title='bbox 449 1906 683 1982; x_wconf 87' lang='lat' dir='ltr'><strong>peropportune</strong></span> <span class='ocrx_word' id='word_1_166' title='bbox 708 1897 838 1962; x_wconf 85' lang='lat' dir='ltr'><strong>literaea</strong></span> <span class='ocrx_word' id='word_1_167' title='bbox 857 1899 912 1984; x_wconf 89' lang='lat' dir='ltr'><strong>Sp.</strong></span> <span class='ocrx_word' id='word_1_168' title='bbox 928 1899 1076 1963; x_wconf 89' lang='lat' dir='ltr'><strong>Lucretio</strong></span> <span class='ocrx_word' id='word_1_169' title='bbox 1091 1900 1202 1964; x_wconf 75' lang='lat' dir='ltr'><strong>adlatae</strong></span> 
     </span>
     <span class='ocr_line' id='line_1_20' title="bbox 118 1982 1202 2068; baseline 0.001 -22"><span class='ocrx_word' id='word_1_170' title='bbox 118 1991 212 2062; x_wconf 82' lang='lat' dir='ltr'><strong>sunt3</strong></span> <span class='ocrx_word' id='word_1_171' title='bbox 233 1982 361 2046; x_wconf 85' lang='lat' dir='ltr'><strong>castella</strong></span> <span class='ocrx_word' id='word_1_172' title='bbox 375 2004 419 2060; x_wconf 89' lang='lat' dir='ltr'><strong>se,</strong></span> <span class='ocrx_word' id='word_1_173' title='bbox 433 2004 505 2066; x_wconf 87' lang='lat' dir='ltr'><strong>quae</strong></span> <span class='ocrx_word' id='word_1_174' title='bbox 528 2003 623 2067; x_wconf 90' lang='lat' dir='ltr'><strong>super</strong></span> <span class='ocrx_word' id='word_1_175' title='bbox 636 1983 756 2068; x_wconf 85' lang='lat' dir='ltr'><strong>Tempe</strong></span> <span class='ocrx_word' id='word_1_176' title='bbox 779 1993 884 2046; x_wconf 83' lang='lat' dir='ltr'><strong>essent</strong></span> <span class='ocrx_word' id='word_1_177' title='bbox 898 1991 930 2047; x_wconf 91' lang='lat' dir='ltr'><strong>et</strong></span> <span class='ocrx_word' id='word_1_178' title='bbox 952 1984 1034 2047; x_wconf 88' lang='lat' dir='ltr'><strong>circa</strong></span> <span class='ocrx_word' id='word_1_179' title='bbox 1056 1985 1202 2063; x_wconf 63' lang='lat' dir='ltr'><strong>Philone,</strong></span> 
     </span>
     <span class='ocr_line' id='line_1_21' title="bbox 117 2067 1202 2166; baseline 0.002 -36"><span class='ocrx_word' id='word_1_180' title='bbox 117 2075 223 2166; x_wconf 74' lang='lat' dir='ltr'><strong>tenere</strong></span> <span class='ocrx_word' id='word_1_181' title='bbox 237 2067 358 2166; x_wconf 66' lang='lat' dir='ltr'><strong>omnia,</strong></span> <span class='ocrx_word' id='word_1_182' title='bbox 367 2067 580 2152; x_wconf 86' lang='lat' dir='ltr'><strong>frumentique</strong></span> <span class='ocrx_word' id='word_1_183' title='bbox 601 2068 635 2132; x_wconf 92' lang='lat' dir='ltr'><strong>in</strong></span> <span class='ocrx_word' id='word_1_184' title='bbox 657 2067 695 2131; x_wconf 89' lang='lat' dir='ltr'><strong>iis</strong></span> <span class='ocrx_word' id='word_1_185' title='bbox 719 2075 751 2130; x_wconf 91' lang='lat' dir='ltr'><strong>et</strong></span> <span class='ocrx_word' id='word_1_186' title='bbox 773 2067 904 2132; x_wconf 88' lang='lat' dir='ltr'><strong>aliarum</strong></span> <span class='ocrx_word' id='word_1_187' title='bbox 926 2068 959 2132; x_wconf 91' lang='lat' dir='ltr'><strong>in</strong></span> <span class='ocrx_word' id='word_1_188' title='bbox 982 2090 1077 2132; x_wconf 86' lang='lat' dir='ltr'><strong>usum</strong></span> <span class='ocrx_word' id='word_1_189' title='bbox 1097 2091 1202 2132; x_wconf 89' lang='lat' dir='ltr'><strong>rerum</strong></span> 
     </span>
    </p>

    <p class='ocr_par' dir='ltr' id='par_1_9' title="bbox 117 2173 421 2216">
     <span class='ocr_line' id='line_1_22' title="bbox 117 2173 421 2216; baseline 0 0"><span class='ocrx_word' id='word_1_190' title='bbox 117 2173 156 2216; x_wconf 90' lang='lat' dir='ltr'><strong>co</strong></span> <span class='ocrx_word' id='word_1_191' title='bbox 179 2173 242 2215; x_wconf 89' lang='lat' dir='ltr'><strong>ram</strong></span> <span class='ocrx_word' id='word_1_192' title='bbox 255 2174 421 2216; x_wconf 87' lang='lat' dir='ltr'><strong>rnvemsse.</strong></span> 
     </span>
    </p>

    <p class='ocr_par' dir='ltr' id='par_1_10' title="bbox 110 2235 1364 3673">
     <span class='ocr_line' id='line_1_23' title="bbox 194 2235 1364 2322; baseline 0.001 -22"><span class='ocrx_word' id='word_1_193' title='bbox 194 2237 256 2300; x_wconf 93' lang='lat' dir='ltr'><strong>llI.</strong></span> <span class='ocrx_word' id='word_1_194' title='bbox 280 2237 341 2300; x_wconf 88' lang='lat' dir='ltr'><strong>His</strong></span> <span class='ocrx_word' id='word_1_195' title='bbox 356 2257 546 2322; x_wconf 85' lang='lat' dir='ltr'><strong>magnopere</strong></span> <span class='ocrx_word' id='word_1_196' title='bbox 561 2236 654 2300; x_wconf 88' lang='lat' dir='ltr'><strong>laetus</strong></span> <span class='ocrx_word' id='word_1_197' title='bbox 670 2235 782 2299; x_wconf 89' lang='lat' dir='ltr'><strong>consul</strong></span> <span class='ocrx_word' id='word_1_198' title='bbox 793 2235 832 2298; x_wconf 85' lang='lat' dir='ltr'><strong>ab</strong></span> <span class='ocrx_word' id='word_1_199' title='bbox 846 2235 909 2298; x_wconf 92' lang='lat' dir='ltr'><strong>Dio</strong></span> <span class='ocrx_word' id='word_1_200' title='bbox 923 2235 963 2298; x_wconf 90' lang='lat' dir='ltr'><strong>ad</strong></span> <span class='ocrx_word' id='word_1_201' title='bbox 978 2235 1089 2298; x_wconf 89' lang='lat' dir='ltr'><strong>Philan</strong></span> <span class='ocrx_word' id='word_1_202' title='bbox 1103 2236 1200 2315; x_wconf 91' lang='lat' dir='ltr'><strong>ducit,</strong></span> <span class='ocrx_word' id='word_1_203' title='bbox 1216 2235 1364 2310; x_wconf 74' lang='lat' dir='ltr'><strong>uiumrain-</strong></span> 
     </span>
     <span class='ocr_line' id='line_1_24' title="bbox 115 2307 1271 2406; baseline 0.001 -23"><span class='ocrx_word' id='word_1_204' title='bbox 115 2319 212 2384; x_wconf 90' lang='lat' dir='ltr'><strong>simul</strong></span> <span class='ocrx_word' id='word_1_205' title='bbox 226 2328 263 2384; x_wconf 93' lang='lat' dir='ltr'><strong>ut</strong></span> <span class='ocrx_word' id='word_1_206' title='bbox 276 2321 460 2406; x_wconf 83' lang='lat' dir='ltr'><strong>praesidium</strong></span> <span class='ocrx_word' id='word_1_207' title='bbox 474 2321 542 2406; x_wconf 86' lang='lat' dir='ltr'><strong>ejus</strong></span> <span class='ocrx_word' id='word_1_208' title='bbox 557 2321 706 2397; x_wconf 87' lang='lat' dir='ltr'><strong>firmaret,</strong></span> <span class='ocrx_word' id='word_1_209' title='bbox 722 2320 817 2382; x_wconf 90' lang='lat' dir='ltr'><strong>simul</strong></span> <span class='ocrx_word' id='word_1_210' title='bbox 832 2328 868 2384; x_wconf 93' lang='lat' dir='ltr'><strong>ut</strong></span> <span class='ocrx_word' id='word_1_211' title='bbox 889 2319 981 2382; x_wconf 90' lang='lat' dir='ltr'><strong>militi</strong></span> <span class='ocrx_word' id='word_1_212' title='bbox 996 2320 1201 2400; x_wconf 90' lang='lat' dir='ltr'><strong>frumentum,</strong></span> <span class='ocrx_word' id='word_1_213' title='bbox 1213 2307 1271 2359; x_wconf 67' lang='lat'><strong>‘¹⁰¹⁸‘</strong></span> 
     </span>
     <span class='ocr_line' id='line_1_25' title="bbox 115 2404 1201 2490; baseline 0 -22"><span class='ocrx_word' id='word_1_214' title='bbox 115 2405 208 2490; x_wconf 87' lang='lat' dir='ltr'><strong>eujus</strong></span> <span class='ocrx_word' id='word_1_215' title='bbox 231 2405 322 2470; x_wconf 90' lang='lat' dir='ltr'><strong>tarda</strong></span> <span class='ocrx_word' id='word_1_216' title='bbox 344 2405 507 2470; x_wconf 82' lang='lat' dir='ltr'><strong>subvectio</strong></span> <span class='ocrx_word' id='word_1_217' title='bbox 533 2413 609 2484; x_wconf 87' lang='lat' dir='ltr'><strong>erat,</strong></span> <span class='ocrx_word' id='word_1_218' title='bbox 634 2405 795 2468; x_wconf 90' lang='lat' dir='ltr'><strong>divideret.</strong></span> <span class='ocrx_word' id='word_1_219' title='bbox 839 2405 888 2467; x_wconf 87' lang='lat' dir='ltr'><strong>Ea</strong></span> <span class='ocrx_word' id='word_1_220' title='bbox 910 2404 1063 2489; x_wconf 82' lang='lat' dir='ltr'><strong>profectio</strong></span> <span class='ocrx_word' id='word_1_221' title='bbox 1086 2405 1201 2468; x_wconf 82' lang='lat' dir='ltr'><strong>lamam</strong></span> 
     </span>
     <span class='ocr_line' id='line_1_26' title="bbox 115 2489 1201 2574; baseline 0.002 -22"><span class='ocrx_word' id='word_1_222' title='bbox 115 2490 361 2574; x_wconf 85' lang='lat' dir='ltr'><strong>haudquaquam</strong></span> <span class='ocrx_word' id='word_1_223' title='bbox 384 2490 555 2554; x_wconf 84' lang='lat' dir='ltr'><strong>secundam</strong></span> <span class='ocrx_word' id='word_1_224' title='bbox 578 2489 699 2553; x_wconf 88' lang='lat' dir='ltr'><strong>habuit.</strong></span> <span class='ocrx_word' id='word_1_225' title='bbox 740 2511 814 2552; x_wconf 91' lang='lat' dir='ltr'><strong>nam</strong></span> <span class='ocrx_word' id='word_1_226' title='bbox 838 2489 900 2567; x_wconf 91' lang='lat' dir='ltr'><strong>alii,</strong></span> <span class='ocrx_word' id='word_1_227' title='bbox 924 2497 1012 2552; x_wconf 88' lang='lat' dir='ltr'><strong>metu</strong></span> <span class='ocrx_word' id='word_1_228' title='bbox 1037 2490 1201 2554; x_wconf 87' lang='lat' dir='ltr'><strong>recessisse</strong></span> 
     </span>
     <span class='ocr_line' id='line_1_27' title="bbox 114 2572 1201 2658; baseline 0.003 -22"><span class='ocrx_word' id='word_1_229' title='bbox 114 2595 191 2636; x_wconf 91' lang='lat' dir='ltr'><strong>eum</strong></span> <span class='ocrx_word' id='word_1_230' title='bbox 214 2575 253 2638; x_wconf 88' lang='lat' dir='ltr'><strong>ab</strong></span> <span class='ocrx_word' id='word_1_231' title='bbox 275 2575 376 2652; x_wconf 88' lang='lat' dir='ltr'><strong>hoste,</strong></span> <span class='ocrx_word' id='word_1_232' title='bbox 391 2575 544 2652; x_wconf 86' lang='lat' dir='ltr'><strong>serebant,</strong></span> <span class='ocrx_word' id='word_1_233' title='bbox 569 2573 643 2658; x_wconf 91' lang='lat' dir='ltr'><strong>quia</strong></span> <span class='ocrx_word' id='word_1_234' title='bbox 668 2572 841 2636; x_wconf 75' lang='lat' dir='ltr'><strong>“manenti</strong></span> <span class='ocrx_word' id='word_1_235' title='bbox 865 2574 1068 2658; x_wconf 87' lang='lat' dir='ltr'><strong>imperatori¹</strong></span> <span class='ocrx_word' id='word_1_236' title='bbox 1090 2575 1201 2658; x_wconf 86' lang='lat' dir='ltr'><strong>proelio</strong></span> 
     </span>
     <span class='ocr_line' id='line_1_28' title="bbox 114 2657 1202 2744; baseline 0.002 -24"><span class='ocrx_word' id='word_1_237' title='bbox 114 2657 330 2722; x_wconf 86' lang='lat' dir='ltr'><strong>dimicandum</strong></span> <span class='ocrx_word' id='word_1_238' title='bbox 354 2660 455 2722; x_wconf 84' lang='lat' dir='ltr'><strong>soret:</strong></span> <span class='ocrx_word' id='word_1_239' title='bbox 478 2658 529 2722; x_wconf 90' lang='lat' dir='ltr'><strong>alii</strong></span> <span class='ocrx_word' id='word_1_240' title='bbox 539 2659 560 2694; x_wconf 83' lang='lat'><strong>⁴⁷</strong></span> <span class='ocrx_word' id='word_1_241' title='bbox 570 2659 725 2744; x_wconf 88' lang='lat' dir='ltr'><strong>ignarum,</strong></span> <span class='ocrx_word' id='word_1_242' title='bbox 740 2658 815 2722; x_wconf 91' lang='lat' dir='ltr'><strong>belli</strong></span> <span class='ocrx_word' id='word_1_243' title='bbox 838 2681 910 2742; x_wconf 79' lang='lat' dir='ltr'><strong>quae</strong></span> <span class='ocrx_word' id='word_1_244' title='bbox 932 2659 966 2721; x_wconf 92' lang='lat' dir='ltr'><strong>in</strong></span> <span class='ocrx_word' id='word_1_245' title='bbox 990 2659 1056 2722; x_wconf 90' lang='lat' dir='ltr'><strong>dies</strong></span> <span class='ocrx_word' id='word_1_246' title='bbox 1075 2659 1202 2722; x_wconf 84' lang='lat' dir='ltr'><strong>fortuna</strong></span> 
     </span>
     <span class='ocr_line' id='line_1_29' title="bbox 114 2743 1201 2827; baseline 0.001 -22"><span class='ocrx_word' id='word_1_247' title='bbox 114 2751 264 2822; x_wconf 90' lang='lat' dir='ltr'><strong>novaret;</strong></span> <span class='ocrx_word' id='word_1_248' title='bbox 285 2751 323 2806; x_wconf 91' lang='lat' dir='ltr'><strong>ut</strong></span> <span class='ocrx_word' id='word_1_249' title='bbox 338 2743 403 2827; x_wconf 91' lang='lat' dir='ltr'><strong>qui,</strong></span> <span class='ocrx_word' id='word_1_250' title='bbox 418 2743 656 2808; x_wconf 75' lang='lat' dir='ltr'><strong>obi‘erentibusy</strong></span> <span class='ocrx_word' id='word_1_251' title='bbox 670 2764 737 2806; x_wconf 88' lang='lat' dir='ltr'><strong>sese</strong></span> <span class='ocrx_word' id='word_1_252' title='bbox 748 2743 852 2821; x_wconf 92' lang='lat' dir='ltr'><strong>rebus,</strong></span> <span class='ocrx_word' id='word_1_253' title='bbox 874 2743 1031 2807; x_wconf 88' lang='lat' dir='ltr'><strong>omisisset</strong></span> <span class='ocrx_word' id='word_1_254' title='bbox 1045 2765 1062 2806; x_wconf 89' lang='lat' dir='ltr'><strong>e</strong></span> <span class='ocrx_word' id='word_1_255' title='bbox 1075 2753 1087 2782; x_wconf 85' lang='lat'><strong>¹</strong></span> <span class='ocrx_word' id='word_1_256' title='bbox 1101 2743 1201 2806; x_wconf 87' lang='lat' dir='ltr'><strong>mani-</strong></span> 
     </span>
     <span class='ocr_line' id='line_1_30' title="bbox 113 2827 1200 2912; baseline 0 -22"><span class='ocrx_word' id='word_1_257' title='bbox 113 2827 176 2890; x_wconf 89' lang='lat' dir='ltr'><strong>bus</strong></span> <span class='ocrx_word' id='word_1_258' title='bbox 190 2849 236 2906; x_wconf 87' lang='lat' dir='ltr'><strong>ea,</strong></span> <span class='ocrx_word' id='word_1_259' title='bbox 250 2849 322 2912; x_wconf 86' lang='lat' dir='ltr'><strong>quae</strong></span> <span class='ocrx_word' id='word_1_260' title='bbox 337 2849 410 2892; x_wconf 83' lang='lat' dir='ltr'><strong>mox</strong></span> <span class='ocrx_word' id='word_1_261' title='bbox 424 2829 524 2912; x_wconf 87' lang='lat' dir='ltr'><strong>repeti</strong></span> <span class='ocrx_word' id='word_1_262' title='bbox 539 2851 603 2892; x_wconf 89' lang='lat' dir='ltr'><strong>non</strong></span> <span class='ocrx_word' id='word_1_263' title='bbox 618 2835 758 2912; x_wconf 90' lang='lat' dir='ltr'><strong>possent.</strong></span> <span class='ocrx_word' id='word_1_264' title='bbox 803 2827 905 2890; x_wconf 89' lang='lat' dir='ltr'><strong>Simul</strong></span> <span class='ocrx_word' id='word_1_265' title='bbox 919 2827 1003 2890; x_wconf 91' lang='lat' dir='ltr'><strong>enim</strong></span> <span class='ocrx_word' id='word_1_266' title='bbox 1018 2827 1112 2890; x_wconf 87' lang='lat' dir='ltr'><strong>cessit</strong></span> <span class='ocrx_word' id='word_1_267' title='bbox 1126 2849 1200 2912; x_wconf 90' lang='lat' dir='ltr'><strong>pos·</strong></span> 
     </span>
     <span class='ocr_line' id='line_1_31' title="bbox 112 2911 1199 2991; baseline 0 -17"><span class='ocrx_word' id='word_1_268' title='bbox 112 2911 253 2975; x_wconf 89' lang='lat' dir='ltr'><strong>sessione</strong></span> <span class='ocrx_word' id='word_1_269' title='bbox 269 2912 335 2991; x_wconf 92' lang='lat' dir='ltr'><strong>Dii,</strong></span> <span class='ocrx_word' id='word_1_270' title='bbox 350 2912 497 2975; x_wconf 85' lang='lat' dir='ltr'><strong>excitavit</strong></span> <span class='ocrx_word' id='word_1_271' title='bbox 506 2913 641 2990; x_wconf 85' lang='lat' dir='ltr'><strong>hostem,</strong></span> <span class='ocrx_word' id='word_1_272' title='bbox 650 2921 688 2975; x_wconf 91' lang='lat' dir='ltr'><strong>ut</strong></span> <span class='ocrx_word' id='word_1_273' title='bbox 702 2923 810 2974; x_wconf 68' lang='lat' dir='ltr'><strong>nunc*</strong></span> <span class='ocrx_word' id='word_1_274' title='bbox 823 2913 951 2974; x_wconf 89' lang='lat' dir='ltr'><strong>tandem</strong></span> <span class='ocrx_word' id='word_1_275' title='bbox 962 2912 1102 2988; x_wconf 88' lang='lat' dir='ltr'><strong>sentiret,</strong></span> <span class='ocrx_word' id='word_1_276' title='bbox 1110 2933 1199 2974; x_wconf 89' lang='lat' dir='ltr'><strong>recu-</strong></span> 
     </span>
     <span class='ocr_line' id='line_1_32' title="bbox 113 2994 1310 3082; baseline -0.001 -24"><span class='ocrx_word' id='word_1_277' title='bbox 113 2996 254 3080; x_wconf 89' lang='lat' dir='ltr'><strong>peranda</strong></span> <span class='ocrx_word' id='word_1_278' title='bbox 277 3017 356 3074; x_wconf 87' lang='lat' dir='ltr'><strong>esse,</strong></span> <span class='ocrx_word' id='word_1_279' title='bbox 371 3019 443 3080; x_wconf 80' lang='lat' dir='ltr'><strong>quae</strong></span> <span class='ocrx_word' id='word_1_280' title='bbox 465 2997 553 3082; x_wconf 89' lang='lat' dir='ltr'><strong>prius</strong></span> <span class='ocrx_word' id='word_1_281' title='bbox 576 2997 670 3080; x_wconf 88' lang='lat' dir='ltr'><strong>culpa</strong></span> <span class='ocrx_word' id='word_1_282' title='bbox 695 2997 810 3059; x_wconf 90' lang='lat' dir='ltr'><strong>amissa</strong></span> <span class='ocrx_word' id='word_1_283' title='bbox 822 2997 935 3059; x_wconf 84' lang='lat' dir='ltr'><strong>forent.</strong></span> <span class='ocrx_word' id='word_1_284' title='bbox 978 2994 1098 3057; x_wconf 85' lang='lat' dir='ltr'><strong>Audita</strong></span> <span class='ocrx_word' id='word_1_285' title='bbox 1115 2995 1198 3057; x_wconf 90' lang='lat' dir='ltr'><strong>enim</strong></span> <span class='ocrx_word' id='word_1_286' title='bbox 1213 3011 1310 3057; x_wconf 71' lang='lat' dir='ltr'><strong>Persem</strong></span> 
     </span>
     <span class='ocr_line' id='line_1_33' title="bbox 113 3073 1362 3179; baseline -0.002 -36"><span class='ocrx_word' id='word_1_287' title='bbox 113 3079 307 3164; x_wconf 87' lang='lat' dir='ltr'><strong>profectione</strong></span> <span class='ocrx_word' id='word_1_288' title='bbox 322 3081 470 3160; x_wconf 90' lang='lat' dir='ltr'><strong>consulis,</strong></span> <span class='ocrx_word' id='word_1_289' title='bbox 485 3102 646 3179; x_wconf 85' lang='lat' dir='ltr'><strong>regressus</strong></span> <span class='ocrx_word' id='word_1_290' title='bbox 661 3081 771 3158; x_wconf 90' lang='lat' dir='ltr'><strong>Dium,</strong></span> <span class='ocrx_word' id='word_1_291' title='bbox 786 3101 858 3164; x_wconf 84' lang='lat' dir='ltr'><strong>quae</strong></span> <span class='ocrx_word' id='word_1_292' title='bbox 877 3077 1007 3162; x_wconf 87' lang='lat' dir='ltr'><strong>disjecta</strong></span> <span class='ocrx_word' id='word_1_293' title='bbox 1030 3099 1066 3142; x_wconf 86' lang='lat' dir='ltr'><strong>sc</strong></span> <span class='ocrx_word' id='word_1_294' title='bbox 1079 3086 1200 3141; x_wconf 87' lang='lat' dir='ltr'><strong>vastata</strong></span> <span class='ocrx_word' id='word_1_295' title='bbox 1212 3073 1362 3121; x_wconf 73' lang='lat' dir='ltr'><strong>Diomedis.</strong></span> 
     </span>
     <span class='ocr_line' id='line_1_34' title="bbox 112 3163 1198 3251; baseline -0.002 -25"><span class='ocrx_word' id='word_1_296' title='bbox 112 3165 154 3227; x_wconf 87' lang='lat' dir='ltr'><strong>ab</strong></span> <span class='ocrx_word' id='word_1_297' title='bbox 169 3165 321 3228; x_wconf 83' lang='lat' dir='ltr'><strong>Romanis</strong></span> <span class='ocrx_word' id='word_1_298' title='bbox 335 3173 434 3244; x_wconf 89' lang='lat' dir='ltr'><strong>erant,</strong></span> <span class='ocrx_word' id='word_1_299' title='bbox 447 3167 567 3230; x_wconf 82' lang='lat' dir='ltr'><strong>refiert:</strong></span> <span class='ocrx_word' id='word_1_300' title='bbox 590 3165 704 3251; x_wconf 89' lang='lat' dir='ltr'><strong>pinnas</strong></span> <span class='ocrx_word' id='word_1_301' title='bbox 726 3163 880 3228; x_wconf 88' lang='lat' dir='ltr'><strong>moenium</strong></span> <span class='ocrx_word' id='word_1_302' title='bbox 903 3164 1050 3226; x_wconf 86' lang='lat' dir='ltr'><strong>decussas</strong></span> <span class='ocrx_word' id='word_1_303' title='bbox 1064 3163 1198 3248; x_wconf 87' lang='lat' dir='ltr'><strong>reponit,</strong></span> 
     </span>
     <span class='ocr_line' id='line_1_35' title="bbox 112 3247 1198 3334; baseline -0.002 -23"><span class='ocrx_word' id='word_1_304' title='bbox 112 3248 154 3311; x_wconf 90' lang='lat' dir='ltr'><strong>ab</strong></span> <span class='ocrx_word' id='word_1_305' title='bbox 169 3249 256 3312; x_wconf 91' lang='lat' dir='ltr'><strong>omni</strong></span> <span class='ocrx_word' id='word_1_306' title='bbox 269 3257 359 3334; x_wconf 85' lang='lat' dir='ltr'><strong>purte</strong></span> <span class='ocrx_word' id='word_1_307' title='bbox 371 3271 480 3314; x_wconf 89' lang='lat' dir='ltr'><strong>muros</strong></span> <span class='ocrx_word' id='word_1_308' title='bbox 491 3251 613 3314; x_wconf 83' lang='lat' dir='ltr'><strong>firmat:</strong></span> <span class='ocrx_word' id='word_1_309' title='bbox 636 3249 749 3314; x_wconf 91' lang='lat' dir='ltr'><strong>deinde</strong></span> <span class='ocrx_word' id='word_1_310' title='bbox 764 3248 904 3333; x_wconf 91' lang='lat' dir='ltr'><strong>quinque</strong></span> <span class='ocrx_word' id='word_1_311' title='bbox 926 3247 1024 3310; x_wconf 88' lang='lat' dir='ltr'><strong>millia</strong></span> <span class='ocrx_word' id='word_1_312' title='bbox 1046 3269 1198 3332; x_wconf 91' lang='lat' dir='ltr'><strong>passuum</strong></span> 
     </span>
     <span class='ocr_line' id='line_1_36' title="bbox 111 3332 1199 3420; baseline -0.002 -24"><span class='ocrx_word' id='word_1_313' title='bbox 111 3333 154 3396; x_wconf 92' lang='lat' dir='ltr'><strong>ab</strong></span> <span class='ocrx_word' id='word_1_314' title='bbox 169 3333 247 3397; x_wconf 88' lang='lat' dir='ltr'><strong>urbe</strong></span> <span class='ocrx_word' id='word_1_315' title='bbox 262 3333 340 3398; x_wconf 86' lang='lat' dir='ltr'><strong>citra</strong></span> <span class='ocrx_word' id='word_1_316' title='bbox 352 3335 453 3419; x_wconf 88' lang='lat' dir='ltr'><strong>ripam</strong></span> <span class='ocrx_word' id='word_1_317' title='bbox 468 3335 584 3420; x_wconf 82' lang='lat' dir='ltr'><strong>Enipei</strong></span> <span class='ocrx_word' id='word_1_318' title='bbox 598 3334 699 3398; x_wconf 90' lang='lat' dir='ltr'><strong>amnis</strong></span> <span class='ocrx_word' id='word_1_319' title='bbox 710 3342 811 3398; x_wconf 86' lang='lat' dir='ltr'><strong>castra</strong></span> <span class='ocrx_word' id='word_1_320' title='bbox 844 3333 931 3411; x_wconf 90' lang='lat' dir='ltr'><strong>onit;</strong></span> <span class='ocrx_word' id='word_1_321' title='bbox 944 3353 1067 3396; x_wconf 89' lang='lat' dir='ltr'><strong>amnem</strong></span> <span class='ocrx_word' id='word_1_322' title='bbox 1082 3332 1199 3417; x_wconf 89' lang='lat' dir='ltr'><strong>ipsum,</strong></span> 
     </span>
     <span class='ocr_line' id='line_1_37' title="bbox 111 3357 1198 3504; baseline -0.002 -24"><span class='ocrx_word' id='word_1_323' title='bbox 111 3417 249 3481; x_wconf 88' lang='lat' dir='ltr'><strong>transitu</strong></span> <span class='ocrx_word' id='word_1_324' title='bbox 274 3418 500 3503; x_wconf 87' lang='lat' dir='ltr'><strong>perdifficilem,</strong></span> <span class='ocrx_word' id='word_1_325' title='bbox 528 3441 586 3504; x_wconf 92' lang='lat' dir='ltr'><strong>pro</strong></span> <span class='ocrx_word' id='word_1_326' title='bbox 609 3419 807 3482; x_wconf 87' lang='lat' dir='ltr'><strong>munimento</strong></span> <span class='ocrx_word' id='word_1_327' title='bbox 820 3357 1003 3481; x_wconf 78' lang='lat' dir='ltr'><strong>liabiturus.</strong></span> <span class='ocrx_word' id='word_1_328' title='bbox 1048 3417 1135 3480; x_wconf 88' lang='lat' dir='ltr'><strong>Fluit</strong></span> <span class='ocrx_word' id='word_1_329' title='bbox 1159 3438 1198 3480; x_wconf 88' lang='lat' dir='ltr'><strong>ex</strong></span> 
     </span>
     <span class='ocr_line' id='line_1_38' title="bbox 111 3500 1198 3588; baseline -0.001 -24"><span class='ocrx_word' id='word_1_330' title='bbox 111 3500 192 3564; x_wconf 85' lang='lat' dir='ltr'><strong>valle</strong></span> <span class='ocrx_word' id='word_1_331' title='bbox 209 3501 341 3588; x_wconf 83' lang='lat' dir='ltr'><strong>Olympi</strong></span> <span class='ocrx_word' id='word_1_332' title='bbox 354 3503 482 3581; x_wconf 89' lang='lat' dir='ltr'><strong>montis,</strong></span> <span class='ocrx_word' id='word_1_333' title='bbox 496 3511 605 3567; x_wconf 75' lang='lat' dir='ltr'><strong>aestate</strong></span> <span class='ocrx_word' id='word_1_334' title='bbox 624 3503 768 3586; x_wconf 89' lang='lat' dir='ltr'><strong>exiguus,</strong></span> <span class='ocrx_word' id='word_1_335' title='bbox 781 3502 922 3566; x_wconf 88' lang='lat' dir='ltr'><strong>bibernis</strong></span> <span class='ocrx_word' id='word_1_336' title='bbox 943 3501 1027 3564; x_wconf 88' lang='lat' dir='ltr'><strong>idem</strong></span> <span class='ocrx_word' id='word_1_337' title='bbox 1049 3500 1198 3565; x_wconf 86' lang='lat' dir='ltr'><strong>incitatus</strong></span> 
     </span>
     <span class='ocr_line' id='line_1_39' title="bbox 110 3583 1199 3673; baseline 0.001 -25"><span class='ocrx_word' id='word_1_338' title='bbox 110 3583 248 3670; x_wconf 84' lang='lat' dir='ltr'><strong>pluviis:</strong></span> <span class='ocrx_word' id='word_1_339' title='bbox 268 3587 333 3652; x_wconf 79' lang='lat' dir='ltr'><strong>⁴&#39;et</strong></span> <span class='ocrx_word' id='word_1_340' title='bbox 346 3609 444 3673; x_wconf 86' lang='lat' dir='ltr'><strong>supra</strong></span> <span class='ocrx_word' id='word_1_341' title='bbox 463 3609 559 3672; x_wconf 88' lang='lat' dir='ltr'><strong>rupes</strong></span> <span class='ocrx_word' id='word_1_342' title='bbox 580 3587 725 3671; x_wconf 88' lang='lat' dir='ltr'><strong>ingentes</strong></span> <span class='ocrx_word' id='word_1_343' title='bbox 747 3587 952 3673; x_wconf 69' lang='lat' dir='ltr'><strong>gurgitibus¹³</strong></span> <span class='ocrx_word' id='word_1_344' title='bbox 965 3587 1050 3665; x_wconf 83' lang='lat' dir='ltr'><strong>iacit,</strong></span> <span class='ocrx_word' id='word_1_345' title='bbox 1064 3594 1097 3650; x_wconf 87' lang='lat' dir='ltr'><strong>et</strong></span> <span class='ocrx_word' id='word_1_346' title='bbox 1116 3585 1199 3650; x_wconf 88' lang='lat' dir='ltr'><strong>intra</strong></span> 
     </span>
    </p>
   </div>
   <div class='ocr_carea' id='block_1_3' title="bbox 109 3745 1186 3934">
    <p class='ocr_par' dir='ltr' id='par_1_11' title="bbox 109 3745 1186 3934">
     <span class='ocr_line' id='line_1_40' title="bbox 143 3745 1186 3806; baseline 0 -16"><span class='ocrx_word' id='word_1_347' title='bbox 143 3747 160 3776; x_wconf 80' lang='lat'><strong>¹¹</strong></span> <span class='ocrx_word' id='word_1_348' title='bbox 169 3745 258 3792; x_wconf 70' lang='lat' dir='ltr'><strong>Philon</strong></span> <span class='ocrx_word' id='word_1_349' title='bbox 269 3745 308 3793; x_wconf 86' lang='lat' dir='ltr'><strong>bic</strong></span> <span class='ocrx_word' id='word_1_350' title='bbox 318 3753 342 3793; x_wconf 82' lang='lat' dir='ltr'><strong>et</strong></span> <span class='ocrx_word' id='word_1_351' title='bbox 352 3745 428 3806; x_wconf 78' lang='lat' dir='ltr'><strong>eapite</strong></span> <span class='ocrx_word' id='word_1_352' title='bbox 440 3745 546 3804; x_wconf 75' lang='lat' dir='ltr'><strong>nequead</strong></span> <span class='ocrx_word' id='word_1_353' title='bbox 559 3745 631 3792; x_wconf 86' lang='lat' dir='ltr'><strong>Gron.</strong></span> <span class='ocrx_word' id='word_1_354' title='bbox 644 3745 711 3792; x_wconf 76' lang='lat' dir='ltr'><strong>Cras.</strong></span> <span class='ocrx_word' id='word_1_355' title='bbox 724 3745 819 3806; x_wconf 77' lang='lat' dir='ltr'><strong>Kreyss.</strong></span> <span class='ocrx_word' id='word_1_356' title='bbox 933 3747 948 3778; x_wconf 79' lang='lat'>¹</span> <span class='ocrx_word' id='word_1_357' title='bbox 958 3745 1092 3790; x_wconf 71' lang='lat' dir='ltr'><strong>mercuriis</strong></span> <span class='ocrx_word' id='word_1_358' title='bbox 1107 3745 1186 3790; x_wconf 78' lang='lat' dir='ltr'><strong>Pteria</strong></span> 
     </span>
     <span class='ocr_line' id='line_1_41' title="bbox 111 3805 1185 3870; baseline -0.002 -16"><span class='ocrx_word' id='word_1_359' title='bbox 111 3808 209 3866; x_wconf 74' lang='lat' dir='ltr'><strong>Kreyaa.</strong></span> <span class='ocrx_word' id='word_1_360' title='bbox 222 3809 300 3856; x_wconf 74' lang='lat' dir='ltr'><strong>seii.</strong></span> <span class='ocrx_word' id='word_1_361' title='bbox 402 3815 524 3864; x_wconf 65' lang='lat' dir='ltr'><strong>immi,</strong></span> <span class='ocrx_word' id='word_1_362' title='bbox 537 3811 598 3856; x_wconf 73' lang='lat' dir='ltr'><strong>ultro</strong></span> <span class='ocrx_word' id='word_1_363' title='bbox 608 3805 760 3870; x_wconf 57' lang='lat' dir='ltr'><strong>adferentibus</strong></span> <span class='ocrx_word' id='word_1_364' title='bbox 772 3809 837 3855; x_wconf 72' lang='lat' dir='ltr'><strong>Eud</strong></span> <span class='ocrx_word' id='word_1_365' title='bbox 949 3809 1069 3854; x_wconf 70' lang='lat' dir='ltr'><strong>&#39;unitim</strong></span> <span class='ocrx_word' id='word_1_366' title='bbox 1080 3809 1108 3854; x_wconf 75' lang='lat' dir='ltr'><strong>de</strong></span> <span class='ocrx_word' id='word_1_367' title='bbox 1121 3807 1185 3854; x_wconf 70' lang='lat' dir='ltr'><strong>aad.</strong></span> 
     </span>
     <span class='ocr_line' id='line_1_42' title="bbox 109 3869 1011 3934; baseline -0.003 -16"><span class='ocrx_word' id='word_1_368' title='bbox 109 3877 124 3904; x_wconf 83' lang='lat'>⁸</span> <span class='ocrx_word' id='word_1_369' title='bbox 135 3877 191 3918; x_wconf 75' lang='lat' dir='ltr'><strong>mc</strong></span> <span class='ocrx_word' id='word_1_370' title='bbox 203 3873 275 3919; x_wconf 86' lang='lat' dir='ltr'><strong>Grou.</strong></span> <span class='ocrx_word' id='word_1_371' title='bbox 285 3873 353 3920; x_wconf 78' lang='lat' dir='ltr'><strong>Crer-</strong></span> <span class='ocrx_word' id='word_1_372' title='bbox 365 3872 460 3932; x_wconf 82' lang='lat' dir='ltr'><strong>Kreyrs.</strong></span> <span class='ocrx_word' id='word_1_373' title='bbox 474 3873 549 3919; x_wconf 76' lang='lat' dir='ltr'><strong>lielsk.</strong></span> <span class='ocrx_word' id='word_1_374' title='bbox 688 3869 815 3934; x_wconf 57' lang='lat' dir='ltr'><strong>*gorgias</strong></span> <span class='ocrx_word' id='word_1_375' title='bbox 827 3871 921 3930; x_wconf 75' lang='lat' dir='ltr'><strong>Kreysa.</strong></span> <span class='ocrx_word' id='word_1_376' title='bbox 935 3870 1011 3916; x_wconf 75' lang='lat' dir='ltr'><strong>Belik.</strong></span> 
     </span>
    </p>
   </div>
   <div class='ocr_carea' id='block_1_4' title="bbox 104 3993 1364 4566">
    <p class='ocr_par' dir='ltr' id='par_1_12' title="bbox 105 3993 1363 4372">
     <span class='ocr_line' id='line_1_43' title="bbox 143 3993 1363 4058; baseline -0.003 -16"><span class='ocrx_word' id='word_1_377' title='bbox 143 3997 175 4042; x_wconf 71' lang='lat'><strong>⁴5</strong></span> <span class='ocrx_word' id='word_1_378' title='bbox 194 3997 308 4046; x_wconf 63' lang='lat' dir='ltr'><strong>mmmm</strong></span> <span class='ocrx_word' id='word_1_379' title='bbox 316 3998 448 4058; x_wconf 66' lang='lat' dir='ltr'><strong>pranderet</strong></span> <span class='ocrx_word' id='word_1_380' title='bbox 462 3994 561 4058; x_wconf 76' lang='lat' dir='ltr'><strong>losgtu]</strong></span> <span class='ocrx_word' id='word_1_381' title='bbox 579 3997 686 4044; x_wconf 85' lang='lat' dir='ltr'><strong>Muretus</strong></span> <span class='ocrx_word' id='word_1_382' title='bbox 698 4005 722 4045; x_wconf 83' lang='lat' dir='ltr'><strong>et</strong></span> <span class='ocrx_word' id='word_1_383' title='bbox 753 4005 801 4044; x_wconf 83' lang='lat' dir='ltr'><strong>tato</strong></span> <span class='ocrx_word' id='word_1_384' title='bbox 812 3998 911 4042; x_wconf 77' lang='lat' dir='ltr'><strong>duarum</strong></span> <span class='ocrx_word' id='word_1_385' title='bbox 923 4009 1005 4041; x_wconf 83' lang='lat' dir='ltr'><strong>vocum</strong></span> <span class='ocrx_word' id='word_1_386' title='bbox 1017 3995 1107 4050; x_wconf 81' lang='lat' dir='ltr'><strong>ordine,</strong></span> <span class='ocrx_word' id='word_1_387' title='bbox 1119 3997 1229 4055; x_wconf 51' lang='lat' dir='ltr'><strong>mmm,</strong></span> <span class='ocrx_word' id='word_1_388' title='bbox 1247 4008 1297 4054; x_wconf 76' lang='lat' dir='ltr'><strong>qua</strong></span> <span class='ocrx_word' id='word_1_389' title='bbox 1310 3993 1363 4038; x_wconf 80' lang='lat' dir='ltr'><strong>belli</strong></span> 
     </span>
     <span class='ocr_line' id='line_1_44' title="bbox 109 4055 1361 4122; baseline -0.003 -18"><span class='ocrx_word' id='word_1_390' title='bbox 109 4060 245 4106; x_wconf 81' lang='lat' dir='ltr'><strong>Gronovius</strong></span> <span class='ocrx_word' id='word_1_391' title='bbox 264 4068 380 4120; x_wconf 83' lang='lat' dir='ltr'><strong>reponunt</strong></span> <span class='ocrx_word' id='word_1_392' title='bbox 398 4068 489 4122; x_wconf 76' lang='lat' dir='ltr'><strong>quanta</strong></span> <span class='ocrx_word' id='word_1_393' title='bbox 522 4062 567 4108; x_wconf 81' lang='lat' dir='ltr'><strong>sed</strong></span> <span class='ocrx_word' id='word_1_394' title='bbox 584 4062 641 4120; x_wconf 88' lang='lat' dir='ltr'><strong>quid</strong></span> <span class='ocrx_word' id='word_1_395' title='bbox 659 4069 722 4107; x_wconf 76' lang='lat' dir='ltr'><strong>vetat</strong></span> <span class='ocrx_word' id='word_1_396' title='bbox 753 4063 778 4106; x_wconf 77' lang='lat' dir='ltr'><strong>ta</strong></span> <span class='ocrx_word' id='word_1_397' title='bbox 792 4055 948 4119; x_wconf 67' lang='lat' dir='ltr'><strong>dicessum</strong></span> <span class='ocrx_word' id='word_1_398' title='bbox 967 4066 1064 4106; x_wconf 74' lang='lat' dir='ltr'><strong>amnt.</strong></span> <span class='ocrx_word' id='word_1_399' title='bbox 1098 4057 1147 4103; x_wconf 80' lang='lat' dir='ltr'><strong>Aut</strong></span> <span class='ocrx_word' id='word_1_400' title='bbox 1158 4065 1219 4102; x_wconf 83' lang='lat' dir='ltr'><strong>certe</strong></span> <span class='ocrx_word' id='word_1_401' title='bbox 1235 4058 1269 4102; x_wconf 84' lang='lat' dir='ltr'><strong>sia</strong></span> <span class='ocrx_word' id='word_1_402' title='bbox 1288 4069 1361 4114; x_wconf 80' lang='lat' dir='ltr'><strong>expo-</strong></span> 
     </span>
     <span class='ocr_line' id='line_1_45' title="bbox 108 4120 1362 4186; baseline -0.004 -19"><span class='ocrx_word' id='word_1_403' title='bbox 108 4123 156 4168; x_wconf 80' lang='lat' dir='ltr'><strong>diei</strong></span> <span class='ocrx_word' id='word_1_404' title='bbox 165 4129 273 4183; x_wconf 69' lang='lat' dir='ltr'><strong>quaeras·</strong></span> <span class='ocrx_word' id='word_1_405' title='bbox 281 4125 368 4186; x_wconf 73' lang='lat' dir='ltr'><strong>lougius</strong></span> <span class='ocrx_word' id='word_1_406' title='bbox 375 4125 573 4184; x_wconf 78' lang='lat' dir='ltr'><strong>quemadmodum</strong></span> <span class='ocrx_word' id='word_1_407' title='bbox 581 4125 644 4184; x_wconf 78' lang='lat' dir='ltr'><strong>apud</strong></span> <span class='ocrx_word' id='word_1_408' title='bbox 653 4125 721 4170; x_wconf 79' lang='lat' dir='ltr'><strong>Plau·</strong></span> <span class='ocrx_word' id='word_1_409' title='bbox 754 4123 844 4169; x_wconf 83' lang='lat' dir='ltr'><strong>uendur</strong></span> <span class='ocrx_word' id='word_1_410' title='bbox 855 4124 927 4177; x_wconf 82' lang='lat' dir='ltr'><strong>loeus,</strong></span> <span class='ocrx_word' id='word_1_411' title='bbox 939 4123 1003 4182; x_wconf 78' lang='lat' dir='ltr'><strong>quui</strong></span> <span class='ocrx_word' id='word_1_412' title='bbox 1021 4123 1065 4168; x_wconf 83' lang='lat' dir='ltr'><strong>boe</strong></span> <span class='ocrx_word' id='word_1_413' title='bbox 1076 4121 1159 4168; x_wconf 85' lang='lat' dir='ltr'><strong>ordine</strong></span> <span class='ocrx_word' id='word_1_414' title='bbox 1170 4120 1284 4165; x_wconf 75' lang='lat' dir='ltr'><strong>collocata·</strong></span> <span class='ocrx_word' id='word_1_415' title='bbox 1295 4131 1362 4162; x_wconf 82' lang='lat' dir='ltr'><strong>voces</strong></span> 
     </span>
     <span class='ocr_line' id='line_1_46' title="bbox 107 4181 1361 4247; baseline -0.005 -16"><span class='ocrx_word' id='word_1_416' title='bbox 107 4195 161 4231; x_wconf 75' lang='lat' dir='ltr'><strong>tum</strong></span> <span class='ocrx_word' id='word_1_417' title='bbox 173 4202 239 4246; x_wconf 72' lang='lat' dir='ltr'><strong>quau</strong></span> <span class='ocrx_word' id='word_1_418' title='bbox 256 4189 328 4247; x_wconf 71' lang='lat' dir='ltr'><strong>magis</strong></span> <span class='ocrx_word' id='word_1_419' title='bbox 345 4181 450 4235; x_wconf 63' lang='lat' dir='ltr'><strong>headda</strong></span> <span class='ocrx_word' id='word_1_420' title='bbox 464 4189 572 4234; x_wconf 75' lang='lat' dir='ltr'><strong>vincalo!</strong></span> <span class='ocrx_word' id='word_1_421' title='bbox 605 4187 721 4233; x_wconf 81' lang='lat' dir='ltr'><strong>Nimirum</strong></span> <span class='ocrx_word' id='word_1_422' title='bbox 754 4193 844 4233; x_wconf 78' lang='lat' dir='ltr'><strong>errent:</strong></span> <span class='ocrx_word' id='word_1_423' title='bbox 861 4201 908 4246; x_wconf 78' lang='lat' dir='ltr'><strong>qus</strong></span> <span class='ocrx_word' id='word_1_424' title='bbox 921 4187 950 4232; x_wconf 85' lang='lat' dir='ltr'><strong>de</strong></span> <span class='ocrx_word' id='word_1_425' title='bbox 962 4186 1034 4232; x_wconf 79' lang='lat' dir='ltr'><strong>iorrns</strong></span> <span class='ocrx_word' id='word_1_426' title='bbox 1053 4184 1163 4244; x_wconf 64' lang='lat' dir='ltr'><strong>luquemi</strong></span> <span class='ocrx_word' id='word_1_427' title='bbox 1175 4183 1221 4226; x_wconf 84' lang='lat' dir='ltr'><strong>rid.</strong></span> <span class='ocrx_word' id='word_1_428' title='bbox 1233 4181 1321 4227; x_wconf 76' lang='lat' dir='ltr'><strong>notua</strong></span> <span class='ocrx_word' id='word_1_429' title='bbox 1332 4181 1361 4225; x_wconf 78' lang='lat' dir='ltr'><strong>nd</strong></span> 
     </span>
     <span class='ocr_line' id='line_1_47' title="bbox 105 4249 995 4312; baseline -0.002 -16"><span class='ocrx_word' id='word_1_430' title='bbox 105 4257 217 4312; x_wconf 67' lang='lat' dir='ltr'><strong>quatu</strong></span> <span class='ocrx_word' id='word_1_431' title='bbox 229 4251 317 4310; x_wconf 74' lang='lat' dir='ltr'><strong>regitur</strong></span> <span class='ocrx_word' id='word_1_432' title='bbox 328 4265 342 4297; x_wconf 81' lang='grc' dir='ltr'>ι</span> <span class='ocrx_word' id='word_1_433' title='bbox 352 4251 515 4312; x_wconf 66' lang='lat' dir='ltr'><strong>propositione</strong></span> <span class='ocrx_word' id='word_1_434' title='bbox 523 4252 643 4298; x_wconf 64' lang='lat' dir='ltr'><strong>unatim</strong></span> <span class='ocrx_word' id='word_1_435' title='bbox 653 4251 722 4297; x_wconf 86' lang='lat' dir='ltr'><strong>iutel-</strong></span> <span class='ocrx_word' id='word_1_436' title='bbox 755 4249 770 4294; x_wconf 96' lang='lat' dir='ltr'><strong>l.</strong></span> <span class='ocrx_word' id='word_1_437' title='bbox 786 4250 824 4296; x_wconf 83' lang='lat' dir='ltr'><strong>iv.</strong></span> <span class='ocrx_word' id='word_1_438' title='bbox 837 4265 855 4296; x_wconf 80' lang='lat' dir='ltr'><strong>c.</strong></span> <span class='ocrx_word' id='word_1_439' title='bbox 870 4249 906 4307; x_wconf 81' lang='lat'><strong>17,</strong></span> <span class='ocrx_word' id='word_1_440' title='bbox 919 4263 995 4308; x_wconf 81' lang='lat' dir='ltr'><strong>supra.</strong></span> 
     </span>
     <span class='ocr_line' id='line_1_48' title="bbox 106 4301 1360 4372; baseline -0.006 -14"><span class='ocrx_word' id='word_1_441' title='bbox 106 4315 177 4358; x_wconf 73' lang='lat' dir='ltr'><strong>iecra</strong></span> <span class='ocrx_word' id='word_1_442' title='bbox 787 4311 819 4359; x_wconf 73' lang='lat' dir='ltr'><strong>la</strong></span> <span class='ocrx_word' id='word_1_443' title='bbox 846 4314 877 4359; x_wconf 76' lang='lat' dir='ltr'><strong>Ee</strong></span> <span class='ocrx_word' id='word_1_444' title='bbox 904 4327 974 4372; x_wconf 77' lang='lat' dir='ltr'><strong>supro</strong></span> <span class='ocrx_word' id='word_1_445' title='bbox 1000 4326 1067 4370; x_wconf 79' lang='lat' dir='ltr'><strong>rupes</strong></span> <span class='ocrx_word' id='word_1_446' title='bbox 1094 4313 1194 4372; x_wconf 75' lang='lat' dir='ltr'><strong>ingentes</strong></span> <span class='ocrx_word' id='word_1_447' title='bbox 1219 4301 1360 4369; x_wconf 76' lang='lat' dir='ltr'><strong>gurgitibus]</strong></span> 
     </span>
    </p>

    <p class='ocr_par' dir='ltr' id='par_1_13' title="bbox 104 4374 1364 4500">
     <span class='ocr_line' id='line_1_49' title="bbox 140 4374 1362 4439; baseline -0.005 -17"><span class='ocrx_word' id='word_1_448' title='bbox 140 4375 175 4422; x_wconf 75' lang='grc'><strong>46</strong></span> <span class='ocrx_word' id='word_1_449' title='bbox 192 4375 449 4438; x_wconf 60' lang='lat' dir='ltr'><strong>Maestissimus]</strong></span> <span class='ocrx_word' id='word_1_450' title='bbox 467 4378 517 4424; x_wconf 79' lang='lat' dir='ltr'><strong>Vox</strong></span> <span class='ocrx_word' id='word_1_451' title='bbox 530 4379 722 4439; x_wconf 72' lang='lat' dir='ltr'><strong>imperatorium·</strong></span> <span class='ocrx_word' id='word_1_452' title='bbox 757 4376 863 4422; x_wconf 76' lang='lat' dir='ltr'><strong>limanda</strong></span> <span class='ocrx_word' id='word_1_453' title='bbox 874 4391 903 4422; x_wconf 79' lang='lat' dir='ltr'><strong>ex</strong></span> <span class='ocrx_word' id='word_1_454' title='bbox 915 4375 1025 4422; x_wconf 80' lang='lat' dir='ltr'><strong>Gronosii</strong></span> <span class='ocrx_word' id='word_1_455' title='bbox 1045 4381 1135 4418; x_wconf 85' lang='lat' dir='ltr'><strong>mente:</strong></span> <span class='ocrx_word' id='word_1_456' title='bbox 1155 4374 1185 4419; x_wconf 77' lang='lat' dir='ltr'><strong>Et</strong></span> <span class='ocrx_word' id='word_1_457' title='bbox 1202 4385 1272 4430; x_wconf 79' lang='lat' dir='ltr'><strong>supro</strong></span> <span class='ocrx_word' id='word_1_458' title='bbox 1289 4385 1362 4429; x_wconf 75' lang='lat' dir='ltr'><strong>rupea,</strong></span> 
     </span>
     <span class='ocr_line' id='line_1_50' title="bbox 104 4433 1364 4500; baseline -0.006 -14"><span class='ocrx_word' id='word_1_459' title='bbox 104 4440 167 4486; x_wconf 77' lang='lat' dir='ltr'><strong>nino</strong></span> <span class='ocrx_word' id='word_1_460' title='bbox 178 4441 305 4486; x_wconf 81' lang='lat' dir='ltr'><strong>otiosaest.</strong></span> <span class='ocrx_word' id='word_1_461' title='bbox 753 4441 854 4500; x_wconf 75' lang='lat' dir='ltr'><strong>ingentes</strong></span> <span class='ocrx_word' id='word_1_462' title='bbox 869 4443 973 4500; x_wconf 76' lang='lat' dir='ltr'><strong>gurgites</strong></span> <span class='ocrx_word' id='word_1_463' title='bbox 984 4435 1054 4496; x_wconf 77' lang='lat' dir='ltr'><strong>socii,</strong></span> <span class='ocrx_word' id='word_1_464' title='bbox 1073 4443 1095 4482; x_wconf 82' lang='lat' dir='ltr'><strong>et</strong></span> <span class='ocrx_word' id='word_1_465' title='bbox 1115 4433 1185 4495; x_wconf 68' lang='grc' dir='ltr'><strong>ἔψη,</strong></span> <span class='ocrx_word' id='word_1_466' title='bbox 1202 4441 1316 4494; x_wconf 81' lang='lat' dir='ltr'><strong>prorutum</strong></span> <span class='ocrx_word' id='word_1_467' title='bbox 1339 4436 1364 4479; x_wconf 79' lang='lat' dir='ltr'><strong>irs</strong></span> 
     </span>
    </p>

    <p class='ocr_par' dir='ltr' id='par_1_14' title="bbox 139 4499 1362 4566">
     <span class='ocr_line' id='line_1_51' title="bbox 139 4499 1362 4566; baseline -0.007 -16"><span class='ocrx_word' id='word_1_468' title='bbox 139 4503 173 4557; x_wconf 78' lang='grc'><strong>47</strong></span> <span class='ocrx_word' id='word_1_469' title='bbox 191 4503 298 4563; x_wconf 59' lang='lat' dir='ltr'><strong>&#39;parum</strong></span> <span class='ocrx_word' id='word_1_470' title='bbox 312 4501 439 4566; x_wconf 69' lang='lat' dir='ltr'><strong>bellique]</strong></span> <span class='ocrx_word' id='word_1_471' title='bbox 459 4505 534 4564; x_wconf 78' lang='lat' dir='ltr'><strong>Magis</strong></span> <span class='ocrx_word' id='word_1_472' title='bbox 546 4505 655 4565; x_wconf 78' lang='lat' dir='ltr'><strong>placeret,</strong></span> <span class='ocrx_word' id='word_1_473' title='bbox 667 4519 720 4550; x_wconf 86' lang='lat' dir='ltr'><strong>mu·</strong></span> <span class='ocrx_word' id='word_1_474' title='bbox 753 4518 815 4550; x_wconf 75' lang='lat' dir='ltr'><strong>nors</strong></span> <span class='ocrx_word' id='word_1_475' title='bbox 840 4503 957 4550; x_wconf 69' lang='lat' dir='ltr'><strong>namra</strong></span> <span class='ocrx_word' id='word_1_476' title='bbox 982 4507 1075 4554; x_wconf 74' lang='lat' dir='ltr'><strong>senaa,</strong></span> <span class='ocrx_word' id='word_1_477' title='bbox 1101 4501 1209 4560; x_wconf 66' lang='lat' dir='ltr'><strong>maclou</strong></span> <span class='ocrx_word' id='word_1_478' title='bbox 1240 4499 1362 4558; x_wconf 78' lang='lat' dir='ltr'><strong>voragines.</strong></span> 
     </span>
    </p>
   </div>
   <div class='ocr_carea' id='block_1_5' title="bbox 151 4581 1193 4627">
    <p class='ocr_par' dir='ltr' id='par_1_15' title="bbox 151 4581 1193 4627">
     <span class='ocr_line' id='line_1_52' title="bbox 151 4581 1193 4627; baseline -0.002 -1"><span class='ocrx_word' id='word_1_479' title='bbox 151 4583 235 4626; x_wconf 75' lang='lat' dir='ltr'><strong>VOL·</strong></span> <span class='ocrx_word' id='word_1_480' title='bbox 252 4585 306 4627; x_wconf 88' lang='lat' dir='ltr'><strong>III.</strong></span> <span class='ocrx_word' id='word_1_481' title='bbox 1142 4581 1193 4624; x_wconf 77' lang='lat' dir='ltr'><strong>lile</strong></span> 
     </span>
    </p>
   </div>
   <div class='ocr_carea' id='block_1_6' title="bbox 0 0 1554 4958">
    <p class='ocr_par' dir='ltr' id='par_1_16' title="bbox 0 0 1554 4958">
     <span class='ocr_line' id='line_1_53' title="bbox 0 0 1554 4958; baseline 0 5"><span class='ocrx_word' id='word_1_482' title='bbox 0 0 1554 4958; x_wconf 95' lang='lat' dir='ltr'><strong> </strong></span> 
     </span>
    </p>
   </div>
  </div>
 </body>
</html>
