3098 4958
452 334 541 402 Llll.
564 335 670 401 XLV.
701 335 798 400 chP.
821 336 899 401 Vll.
1226 345 1229 352 “
1297 341 1358 406 461

101 483 225 552 aedium
237 483 271 550 in
283 483 502 571 propinquum
511 485 658 550 cubiculo
667 485 808 566 hortum,
820 491 916 571 atque
930 485 1014 567 inde,
1028 485 1195 554 maceriam
1210 505 1238 554 ιι.
1250 505 1276 554 c.
1288 507 1343 554 tte

214 577 443 655 trmsgressus,
466 570 508 634 ad
530 591 616 634 mare
641 570 795 668 pervenit.
840 571 1007 636 Oroandes
1026 572 1095 658 jam
1113 580 1195 652 tum,
1208 570 1237 618 Α·
1250 571 1276 618 0·
1289 571 1341 618 ¹⁶ss

101 655 126 688 ’'
161 665 243 718 urnx
256 654 393 740 pecunia
406 653 590 733 deferretur,
605 655 740 740 primis!
758 655 898 720 tenebris
921 656 1057 720 solverat
1071 677 1194 736 navem,

102 761 143 802 ac
157 761 216 824 per
229 738 330 802 altum
346 738 475 802 Cretam
530 738 628 802 tebet.
673 740 846 822 Postquam
860 739 894 804 in
952 749 1005 804 rtu
1019 740 1108 804 navis
1129 763 1194 806 non

104 824 236 888 inventa
258 831 318 902 est,
329 830 464 908 vagatus
514 843 622 886 emens
644 823 838 907 aliquamdiu
860 823 894 888 in
933 825 1020 903 'tore,
1033 833 1194 910 postremo

103 909 224 972 timeus
237 907 341 972 lucem
357 905 427 992 jam
439 906 759 992 adpropinquantem,
773 907 807 972 iu
822 909 881 972 hos
904 908 997 972 itium
1011 909 1112 972 redire
1127 931 1192 974 non

103 1013 215 1071 ausus,
242 991 276 1056 in
298 991 395 1056 latere
423 991 535 1076 templi
560 1012 660 1077 prope
687 992 840 1076 angulum
863 931 1034 1058 obscurum
1057 992 1191 1058 delituit.

105 1075 202 1140 Pueri
222 1075 300 1160 regii
318 1076 406 1162 apud
425 1075 619 1140 Macedonas
633 1076 828 1142 vocabantur
841 1077 1022 1162 principum
1036 1077 1137 1156 liberi,
1151 1079 1192 1142 ad

103 1159 318 1226 ministerium
332 1159 423 1224 electi
441 1159 541 1244 regis:
564 1179 601 1223 ea
615 1161 739 1239 cohors,
748 1169 935 1246 persecuta¹
1021 1183 1054 1224 m
1068 1162 1192 1246 fugien-

104 1253 182 1323 tem,
196 1266 237 1308 ne
250 1253 322 1308 tum
338 1244 465 1329 quidem
480 1244 678 1323 abscedebat,
693 1245 794 1309 donec
802 1244 897 1330 jussu
909 1245 970 1310 Cn.
1012 1245 1105 1308 ctavii
1115 1268 1189 1331 pro-

104 1329 293 1394 nunciatum
318 1337 367 1392 est
390 1351 447 1414 per
466 1350 656 1413 praeconem,
681 1331 793 1412 Regios
809 1350 924 1410 meros
946 1331 1190 1412 Macedonasque
1203 1331 1273 1391 ttegtt
1286 1335 1353 1394 poert

103 1415 194 1492 otios,
208 1416 261 1496 qui
282 1415 489 1478 Smootiroce
509 1415 656 1492 estetsi
679 1415 846 1478 trosuirent
871 1415 915 1478 cd
930 1415 1092 1492 Romanos,
1107 1417 1189 1478 ioco-
1201 1403 1331 1508 {ffiss'ff

103 1499 284 1576 lemitaim,
298 1497 521 1580 libmotenqtse
535 1505 565 1561 et
578 1519 635 1562 etto
645 1499 745 1562 οιιιιιία
755 1505 938 1577 emaum,
952 1519 1017 1581 que
1027 1505 1081 1562 aut
1090 1519 1189 1562 sectam
1201 1537 1251 1571 nos.

101 1583 260 1661 dabaoth
286 1589 339 1646 ctat
367 1585 400 1646 io
426 1583 612 1646 Macedonio
638 1583 838 1681 reliquium.
894 1583 948 1646 Ad
972 1584 1055 1646 hanc
1079 1603 1189 1648 vocem

101 1665 249 1730 omdtio
273 1665 415 1730 omnium
435 1667 517 1730 facta
540 1673 599 1747 est,
619 1687 810 1751 nominaque
832 1665 950 1730 dabant
964 1667 1005 1730 ad
1020 1666 1058 1732 C.
1075 1667 1188 1732 Postu-

100 1751 204 1814 mium
216 1749 383 1816 tribunum
404 1749 551 1814 rnilitum.
594 1751 727 1816 Liberos
745 1773 872 1836 quoque
886 1751 1113 1836 parvosregios
1130 1752 1189 1816 Ion

100 1835 391 1900 Thessalonicensis
407 1835 541 1900 Octavio
556 1835 704 1900 tradidit:
726 1857 785 1900 nec
795 1835 973 1984 quisquam,
986 1845 1103 1922 praeter
1115 1836 1190 1900 Phi-

99 1919 124 1982 li
148 1941 237 2005 pum,
251 1919 424 1984 maximum
439 1928 548 1984 natue
562 1919 646 2000 filiis,
661 1941 735 1984 cum
841 1941 874 1984 re
888 1921 979 1986 'ctus.
1022 1921 1106 1984 'ihm
1121 1943 1188 1986 sese
1202 1935 1284 1983 tntu
1294 1949 1320 1983 ee

99 1943 266 2089 iilumque
281 2003 416 2070 Octavio
437 2004 585 2082 tradidit;
606 2005 767 2068 fontanam
822 2025 948 2090 eosque,
964 2005 1131 2088 ”quorum
1153 2005 1188 2070 in
1201 2013 1250 2046 Μ

98 2089 221 2175 templo
236 2097 358 2169 erant⁸,
380 2088 469 2152 nulla
491 2110 552 2174 ope
566 2089 743 2174 supplicem
760 2089 920 2174 jutmrtes,
942 2109 1104 2153 accusans.
1148 2089 1189 2154 Iu

97 2173 280 2260 praetoriam
308 2195 422 2238 navem
449 2173 561 2259 inponi
584 2173 713 2258 jussus:
746 2173 857 2237 eodem
886 2182 919 2237 et
988 2173 1093 2251 cunia,
1116 2193 1189 2256 quae

97 2258 266 2344 superfuit,
281 2259 385 2322 delata
409 2267 477 2322 est:
499 2257 721 2343 extemploque
736 2257 844 2322 classis
858 2258 945 2342 Amp
970 2257 1078 2342 ‘polim
1099 2277 1189 2341 repe-

96 2345 149 2408 tit
194 2343 274 2408 inde
289 2343 444 2408 Octavius
465 2363 570 2428 regem
593 2342 627 2406 in
642 2349 745 2406 castra
758 2343 798 2406 ad
813 2342 976 2406 consulem
994 2340 1091 2420 misit,
1105 2362 1188 2426 prae·

95 2428 204 2492 missis
218 2428 328 2508 literis,
341 2435 379 2492 ut
393 2427 427 2492 in
440 2435 597 2514 potestate
612 2448 686 2492 eum
701 2448 769 2492 esse
784 2435 817 2492 et
830 2427 945 2492 adduci
960 2426 1063 2490 sciret.
1200 2452 1331 2498 taanenu

141 2513 220 2578 VII.
243 2513 422 2578 Secundam
444 2533 513 2578 eam
537 2511 677 2592 Paullus,
700 2513 784 2576 sicut
807 2521 884 2592 erat,
904 2511 1067 2577 victoriam
1088 2517 1187 2590 ratus,
1199 2517 1229 2562 td
1242 2516 1321 2563 Λωί-

96 2597 241 2662 victimas
256 2598 370 2663 cecidit
384 2619 422 2662 eo
436 2597 574 2678 nuncio;
597 2605 639 2677 et,
654 2597 786 2662 consilio
808 2599 971 2677 advocato,
986 2596 1091 2660 literas
1105 2617 1187 2682 prae-
1198 2579 1264 2626 ΗΜ·

95 2683 176 2746 toris
201 2704 302 2768 quum
324 2682 496 2762 recitasset,
521 2682 563 2749 Q.
584 2683 708 2747 AElium
733 2683 935 2748 Tuberonem
963 2681 1090 2747 obviam
1119 2679 1187 2765 regi

95 2767 201 2832 misitt
238 2775 358 2832 ceteros
380 2789 508 2832 manere
531 2767 565 2832 in
587 2768 737 2854 praetorio
760 2768 942 2852 frequentes
958 2766 1066 2852 jussit.
1110 2765 1187 2830 Non

94 2853 173 2916 abas
188 2853 229 2916 ad
243 2853 345 2916 ullum
360 2851 578 2938 spectaculum
593 2861 683 2918 tanta
696 2853 869 2918 multitudo
883 2852 1035 2917 obcurrit.
1055 2851 1187 2915 Petrum

94 2945 189 3002 aetate
214 2939 346 3023 Syphax
368 2957 425 3001 rex
446 2945 560 3022 captus
574 2937 608 3001 in
628 2945 731 3000 cashn
754 2939 898 3000 Romana
919 2937 1076 3000 adductus
1099 2943 1186 2998 erat:

93 3030 309 3140 praeterquam
333 3023 420 3106 quod
443 3043 503 3086 nec
526 3041 594 3099 sua,
616 3041 675 3084 nec
703 3021 808 3105 gentis
835 3021 920 3084 fama
943 3019 1186 3104 comparandus,

94 3106 545 3256 ,idiottt‘tlfftttt
564 3104 915 3254 ltitlbildttt
928 3103 1030 3252 iiii
1048 3101 1186 3250 itit

93 3277 117 3308 ¹⁸
127 3276 250 3362 patris‘
274 3275 396 3360 avique,
410 3297 491 3360 quos
506 3212 661 3361 suiquine
684 3295 721 3338 ac
744 3293 859 3360 genem
873 3209 1090 3358 contingebat,
1103 3231 1187 3334 sami

92 3369 302 3446 conspectum
317 3382 391 3424 eum
405 3360 570 3440 efficiebat,
582 3361 638 3424 sed
652 3359 846 3444 effulgebant
857 3357 963 3443 Philip
987 3378 1026 3420 us
1040 3379 1077 3420 ac
1091 3357 1186 3440 Mag·

92 3467 158 3509 nus
185 3445 374 3524 Alexander,
402 3445 458 3529 qui
488 3467 650 3510 summum
675 3443 844 3530 imperium
869 3444 904 3508 in
926 3464 963 3507 or
1029 3451 1186 3506 terrarum

93 3530 313 3596 Macedonum
326 3531 474 3596 fecerant
517 3529 539 3563 ¹¹
551 3529 643 3594 Pullo
657 3529 792 3594 amictiae
801 3528 855 3593 illo
876 3529 1010 3593 Perseus
1022 3527 1186 3612 ingressus

125 3711 141 3740 ¹
151 3722 218 3770 pesse
230 3708 326 3770 Kreyss.
479 3703 632 3769 tdqfsrrstsr
643 3707 658 3740 θ
668 3709 683 3740 ⁶
691 3709 715 3763 ⁶,
723 3707 806 3768 prinis
818 3705 895 3754 mik.
1050 3707 1190 3762 'pausem

91 3771 168 3820 (lton.
180 3771 248 3819 crev.
356 3775 370 3804 Ι
379 3785 472 3834 quorun
483 3773 589 3834 misas
597 3777 647 3820 stat
659 3770 755 3832 lireyss.
768 3769 846 3816 sets.
943 3762 1053 3829 l’qssogss
1062 3767 1107 3814 del.
1119 3766 1185 3814 ttst.

124 3841 138 3870 θ
149 3841 237 3884 teste·
246 3837 323 3897 patris
335 3835 401 3883 unt.

124 3973 157 4028 ἥ
174 3973 234 4020 tta·
243 3975 340 4034 pressio
350 3969 490 4036 idmetsr]
509 3973 567 4030 lrno,
582 3979 704 4032 postquam
736 3965 891 4032 mttngetat]
910 3967 998 4016 Mirum
1009 3981 1071 4024 vero,
1088 3967 1108 4014 si
1127 3966 1264 4027 cognatione
1277 3965 1349 4011 ettin-

90 4037 193 4100 peeunis
211 4037 288 4084 delate
309 4046 352 4086 est.
385 4035 400 4066 ⁶
410 4037 464 4098 ipso
480 4036 591 4098 temporis
609 4043 705 4097 puncto,
736 4043 803 4095 geret
820 4041 910 4094 patrem
920 4041 944 4080 et
955 4047 1034 4080 erum.
1069 4032 1166 4078 Videtur
1177 4029 1264 4088 aliquid
1275 4028 1349 4074 inter·

90 4117 139 4162 quo
151 4101 252 4146 delatam
263 4102 293 4148 sd
303 4116 328 4148 se
338 4101 463 4162 penulam
474 4109 603 4162 scceperst.
737 4099 827 4146 cidisse.
846 4097 903 4158 Legi
914 4097 994 4158 possit,
1005 4097 1085 4144 Putris
1095 4097 1182 4155 astque,
1193 4099 1215 4140 et
1226 4099 1348 4138 osterm-

125 4165 157 4211 28
176 4165 273 4214 Qsmst
295 4167 319 4212 is
342 4165 423 4226 templo
443 4163 521 4225 wast]
539 4165 612 4210 Vetus
631 4163 705 4210 codex
737 4178 815 4224 regest
825 4177 879 4224 quos
889 4163 998 4222 mgsise
1008 4175 1036 4206 ae
1045 4173 1127 4220 gesen
1134 4156 1285 4216 magstat.

90 4228 168 4276 cernit
189 4228 361 4288 prepositione.
394 4229 464 4276 Unde
491 4228 617 4288 legendum
640 4233 709 4288 putat
772 4224 802 4272 iil
821 4225 889 4272 Palla
899 4227 994 4272 amictas
1007 4225 1046 4270 iilo
1061 4215 1170 4279 Perstet]
1183 4219 1348 4294 papaverum

91 4294 142 4338 Gro
159 4293 231 4348 orins,
242 4307 336 4353 wass
345 4293 451 4354 templu
461 4299 518 4340 nst.
739 4287 803 4336 huuc
818 4289 893 4336 locum
905 4288 962 4335 sarii
977 4287 1046 4334 retiis
1065 4285 1203 4342 coniecturis
1220 4287 1347 4328 tentarunt.

142 4308 157 4338 ll

123 4357 157 4405 29
174 4356 239 4402 Tene
254 4372 340 4420 Μαι
353 4359 450 4406 amesia
461 4357 543 4404 Pestici
555 4349 707 4415 tullissent]
740 4353 807 4400 Nihil
818 4352 967 4414 probabilius,
985 4363 1055 4410 quam
1066 4347 1129 4406 quod
1140 4345 1243 4404 suggerit
1255 4345 1347 4391 Grono-

91 4421 166 4468 flecte
177 4419 241 4466 delet
249 4419 381 4468 Gronovius
391 4415 577 4482 verbumsssrat,
588 4427 706 4479 tamquam
738 4417 798 4472 rius,
817 4417 857 4477 qni
869 4430 949 4462 rocem
968 4415 1007 4461 iiio
1024 4418 1155 4470 corruptam
1173 4421 1223 4455 esse
1234 4415 1301 4484 putet
1317 4421 1347 4455 ex

89 4485 191 4532 otiosum
203 4483 290 4530 indocti
302 4485 436 4545 interpretis
449 4485 643 4531 additamentum.
732 4481 791 4540 filio,
802 4488 826 4526 et
837 4487 949 4540 preterea
957 4477 1018 4524 rusie
1027 4477 1144 4535 trejectum
1156 4472 1258 4520 inissem
1269 4479 1348 4519 vetere

122 4548 156 4596 ³⁰
172 4548 252 4594 Petris
273 4549 361 4610 seipse,
380 4563 435 4610 psas
452 4549 562 4610 sngslss
579 4561 608 4594 se
623 4559 707 4608 gesen
738 4543 875 4606 exemplari.
909 4541 976 4600 Legit
986 4553 1057 4600 ergct
1077 4539 1243 4586 humata
1253 4535 1349 4586 Perseus
