3070 4962
426 331 608 396 LIBROR.
630 329 828 396 DEPERD.

586 608 666 680 CX.

125 775 159 840 C.
177 777 281 840 Cesar
295 773 481 852 Massiliam,
502 793 567 855 qne
582 778 695 854 partas
713 773 772 856 ipsi
792 773 955 852 clauserat,
974 771 1108 837 obsedit:
1132 781 1172 856 ct,

75 861 196 924 relictis
210 861 243 924 in
257 859 410 923 obsidione
424 857 508 922 urbis
522 857 586 938 ejus
599 857 717 939 tepolis,
742 859 775 922 0.
794 857 941 921 Trebonio
956 864 987 921 ct
1006 859 1047 922 D.
1061 861 1172 940 Bruto,

69 943 232 1026 profectus
248 945 281 1006 in
302 943 497 1024 Hispaniam,
521 943 559 1004 L.
574 942 740 1024 Afranium
757 949 788 1006 et
808 943 855 1005 M.
870 943 1035 1020 Petreium,
1058 944 1173 1024 lepatos

81 1031 138 1092 Cn.
149 1029 297 1110 Pompeii,
321 1048 388 1090 cum
410 1033 523 1108 septem
546 1027 711 1108 lepionibus
730 1027 773 1090 ad
792 1027 928 1090 Ilerdam
942 1027 976 1089 in
990 1027 1172 1090 deditionem

78 1114 206 1194 accepit,
232 1131 388 1193 omnesque
416 1111 578 1174 incolumes
607 1111 732 1190 dimisit,
766 1111 903 1174 Varrone
929 1131 1044 1193 quoqnce
1072 1111 1171 1192 tepato

77 1197 219 1278 Pompeii
233 1217 300 1260 cum
315 1197 451 1259 ecmcitu
469 1195 503 1258 in
515 1201 700 1276 potestatem
721 1215 809 1258 snam
828 1195 962 1258 redacto.
1008 1195 1172 1258 Gaditanis

78 1283 233 1344 civitatem
254 1279 348 1344 dedit.
391 1281 611 1358 Massilienses,
632 1279 747 1342 duobm
767 1278 925 1342 navalibus
941 1280 1063 1360 proeliis
1087 1281 1171 1358 uicti,

69 1372 146 1446 post
167 1367 286 1448 lanpom
303 1365 486 1429 obsidionem
504 1364 654 1445 potestati
681 1363 811 1426 Cosanis
834 1383 867 1426 se
883 1365 1099 1444 permiserunt.
1136 1365 1170 1426 C.

77 1451 241 1527 Antonius,
264 1451 380 1533 lepalus
397 1449 537 1528 Cosanis,
555 1449 634 1512 male
648 1453 755 1511 contra
769 1448 971 1530 Pompeianos
989 1449 1023 1512 in
1045 1447 1171 1530 Hlynico

76 1533 168 1596 rebus
187 1536 293 1615 pestis,
317 1539 423 1615 captnu
442 1538 497 1596 est.
539 1533 578 1596 In
596 1553 653 1614 qnia
668 1532 743 1594 bella
760 1531 931 1614 Opiterpini
948 1531 1171 1614 Transpadani,

81 1619 213 1682 Cosanis
227 1619 404 1696 aucitiares,
419 1623 488 1680 rute
501 1637 558 1679 sua
573 1617 611 1679 ob
624 1617 782 1680 bostilibus
791 1617 918 1679 navibus
931 1617 1046 1694 clamo,
1055 1617 1171 1698 potius,

77 1723 170 1784 qnam
184 1704 218 1765 in
233 1708 417 1784 patestatem
435 1703 566 1765 bostium
579 1703 725 1778 uenirent,
739 1703 821 1763 inter
840 1720 873 1764 se
887 1707 1099 1764 concurrentes
1120 1701 1172 1762 ob·

77 1787 254 1850 cubuaunt.
300 1787 333 1849 0.
351 1788 453 1864 Ousia,
468 1787 585 1868 lepatus
599 1787 729 1848 Cosanis
745 1783 910 1866 inAfrica,
926 1804 1016 1866 quum
1024 1804 1172 1866 prospere

78 1871 253 1934 ”adom
272 1871 396 1948 Varum,
414 1871 670 1950 Pompeianarum
680 1871 820 1954 partium
835 1869 950 1948 ducern,
959 1875 1136 1952 pnpnasset,
1151 1889 1172 1932 a

76 1955 160 2018 Juba
182 1975 253 2036 repe
275 1955 476 2018 Mauritania
499 1973 567 2018 cum
591 1955 727 2017 enercitu
750 1973 844 2018 ccsus
864 1959 919 2020 est.
966 1957 999 2018 0.
1018 1956 1122 2018 Casan
1139 1955 1172 2016 in

81 2041 233 2104 Greciam
248 2039 379 2120 traJecit.

574 2269 677 2344 CXI.

120 2438 142 2474 ⁸⁷
152 2439 201 2502 M.
220 2439 329 2502 Coelius
343 2439 443 2520 Rupes
450 2445 578 2520 prator,
594 2460 684 2524 quum
695 2439 857 2504 seditiones
868 2441 901 2502 in
910 2439 984 2502 urbe
995 2440 1171 2520 concitaret,

76 2543 225 2590 nouorum
251 2523 424 2586 tabularum
445 2543 498 2606 spe
511 2525 601 2605 plebe
621 2526 798 2604 sollicitata,
820 2524 966 2606 abropoto
988 2526 1173 2608 mapistralu

70 2611 183 2694 pulsos
210 2609 295 2686 urbe,
324 2609 439 2672 biilani
468 2610 575 2688 eumd,
605 2611 658 2691 qni
678 2609 881 2693 finpilioornm
909 2611 1075 2673 merdtum
1103 2629 1173 2674 con-

77 2699 232 2771 traxerat,
246 2713 279 2756 se
293 2693 458 2773 carnnnait.
493 2699 628 2776 uterque,
651 2715 741 2776 qnmm
753 2695 861 2758 bellum
876 2696 1064 2772 molirentur,
1077 2696 1173 2758 inter-

67 2779 152 2862 secti
162 2783 242 2841 sunt.
288 2779 460 2860 Cleopatra,
474 2779 609 2861 AEpypti
620 2781 738 2862 sepina,
757 2799 776 2842 c
792 2778 1067 2860 Ptolemaeosratre
1080 2800 1173 2862 repno

70 2865 167 2946 pulsa
190 2869 245 2926 est.
288 2863 422 2944 Propter
446 2861 467 2894 '⁸
480 2865 516 2936 Q.
539 2865 639 2927 Cassii
655 2865 802 2946 preston-is
825 2865 992 2927 acontium
1007 2865 1173 2927 crudelita-

77 2955 196 3030 temque
213 2947 417 3011 Cordubenses
429 2948 462 3012 in
475 2947 628 3030 Hispania
643 2947 663 2981 '⁹
676 2969 742 3012 mm
756 2949 872 3011 duabus
892 2949 1036 3011 Varianis
1049 2950 1174 3030 leqioni-

78 3033 135 3096 bus
149 3033 322 3116 apartibus
340 3033 470 3096 Cosanis
482 3033 680 3097 descioemut.
726 3035 780 3096 Cn.
796 3033 968 3113 Pompeius,
989 3033 1033 3094 cd
1051 3033 1174 3114 Dyrra-

78 3119 180 3181 obium
203 3117 338 3182 obsmsnns
360 3139 380 3180 a
406 3119 534 3196 Cessare,
556 3123 596 3196 et,
610 3118 768 3199 presidiis
788 3117 852 3197 mnes
876 3137 944 3180 cum
961 3137 1072 3198 moysea
1087 3117 1175 3179 clade

77 3203 206 3266 diverse
213 3204 318 3284 partis
332 3204 522 3284 ecpuprnatis,
538 3203 691 3266 obsidione
706 3203 861 3280 liberatus,
876 3203 1025 3265 translato
1036 3202 1069 3264 in
1082 3201 1174 3264 ibes-

77 3289 191 3352 sctiam
206 3287 290 3365 betto,
306 3288 390 3369 apnnd
395 3287 600 3350 'Pharsaliam
615 3289 680 3351 ucis
692 3289 791 3351 victus
804 3293 860 3350 est.
895 3287 1000 3350 Cicero
1014 3288 1047 3350 in
1062 3287 1175 3349 castris

77 3374 237 3449 remansit,
258 3375 308 3434 nir
332 3373 411 3434 nibil
436 3373 536 3434 mimos
561 3393 651 3454 queam
673 3373 717 3436 ad
742 3373 821 3436 bella
849 3377 959 3445 notem
982 3371 1174 3454 amnibusque

78 3459 277 3558 adomsarum
286 3458 436 3538 partium,
447 3457 499 3538 qui
512 3477 545 3520 se
551 3459 700 3538 potestati
710 3459 837 3522 uictoris
841 3457 1058 3539 permiserunt,
1072 3457 1174 3520 Cesar

566 3726 690 3799 CXII.

127 3895 305 3976 trepidatio
333 3898 483 3960 uictarum
504 3897 645 3979 partium
674 3898 707 3961 in
734 3897 871 3960 diuersas
902 3895 984 3961 orbis
1020 3903 1173 3961 terrarum

70 3985 185 4064 portes
211 3986 242 4044 et
258 3980 340 4064 finpa
368 3981 553 4063 reseruntur.
600 3982 655 4046 Cn.
680 3982 856 4063 Pompeius,
884 4001 975 4062 quum
1003 3983 1173 4065 AEpyptum

111 4152 146 4200 88
162 4155 277 4202 Adversus
291 4153 386 4218 l'arnnn]
404 4157 467 4203 Olim
482 4157 613 4204 l‘arronsnn.
635 4157 693 4203 Con·
727 4157 847 4211 orationes
865 4171 934 4217 quem
945 4157 1021 4203 amuis
1037 4157 1121 4204 horum
1139 4163 1270 4216 temporum
1288 4157 1336 4204 hin·

77 4218 141 4265 neni!
154 4219 271 4276 sigonius.
727 4221 786 4266 toris
813 4221 923 4267 describit
951 4235 1037 4276 cmm,
1062 4221 1200 4280 inquietum,
1224 4233 1337 4268 novorum

112 4281 145 4336 87
164 4283 197 4328 Μ.
213 4281 297 4330 Goetiun
310 4279 397 4346 Rufus]
422 4283 510 4330 Verum
527 4283 584 4330 huie
600 4284 693 4342 pretori
726 4297 804 4330 rerum
817 4285 935 4344 cupidum.

77 4359 166 4392 nomen
178 4345 625 4407 restituitSigoniun,qunnmnnteeum
641 4361 692 4393 eor·
757 4349 789 4395 88
808 4350 835 4399 Q.
850 4345 936 4408 Cassii]
955 4347 986 4393 Et
995 4347 1039 4393 hoc
1047 4347 1146 4393 debetur
1154 4345 1256 4406 sigonio.
1274 4347 1337 4394 Olim

78 4417 149 4470 rupte
171 4411 289 4469 tegeretur
311 4411 344 4456 M.
364 4413 475 4458 Caedtiun.
510 4411 534 4458 ln
552 4419 587 4458 est
606 4411 694 4457 Coeiiun
729 4411 755 4462 0.
769 4413 853 4459 cuuis.

76 4481 166 4530 ornias,
185 4477 251 4534 cnjus
269 4483 362 4520 exstent
381 4476 411 4521 ed
430 4476 566 4522 Ciceronem
582 4475 694 4534 epistaten,
758 4475 791 4523 89
815 4475 871 4521 Cum
892 4475 980 4520 duabus
1002 4473 1108 4521 Varianis
1127 4471 1262 4535 legionibus]
1288 4475 1337 4522 inc.

79 4537 121 4598 qni
133 4539 257 4585 abeodem
270 4539 383 4586 Cicerone
395 4539 505 4586 defensus
523 4547 559 4585 ent
575 4534 706 4586 luculennn'
727 4539 860 4585 Gronovius
872 4545 934 4584 necte
946 4545 1025 4584 monet
1042 4537 1168 4598 legendum
1183 4538 1337 4593 Varronianin
