3086 4952
366 993 417 1074 T.
455 991 597 1072 LIVII
641 990 928 1104 PATAVINI
1090 1095 1096 1102 Ι

276 1213 1015 1308 HISTORIARUM

416 1435 478 1499 AB
508 1435 634 1500 URBE
667 1435 875 1500 CONDITA

503 1683 507 1690 .
569 1629 719 1700 LIBRI.

524 1843 762 1855 -n——-

381 2007 591 2073 EPITOME
613 2007 740 2072 LIBRI
763 2009 906 2076 XXXV.

99 2159 136 2220 P.
152 2155 299 2220 SCIPIO
311 2152 481 2236 Asi-icam
496 2155 612 2235 lepotm
626 2154 669 2216 ad
681 2155 866 2218 Antiochum
885 2159 1002 2238 Ephesi
1017 2179 1084 2223 mm
1098 2161 1186 2224 Han-

97 2243 207 2318 nibale,
229 2241 282 2320 pai
306 2259 338 2301 ec
363 2240 512 2301 Antiocho
528 2237 690 2318 jnnaerm
714 2241 886 2303 conlocutus
913 2249 978 2316 eet;
1000 2249 1045 2322 at,
1065 2247 1094 2306 ei
1111 2245 1187 2324 fieri

93 2332 206 2406 pooiet,
222 2329 335 2385 motem
350 2325 388 2400 ei,
401 2341 485 2402 mern
499 2343 537 2385 ea
545 2323 660 2403 populo
679 2324 816 2384 Romano
832 2332 1018 2402 conceperat,
1033 2329 1186 2391 ecimerct.

98 2411 181 2472 Inter
206 2409 272 2470 alia
295 2425 385 2488 quum
403 2412 557 2486 quareret,
578 2425 666 2488 quern
674 2403 776 2486 ficiem
795 2407 961 2469 mmmmm
975 2409 1188 2490 imperatorem

97 2493 256 2556 Haiucihol
269 2491 414 2567 erederet,
423 2491 597 2570 recpmdit:
614 2489 831 2552 Alexandrum
844 2490 1058 2556 Macedonum
1067 2515 1101 2557 re
1141 2517 1185 2574 m,

96 2578 182 2660 quod
197 2597 295 2661 parva
308 2595 407 2637 mauu
423 2573 668 2636 innumerabiles
687 2573 841 2638 exercitus
860 2575 1013 2658 fudisset3
1036 2599 1099 2662 quo
1123 2601 1185 2664 que

96 2662 224 2724 idtimes
247 2681 328 2736 oms,
352 2679 432 2742 ques
456 2658 555 2721 visere
574 2679 670 2743 supra
690 2679 780 2743 spem
798 2659 970 2724 humanam
996 2671 1090 2741 esset,
1113 2686 1185 2748 per-

96 2753 246 2830 agrasset.
294 2745 446 2816 Qaoercrti
461 2743 578 2821 deinde,
592 2763 678 2825 ptem
692 2743 854 2806 occandum
865 2753 1000 2826 poneret,
1015 2747 1184 2832 Pyrrhum,

95 2832 203 2912 inqnit,
230 2837 333 2892 castre
361 2827 473 2891 meteri
501 2827 640 2912 primum
668 2827 822 2892 docuisse.
866 2829 906 2892 od
936 2831 996 2894 hoc
1024 2832 1184 2896 nemiuem

95 2913 273 3000 elegantius
301 2913 371 2976 loca
399 2911 531 2996 cepisse,
558 2911 706 2996 praesidie
734 2912 936 2997 disposuisse.
985 2916 1183 2998 aneqnenti,

95 3019 180 3080 quem
195 3001 319 3062 tertium
334 2997 458 3075 diceret,
473 3005 573 3059 semet
587 2995 693 3080 ipsum
708 2997 798 3060 dicit.
821 2999 936 3060 Rident
952 2999 1065 3078 Scipio,
1081 3001 1183 3066 Quid-

94 3105 167 3146 nam
181 3091 220 3146 tu
234 3083 364 3159 diceres,
379 3081 406 3144 si
420 3103 482 3160 me,
495 3081 603 3162 inquit,
617 3081 767 3145 vicisses?
805 3081 897 3145 Tunc
910 3103 995 3161 vero,
1010 3085 1118 3164 inquit,
1132 3105 1183 3148 me

94 3177 124 3230 et
139 3177 214 3230 unte
224 3166 452 3244 Alexandrum,
467 3173 500 3228 et
510 3173 583 3228 unte
593 3165 761 3250 Pyrrhum,
774 3173 807 3228 et
821 3174 894 3228 ante
906 3167 983 3229 elios
993 3167 1182 3252 posuissem.

94 3254 178 3315 inter
193 3259 295 3315 cetera
304 3251 460 3332 prompta,
475 3269 541 3332 pute
550 3251 687 3331 plurimo
697 3249 797 3332 ficiocc
815 3251 989 3331 traduntur,
1009 3253 1110 3316 bovem
1127 3255 1181 3318 On.

93 3339 223 3400 Domitii
238 3337 369 3399 conmlic
382 3337 522 3412 locutam,
538 3335 641 3398 Rome
655 3355 729 3397 euve
744 3334 812 3414 tibi,
831 3335 973 3416 refertur.
1016 3339 1182 3419 Adparent

93 3423 124 3483 in
134 3423 322 3484 Antiochum
337 3421 446 3482 hcllnm
458 3421 598 3482 Romani.
641 3419 741 3482 Nobis
759 3421 1054 3484 Lacedemoniornm
1074 3429 1181 3503 tyran-

94 3527 157 3582 nm,
170 3507 319 3568 incitatnc
332 3505 371 3566 oh
387 3505 516 3582 AEtolie,
537 3504 633 3585 quiet
647 3505 822 3584 Philippum
837 3511 866 3567 et
880 3506 1064 3568 Antiochum
1079 3508 1122 3568 acl
1133 3509 1181 3570 in-

87 3589 248 3669 sercadnm
263 3591 371 3652 nuum
379 3589 492 3670 populo
506 3589 643 3652 Romano
660 3589 874 3667 sollicitabant,
890 3609 909 3652 a
917 3592 1030 3671 popolo
1044 3591 1181 3654 Romana

94 3675 240 3738 descivit:
264 3681 303 3752 ct,
320 3675 394 3736 hello
409 3673 554 3736 adversm
569 3675 819 3754 Philopoemenem
828 3675 1008 3736 Achaeorum
1017 3681 1181 3755 pretorem

90 3767 182 3840 pecto,
208 3758 267 3820 'ab
283 3759 401 3821 AEtolie
421 3764 451 3820 ct
474 3757 513 3820 ab
526 3759 713 3820 Alccameno
728 3759 802 3820 duce
817 3777 918 3820 eornm
937 3758 1112 3840 interfectore
1125 3767 1179 3824 est.

92 3845 192 3907 Aitali
205 3864 320 3925 quoque
330 3843 369 3906 ah
383 3843 520 3905 amicitia
527 3844 635 3923 populi
649 3843 780 3904 Roaiani
795 3841 974 3922 desecmnat.
998 3862 1064 3905 cnm
1074 3845 1180 3925 quidm

91 3931 234 3992 cocictutc
239 3929 361 4008 juncta,
375 3928 545 3989 Antiochus
558 3927 658 4006 Syria
675 3945 741 4004 ren,
766 3946 856 4007 quom
869 3927 977 3989 hellam
994 3927 1119 3990 Greciae
1132 3931 1179 3992 in·

92 4015 219 4092 tulisset,
245 4013 413 4093 complures
435 4011 524 4073 orbec
545 4014 719 4092 occeperim
743 4011 824 4073 inter
846 4031 922 4091 qnae
945 4011 1128 4091 Chalcidem,
1150 4020 1179 4076 ct

93 4105 185 4160 totam
194 4096 352 4159 Euboeom.
395 4095 457 4158 Res
464 4101 617 4176 preterea
630 4096 663 4158 in
673 4095 837 4176 liparihm
843 4101 947 4177 pectas
956 4101 985 4160 et
996 4095 1179 4178 adparatum

93 4183 157 4244 leiti
172 4181 212 4244 ab
224 4182 378 4244 Antiocho
393 4181 534 4243 continet.

121 4329 131 4376 i
151 4332 188 4377 m
197 4331 282 4378 AEtolic
290 4336 313 4377 ct
322 4329 522 4376 Ammoneo
530 4323 617 4389 corum]
634 4328 700 4378 Qus·
732 4343 780 4376 uuo
792 4343 805 4376 e
818 4329 885 4378 MSS.
896 4331 945 4377 iuis
957 4339 1048 4378 exsiste
1060 4338 1159 4378 temtus
1170 4331 1308 4379 Gronovius.

92 4401 139 4440 mm
157 4395 252 4440 ultimas
262 4407 339 4450 voces,
351 4407 404 4453 que
418 4392 543 4452 eminetis
562 4393 655 4449 obsunt,
674 4392 699 4439 iu

172 4629 256 4672 Vols·
276 4629 331 4671 111.
1091 4629 1112 4674 Β
