<?xml version="1.0" encoding="UTF-8"?>
<!DOCTYPE html PUBLIC "-//W3C//DTD XHTML 1.0 Transitional//EN"
    "http://www.w3.org/TR/xhtml1/DTD/xhtml1-transitional.dtd">
<html xmlns="http://www.w3.org/1999/xhtml" xml:lang="en" lang="en">
 <head>
  <title>
</title>
<meta http-equiv="Content-Type" content="text/html;charset=utf-8" />
  <meta name='ocr-system' content='tesseract 3.04.00' />
  <meta name='ocr-capabilities' content='ocr_page ocr_carea ocr_par ocr_line ocrx_word'/>
</head>
<body>
  <div class='ocr_page' id='page_1' title='image "./tliviipatavinih01crevgoog/tliviipatavinih01crevgoog_0126.png"; bbox 0 0 3094 4954; ppageno 0'>
   <div class='ocr_carea' id='block_1_1' title="bbox 233 325 295 388">
    <p class='ocr_par' dir='ltr' id='par_1_1' title="bbox 233 325 295 388">
     <span class='ocr_line' id='line_1_1' title="bbox 233 325 295 388; baseline -0.032 0"><span class='ocrx_word' id='word_1_1' title='bbox 233 325 295 388; x_wconf 85' lang='lat'>116</span> 
     </span>
    </p>
   </div>
   <div class='ocr_carea' id='block_1_2' title="bbox 233 491 367 606">
    <p class='ocr_par' dir='ltr' id='par_1_2' title="bbox 233 491 367 606">
     <span class='ocr_line' id='line_1_2' title="bbox 233 491 367 539; baseline -0.015 -1"><span class='ocrx_word' id='word_1_2' title='bbox 233 491 264 538; x_wconf 86' lang='lat' dir='ltr'>tt.</span> <span class='ocrx_word' id='word_1_3' title='bbox 272 493 300 539; x_wconf 80' lang='lat'>0.</span> <span class='ocrx_word' id='word_1_4' title='bbox 311 491 367 538; x_wconf 79' lang='lat' dir='ltr'>tot.</span> 
     </span>
     <span class='ocr_line' id='line_1_3' title="bbox 234 555 366 606; baseline -0.015 -2"><span class='ocrx_word' id='word_1_5' title='bbox 234 555 262 604; x_wconf 83' lang='grc' dir='ltr'>Δ.</span> <span class='ocrx_word' id='word_1_6' title='bbox 274 558 300 605; x_wconf 81' lang='lat' dir='ltr'>C.</span> <span class='ocrx_word' id='word_1_7' title='bbox 314 555 366 606; x_wconf 80' lang='grc'><strong>190.</strong></span> 
     </span>
    </p>
   </div>
   <div class='ocr_carea' id='block_1_3' title="bbox 817 313 1055 380">
    <p class='ocr_par' dir='ltr' id='par_1_3' title="bbox 817 313 1055 380">
     <span class='ocr_line' id='line_1_4' title="bbox 817 313 1055 380; baseline 0 -2"><span class='ocrx_word' id='word_1_8' title='bbox 817 315 909 380; x_wconf 81' lang='grc' dir='ltr'><strong>ΤΙΤΙ</strong></span> <span class='ocrx_word' id='word_1_9' title='bbox 939 313 1055 378; x_wconf 89' lang='lat' dir='ltr'>LlVll</span> 
     </span>
    </p>
   </div>
   <div class='ocr_carea' id='block_1_4' title="bbox 396 461 1483 975">
    <p class='ocr_par' dir='ltr' id='par_1_4' title="bbox 396 461 1483 975">
     <span class='ocr_line' id='line_1_5' title="bbox 396 461 1482 555; baseline -0.006 -21"><span class='ocrx_word' id='word_1_10' title='bbox 396 491 471 534; x_wconf 88' lang='lat' dir='ltr'>nem</span> <span class='ocrx_word' id='word_1_11' title='bbox 485 469 525 534; x_wconf 90' lang='lat' dir='ltr'>ab</span> <span class='ocrx_word' id='word_1_12' title='bbox 535 469 616 555; x_wconf 82' lang='lat' dir='ltr'>jugo</span> <span class='ocrx_word' id='word_1_13' title='bbox 631 468 739 531; x_wconf 89' lang='lat' dir='ltr'>decem</span> <span class='ocrx_word' id='word_1_14' title='bbox 754 465 862 530; x_wconf 88' lang='lat' dir='ltr'>cubita</span> <span class='ocrx_word' id='word_1_15' title='bbox 874 471 1045 542; x_wconf 86' lang='lat' dir='ltr'>exstantes,</span> <span class='ocrx_word' id='word_1_16' title='bbox 1058 461 1146 526; x_wconf 83' lang='lat' dir='ltr'>velut</span> <span class='ocrx_word' id='word_1_17' title='bbox 1161 482 1290 542; x_wconf 87' lang='lat' dir='ltr'>cornua,</span> <span class='ocrx_word' id='word_1_18' title='bbox 1304 461 1482 542; x_wconf 82' lang='lat' dir='ltr'>habebant3</span> 
     </span>
     <span class='ocr_line' id='line_1_6' title="bbox 397 549 1483 638; baseline -0.007 -20"><span class='ocrx_word' id='word_1_19' title='bbox 397 554 526 638; x_wconf 91' lang='lat' dir='ltr'>quibus,</span> <span class='ocrx_word' id='word_1_20' title='bbox 547 551 703 637; x_wconf 93' lang='lat' dir='ltr'>quidquid</span> <span class='ocrx_word' id='word_1_21' title='bbox 731 550 861 614; x_wconf 82' lang='lat' dir='ltr'>obvium</span> <span class='ocrx_word' id='word_1_22' title='bbox 885 549 1023 626; x_wconf 84' lang='lat' dir='ltr'>daretur,</span> <span class='ocrx_word' id='word_1_23' title='bbox 1046 555 1134 609; x_wconf 73' lang='lat' dir='ltr'>bans</span> <span class='ocrx_word' id='word_1_24' title='bbox 1197 555 1278 610; x_wconf 85' lang='lat' dir='ltr'>rent.</span> <span class='ocrx_word' id='word_1_25' title='bbox 1312 556 1345 610; x_wconf 89' lang='lat' dir='ltr'>et</span> <span class='ocrx_word' id='word_1_26' title='bbox 1371 549 1404 611; x_wconf 93' lang='lat' dir='ltr'>in</span> <span class='ocrx_word' id='word_1_27' title='bbox 1429 571 1483 612; x_wconf 87' lang='lat' dir='ltr'>ex·</span> 
     </span>
     <span class='ocr_line' id='line_1_7' title="bbox 397 631 1482 723; baseline -0.008 -20"><span class='ocrx_word' id='word_1_28' title='bbox 397 639 506 704; x_wconf 85' lang='lat' dir='ltr'>tremis</span> <span class='ocrx_word' id='word_1_29' title='bbox 516 637 606 723; x_wconf 83' lang='lat' dir='ltr'>jugis</span> <span class='ocrx_word' id='word_1_30' title='bbox 620 637 704 700; x_wconf 80' lang='lat' dir='ltr'>binae</span> <span class='ocrx_word' id='word_1_31' title='bbox 716 635 798 699; x_wconf 90' lang='lat' dir='ltr'>circa</span> <span class='ocrx_word' id='word_1_32' title='bbox 811 633 993 698; x_wconf 84' lang='lat' dir='ltr'><strong>eminebant</strong></span> <span class='ocrx_word' id='word_1_33' title='bbox 1007 631 1123 710; x_wconf 80' lang='lat' dir='ltr'>falces3</span> <span class='ocrx_word' id='word_1_34' title='bbox 1175 639 1242 693; x_wconf 89' lang='lat' dir='ltr'>tera</span> <span class='ocrx_word' id='word_1_35' title='bbox 1260 642 1384 714; x_wconf 76' lang='lat' dir='ltr'>aequata</span> <span class='ocrx_word' id='word_1_36' title='bbox 1392 633 1482 716; x_wconf 82' lang='lat' dir='ltr'>jugo,</span> 
     </span>
     <span class='ocr_line' id='line_1_8' title="bbox 397 715 1482 830; baseline -0.007 -44"><span class='ocrx_word' id='word_1_37' title='bbox 397 723 495 786; x_wconf 87' lang='lat' dir='ltr'>altera</span> <span class='ocrx_word' id='word_1_38' title='bbox 508 721 635 785; x_wconf 84' lang='lat' dir='ltr'>inferior</span> <span class='ocrx_word' id='word_1_39' title='bbox 649 721 683 783; x_wconf 93' lang='lat' dir='ltr'>in</span> <span class='ocrx_word' id='word_1_40' title='bbox 697 731 813 782; x_wconf 90' lang='lat' dir='ltr'>terram</span> <span class='ocrx_word' id='word_1_41' title='bbox 832 719 969 782; x_wconf 79' lang='lat' dir='ltr'>devexa:</span> <span class='ocrx_word' id='word_1_42' title='bbox 991 716 1055 794; x_wconf 87' lang='lat' dir='ltr'>illa,</span> <span class='ocrx_word' id='word_1_43' title='bbox 1077 723 1125 792; x_wconf 87' lang='lat' dir='ltr'>ut,</span> <span class='ocrx_word' id='word_1_44' title='bbox 1146 715 1303 830; x_wconf 85' lang='lat' dir='ltr'>quidquid</span> <span class='ocrx_word' id='word_1_45' title='bbox 1324 717 1364 780; x_wconf 94' lang='lat' dir='ltr'>ab</span> <span class='ocrx_word' id='word_1_46' title='bbox 1387 717 1482 778; x_wconf 86' lang='lat' dir='ltr'>latere</span> 
     </span>
     <span class='ocr_line' id='line_1_9' title="bbox 396 799 1482 892; baseline -0.007 -22"><span class='ocrx_word' id='word_1_47' title='bbox 396 807 596 892; x_wconf 90' lang='lat' dir='ltr'>objiceretur,</span> <span class='ocrx_word' id='word_1_48' title='bbox 622 803 836 868; x_wconf 75' lang='lat' dir='ltr'>abscinderetz</span> <span class='ocrx_word' id='word_1_49' title='bbox 859 803 938 880; x_wconf 79' lang='lat' dir='ltr'>haec,</span> <span class='ocrx_word' id='word_1_50' title='bbox 961 808 999 864; x_wconf 92' lang='lat' dir='ltr'>ut</span> <span class='ocrx_word' id='word_1_51' title='bbox 1026 799 1192 884; x_wconf 86' lang='lat' dir='ltr'>prolapsos</span> <span class='ocrx_word' id='word_1_52' title='bbox 1218 799 1228 831; x_wconf 91' lang='lat'><strong>¹</strong></span> <span class='ocrx_word' id='word_1_53' title='bbox 1250 799 1482 884; x_wconf 79' lang='lat' dir='ltr'>subeuntesque</span> 
     </span>
     <span class='ocr_line' id='line_1_10' title="bbox 397 883 1483 975; baseline -0.008 -20"><span class='ocrx_word' id='word_1_54' title='bbox 397 890 605 975; x_wconf 85' lang='lat' dir='ltr'>contingeret.</span> <span class='ocrx_word' id='word_1_55' title='bbox 641 889 718 953; x_wconf 87' lang='lat' dir='ltr'>item</span> <span class='ocrx_word' id='word_1_56' title='bbox 742 887 783 951; x_wconf 92' lang='lat' dir='ltr'>ab</span> <span class='ocrx_word' id='word_1_57' title='bbox 800 886 913 950; x_wconf 82' lang='lat' dir='ltr'>axibus</span> <span class='ocrx_word' id='word_1_58' title='bbox 933 893 1074 948; x_wconf 88' lang='lat' dir='ltr'>rotantm</span> <span class='ocrx_word' id='word_1_59' title='bbox 1094 883 1255 966; x_wconf 87' lang='lat' dir='ltr'>utrimque</span> <span class='ocrx_word' id='word_1_60' title='bbox 1269 883 1353 947; x_wconf 82' lang='lat' dir='ltr'>binae</span> <span class='ocrx_word' id='word_1_61' title='bbox 1374 885 1483 947; x_wconf 88' lang='lat' dir='ltr'>eodem</span> 
     </span>
    </p>
   </div>
   <div class='ocr_carea' id='block_1_5' title="bbox 398 967 1483 1143">
    <p class='ocr_par' dir='ltr' id='par_1_5' title="bbox 398 967 1483 1143">
     <span class='ocr_line' id='line_1_11' title="bbox 398 967 1483 1056; baseline -0.01 -17"><span class='ocrx_word' id='word_1_62' title='bbox 398 975 494 1039; x_wconf 91' lang='lat' dir='ltr'>modo</span> <span class='ocrx_word' id='word_1_63' title='bbox 517 974 648 1038; x_wconf 70' lang='lat' dir='ltr'>diversa</span> <span class='ocrx_word' id='word_1_64' title='bbox 673 971 893 1056; x_wconf 75' lang='lat' dir='ltr'>deligabantur</span> <span class='ocrx_word' id='word_1_65' title='bbox 919 969 1025 1032; x_wconf 84' lang='lat' dir='ltr'>falces.</span> <span class='ocrx_word' id='word_1_66' title='bbox 1069 967 1122 1031; x_wconf 88' lang='lat' dir='ltr'>Sic</span> <span class='ocrx_word' id='word_1_67' title='bbox 1145 979 1281 1030; x_wconf 79' lang='lat' dir='ltr'>mmatas</span> <span class='ocrx_word' id='word_1_68' title='bbox 1305 969 1483 1052; x_wconf 77' lang='lat' dir='ltr'>quadrigas,</span> 
     </span>
     <span class='ocr_line' id='line_1_12' title="bbox 399 1051 1483 1143; baseline -0.008 -20"><span class='ocrx_word' id='word_1_69' title='bbox 399 1059 485 1143; x_wconf 87' lang='lat' dir='ltr'>quia,</span> <span class='ocrx_word' id='word_1_70' title='bbox 508 1057 591 1122; x_wconf 91' lang='lat' dir='ltr'>siin</span> <span class='ocrx_word' id='word_1_71' title='bbox 613 1065 764 1133; x_wconf 85' lang='lat' dir='ltr'>extremo,</span> <span class='ocrx_word' id='word_1_72' title='bbox 787 1062 843 1118; x_wconf 89' lang='lat' dir='ltr'>aut</span> <span class='ocrx_word' id='word_1_73' title='bbox 864 1055 898 1118; x_wconf 91' lang='lat' dir='ltr'>in</span> <span class='ocrx_word' id='word_1_74' title='bbox 922 1053 1026 1116; x_wconf 92' lang='lat' dir='ltr'>medio</span> <span class='ocrx_word' id='word_1_75' title='bbox 1055 1051 1167 1115; x_wconf 77' lang='lat' dir='ltr'>locatae</span> <span class='ocrx_word' id='word_1_76' title='bbox 1190 1052 1304 1130; x_wconf 87' lang='lat' dir='ltr'>forent,</span> <span class='ocrx_word' id='word_1_77' title='bbox 1325 1074 1382 1137; x_wconf 89' lang='lat' dir='ltr'>per</span> <span class='ocrx_word' id='word_1_78' title='bbox 1409 1074 1483 1116; x_wconf 92' lang='lat' dir='ltr'>suos</span> 
     </span>
    </p>
   </div>
   <div class='ocr_carea' id='block_1_6' title="bbox 375 1135 1483 1228">
    <p class='ocr_par' dir='ltr' id='par_1_6' title="bbox 375 1135 1483 1228">
     <span class='ocr_line' id='line_1_13' title="bbox 375 1135 1483 1228; baseline -0.006 -21"><span class='ocrx_word' id='word_1_79' title='bbox 375 1169 379 1177; x_wconf 93' lang='lat'><em>·</em></span> <span class='ocrx_word' id='word_1_80' title='bbox 399 1143 530 1228; x_wconf 79' lang='lat' dir='ltr'>ageudae</span> <span class='ocrx_word' id='word_1_81' title='bbox 543 1149 643 1221; x_wconf 88' lang='lat' dir='ltr'>erant,</span> <span class='ocrx_word' id='word_1_82' title='bbox 658 1141 691 1204; x_wconf 94' lang='lat' dir='ltr'>in</span> <span class='ocrx_word' id='word_1_83' title='bbox 705 1139 808 1224; x_wconf 88' lang='lat' dir='ltr'>prima</span> <span class='ocrx_word' id='word_1_84' title='bbox 822 1138 897 1216; x_wconf 90' lang='lat' dir='ltr'>acie,</span> <span class='ocrx_word' id='word_1_85' title='bbox 911 1146 949 1200; x_wconf 91' lang='lat' dir='ltr'>ut</span> <span class='ocrx_word' id='word_1_86' title='bbox 963 1145 1036 1200; x_wconf 90' lang='lat' dir='ltr'>ante</span> <span class='ocrx_word' id='word_1_87' title='bbox 1049 1135 1240 1214; x_wconf 86' lang='lat' dir='ltr'>dictumest,</span> <span class='ocrx_word' id='word_1_88' title='bbox 1255 1135 1409 1200; x_wconf 76' lang='lat' dir='ltr'>locaverat</span> <span class='ocrx_word' id='word_1_89' title='bbox 1418 1159 1483 1200; x_wconf 84' lang='lat' dir='ltr'>rex.</span> 
     </span>
    </p>
   </div>
   <div class='ocr_carea' id='block_1_7' title="bbox 399 1221 1490 3754">
    <p class='ocr_par' dir='ltr' id='par_1_7' title="bbox 399 1221 1490 3333">
     <span class='ocr_line' id='line_1_14' title="bbox 401 1221 1485 1318; baseline -0.011 -24"><span class='ocrx_word' id='word_1_90' title='bbox 401 1227 498 1294; x_wconf 77' lang='lat' dir='ltr'>Quod</span> <span class='ocrx_word' id='word_1_91' title='bbox 512 1227 567 1290; x_wconf 91' lang='lat' dir='ltr'>ubi</span> <span class='ocrx_word' id='word_1_92' title='bbox 581 1227 742 1288; x_wconf 83' lang='lat' dir='ltr'>Eumenes</span> <span class='ocrx_word' id='word_1_93' title='bbox 750 1223 839 1301; x_wconf 89' lang='lat' dir='ltr'>vidit,</span> <span class='ocrx_word' id='word_1_94' title='bbox 849 1222 936 1286; x_wconf 90' lang='lat' dir='ltr'>haud</span> <span class='ocrx_word' id='word_1_95' title='bbox 946 1221 1075 1306; x_wconf 81' lang='lat' dir='ltr'>ignarus</span> <span class='ocrx_word' id='word_1_96' title='bbox 1085 1241 1213 1305; x_wconf 79' lang='lat' dir='ltr'>pugnae,</span> <span class='ocrx_word' id='word_1_97' title='bbox 1224 1229 1256 1282; x_wconf 87' lang='lat' dir='ltr'>at</span> <span class='ocrx_word' id='word_1_98' title='bbox 1265 1241 1360 1318; x_wconf 86' lang='lat' dir='ltr'>quam</span> <span class='ocrx_word' id='word_1_99' title='bbox 1370 1242 1485 1306; x_wconf 89' lang='lat' dir='ltr'>anceps</span> 
     </span>
     <span class='ocr_line' id='line_1_15' title="bbox 399 1303 1485 1391; baseline -0.006 -16"><span class='ocrx_word' id='word_1_100' title='bbox 399 1321 484 1376; x_wconf 88' lang='lat' dir='ltr'>esset</span> <span class='ocrx_word' id='word_1_101' title='bbox 507 1310 614 1374; x_wconf 79' lang='lat' dir='ltr'>auxilii</span> <span class='ocrx_word' id='word_1_102' title='bbox 682 1329 754 1386; x_wconf 90' lang='lat' dir='ltr'>nus,</span> <span class='ocrx_word' id='word_1_103' title='bbox 777 1307 898 1391; x_wconf 92' lang='lat' dir='ltr'>siquis</span> <span class='ocrx_word' id='word_1_104' title='bbox 921 1326 1070 1391; x_wconf 89' lang='lat' dir='ltr'>pavorem</span> <span class='ocrx_word' id='word_1_105' title='bbox 1093 1303 1194 1388; x_wconf 83' lang='lat' dir='ltr'>magis</span> <span class='ocrx_word' id='word_1_106' title='bbox 1216 1325 1306 1387; x_wconf 77' lang='lat' dir='ltr'>equis</span> <span class='ocrx_word' id='word_1_107' title='bbox 1334 1305 1485 1389; x_wconf 85' lang='lat' dir='ltr'>injiceret,</span> 
     </span>
     <span class='ocr_line' id='line_1_16' title="bbox 400 1387 1485 1480; baseline -0.006 -20"><span class='ocrx_word' id='word_1_108' title='bbox 400 1417 497 1480; x_wconf 90' lang='lat' dir='ltr'>quam</span> <span class='ocrx_word' id='word_1_109' title='bbox 514 1395 604 1480; x_wconf 89' lang='lat' dir='ltr'>justa</span> <span class='ocrx_word' id='word_1_110' title='bbox 663 1393 797 1457; x_wconf 88' lang='lat' dir='ltr'>oriretur</span> <span class='ocrx_word' id='word_1_111' title='bbox 816 1411 934 1477; x_wconf 80' lang='lat' dir='ltr'>pugna,</span> <span class='ocrx_word' id='word_1_112' title='bbox 956 1389 1125 1453; x_wconf 76' lang='lat' dir='ltr'>Cretenses</span> <span class='ocrx_word' id='word_1_113' title='bbox 1143 1387 1332 1472; x_wconf 78' lang='lat' dir='ltr'>sagittarios,</span> <span class='ocrx_word' id='word_1_114' title='bbox 1346 1390 1485 1453; x_wconf 84' lang='lat' dir='ltr'>fundito-</span> 
     </span>
     <span class='ocr_line' id='line_1_17' title="bbox 400 1473 1486 1564; baseline -0.006 -20"><span class='ocrx_word' id='word_1_115' title='bbox 400 1502 524 1564; x_wconf 88' lang='lat' dir='ltr'>resque,</span> <span class='ocrx_word' id='word_1_116' title='bbox 547 1479 611 1542; x_wconf 86' lang='lat' dir='ltr'>¹⁷et</span> <span class='ocrx_word' id='word_1_117' title='bbox 630 1477 820 1563; x_wconf 81' lang='lat' dir='ltr'>jaculatores</span> <span class='ocrx_word' id='word_1_118' title='bbox 841 1473 996 1558; x_wconf 89' lang='lat' dir='ltr'>equitum,</span> <span class='ocrx_word' id='word_1_119' title='bbox 1018 1495 1083 1536; x_wconf 91' lang='lat' dir='ltr'>non</span> <span class='ocrx_word' id='word_1_120' title='bbox 1108 1473 1276 1551; x_wconf 84' lang='lat' dir='ltr'>confertos,</span> <span class='ocrx_word' id='word_1_121' title='bbox 1300 1473 1365 1552; x_wconf 85' lang='lat' dir='ltr'>sed,</span> <span class='ocrx_word' id='word_1_122' title='bbox 1389 1495 1486 1556; x_wconf 90' lang='lat' dir='ltr'>quam</span> 
     </span>
     <span class='ocr_line' id='line_1_18' title="bbox 400 1557 1486 1648; baseline -0.006 -20"><span class='ocrx_word' id='word_1_123' title='bbox 400 1565 535 1628; x_wconf 80' lang='lat' dir='ltr'>maxime</span> <span class='ocrx_word' id='word_1_124' title='bbox 558 1571 699 1648; x_wconf 86' lang='lat' dir='ltr'>possent,</span> <span class='ocrx_word' id='word_1_125' title='bbox 724 1560 893 1645; x_wconf 89' lang='lat' dir='ltr'>dispersos,</span> <span class='ocrx_word' id='word_1_126' title='bbox 916 1579 1078 1621; x_wconf 84' lang='lat' dir='ltr'>excurrere</span> <span class='ocrx_word' id='word_1_127' title='bbox 1096 1557 1208 1641; x_wconf 85' lang='lat' dir='ltr'>jubet3</span> <span class='ocrx_word' id='word_1_128' title='bbox 1230 1557 1325 1620; x_wconf 91' lang='lat' dir='ltr'>simul</span> <span class='ocrx_word' id='word_1_129' title='bbox 1338 1559 1486 1621; x_wconf 90' lang='lat' dir='ltr'>omnibus</span> 
     </span>
     <span class='ocr_line' id='line_1_19' title="bbox 400 1641 1487 1734; baseline -0.006 -23"><span class='ocrx_word' id='word_1_130' title='bbox 400 1648 545 1734; x_wconf 88' lang='lat' dir='ltr'>partibus</span> <span class='ocrx_word' id='word_1_131' title='bbox 558 1645 621 1710; x_wconf 88' lang='lat' dir='ltr'>tela</span> <span class='ocrx_word' id='word_1_132' title='bbox 635 1646 785 1730; x_wconf 80' lang='lat' dir='ltr'>ingerere.</span> <span class='ocrx_word' id='word_1_133' title='bbox 822 1643 903 1706; x_wconf 86' lang='lat' dir='ltr'>Haec</span> <span class='ocrx_word' id='word_1_134' title='bbox 913 1641 1001 1708; x_wconf 85' lang='lat' dir='ltr'>velut</span> <span class='ocrx_word' id='word_1_135' title='bbox 1014 1641 1160 1726; x_wconf 87' lang='lat' dir='ltr'>procella,</span> <span class='ocrx_word' id='word_1_136' title='bbox 1175 1641 1290 1726; x_wconf 89' lang='lat' dir='ltr'>partim</span> <span class='ocrx_word' id='word_1_137' title='bbox 1304 1641 1487 1706; x_wconf 84' lang='lat' dir='ltr'>vttlneribus</span> 
     </span>
     <span class='ocr_line' id='line_1_20' title="bbox 400 1725 1487 1812; baseline -0.006 -17"><span class='ocrx_word' id='word_1_138' title='bbox 400 1731 568 1796; x_wconf 89' lang='lat' dir='ltr'>missilium</span> <span class='ocrx_word' id='word_1_139' title='bbox 590 1729 731 1812; x_wconf 89' lang='lat' dir='ltr'>undique</span> <span class='ocrx_word' id='word_1_140' title='bbox 756 1727 981 1812; x_wconf 88' lang='lat' dir='ltr'>conjectorum,</span> <span class='ocrx_word' id='word_1_141' title='bbox 1002 1725 1118 1811; x_wconf 91' lang='lat' dir='ltr'>partim</span> <span class='ocrx_word' id='word_1_142' title='bbox 1138 1725 1326 1790; x_wconf 88' lang='lat' dir='ltr'>clamoribus</span> <span class='ocrx_word' id='word_1_143' title='bbox 1341 1727 1487 1806; x_wconf 87' lang='lat' dir='ltr'>dissonis,</span> 
     </span>
     <span class='ocr_line' id='line_1_21' title="bbox 401 1809 1488 1896; baseline -0.005 -17"><span class='ocrx_word' id='word_1_144' title='bbox 401 1815 447 1879; x_wconf 89' lang='lat' dir='ltr'>ita</span> <span class='ocrx_word' id='word_1_145' title='bbox 469 1813 682 1878; x_wconf 87' lang='lat' dir='ltr'>consternavit</span> <span class='ocrx_word' id='word_1_146' title='bbox 707 1833 816 1896; x_wconf 88' lang='lat' dir='ltr'>equos,</span> <span class='ocrx_word' id='word_1_147' title='bbox 840 1819 878 1874; x_wconf 91' lang='lat' dir='ltr'>ut</span> <span class='ocrx_word' id='word_1_148' title='bbox 906 1819 1046 1896; x_wconf 86' lang='lat' dir='ltr'>repente,</span> <span class='ocrx_word' id='word_1_149' title='bbox 1074 1809 1162 1874; x_wconf 88' lang='lat' dir='ltr'>velut</span> <span class='ocrx_word' id='word_1_150' title='bbox 1189 1810 1340 1889; x_wconf 82' lang='lat' dir='ltr'>effienati,</span> <span class='ocrx_word' id='word_1_151' title='bbox 1368 1812 1488 1896; x_wconf 88' lang='lat' dir='ltr'>passim</span> 
     </span>
     <span class='ocr_line' id='line_1_22' title="bbox 400 1893 1489 1980; baseline -0.003 -18"><span class='ocrx_word' id='word_1_152' title='bbox 400 1899 521 1962; x_wconf 91' lang='lat' dir='ltr'>incerto</span> <span class='ocrx_word' id='word_1_153' title='bbox 536 1919 632 1962; x_wconf 85' lang='lat' dir='ltr'>cursu</span> <span class='ocrx_word' id='word_1_154' title='bbox 646 1897 821 1960; x_wconf 80' lang='lat' dir='ltr'>ferrantur:</span> <span class='ocrx_word' id='word_1_155' title='bbox 844 1917 981 1978; x_wconf 86' lang='lat' dir='ltr'>quorum</span> <span class='ocrx_word' id='word_1_156' title='bbox 998 1895 1126 1980; x_wconf 84' lang='lat' dir='ltr'>inpetus</span> <span class='ocrx_word' id='word_1_157' title='bbox 1137 1901 1170 1957; x_wconf 88' lang='lat' dir='ltr'>et</span> <span class='ocrx_word' id='word_1_158' title='bbox 1183 1893 1260 1957; x_wconf 87' lang='lat' dir='ltr'>levis</span> <span class='ocrx_word' id='word_1_159' title='bbox 1274 1904 1440 1974; x_wconf 81' lang='lat' dir='ltr'>armatura,</span> <span class='ocrx_word' id='word_1_160' title='bbox 1456 1907 1489 1959; x_wconf 86' lang='lat' dir='ltr'>et</span> 
     </span>
     <span class='ocr_line' id='line_1_23' title="bbox 402 1977 1487 2069; baseline -0.004 -21"><span class='ocrx_word' id='word_1_161' title='bbox 402 1983 540 2069; x_wconf 86' lang='lat' dir='ltr'>expediti</span> <span class='ocrx_word' id='word_1_162' title='bbox 554 1981 741 2058; x_wconf 84' lang='lat' dir='ltr'>funditores,</span> <span class='ocrx_word' id='word_1_163' title='bbox 756 1988 788 2044; x_wconf 92' lang='lat' dir='ltr'>et</span> <span class='ocrx_word' id='word_1_164' title='bbox 801 1977 894 2043; x_wconf 83' lang='lat' dir='ltr'>volox</span> <span class='ocrx_word' id='word_1_165' title='bbox 909 1979 1070 2042; x_wconf 86' lang='lat' dir='ltr'>Cretensis</span> <span class='ocrx_word' id='word_1_166' title='bbox 1084 1987 1245 2042; x_wconf 88' lang='lat' dir='ltr'>momento</span> <span class='ocrx_word' id='word_1_167' title='bbox 1269 1979 1487 2044; x_wconf 84' lang='lat' dir='ltr'>declinabant:</span> 
     </span>
     <span class='ocr_line' id='line_1_24' title="bbox 402 2063 1489 2152; baseline -0.006 -19"><span class='ocrx_word' id='word_1_168' title='bbox 402 2076 435 2132; x_wconf 87' lang='lat' dir='ltr'>et</span> <span class='ocrx_word' id='word_1_169' title='bbox 451 2089 547 2152; x_wconf 92' lang='lat' dir='ltr'>eques</span> <span class='ocrx_word' id='word_1_170' title='bbox 568 2065 764 2150; x_wconf 89' lang='lat' dir='ltr'>insequendo</span> <span class='ocrx_word' id='word_1_171' title='bbox 781 2063 957 2128; x_wconf 86' lang='lat' dir='ltr'>tumultum</span> <span class='ocrx_word' id='word_1_172' title='bbox 982 2085 1019 2126; x_wconf 93' lang='lat' dir='ltr'>ac</span> <span class='ocrx_word' id='word_1_173' title='bbox 1039 2083 1188 2148; x_wconf 87' lang='lat' dir='ltr'>pavorem</span> <span class='ocrx_word' id='word_1_174' title='bbox 1206 2063 1296 2146; x_wconf 92' lang='lat' dir='ltr'>equis</span> <span class='ocrx_word' id='word_1_175' title='bbox 1320 2063 1489 2127; x_wconf 82' lang='lat' dir='ltr'>&#39;&#39;camelis-</span> 
     </span>
     <span class='ocr_line' id='line_1_25' title="bbox 402 2147 1490 2237; baseline -0.004 -21"><span class='ocrx_word' id='word_1_176' title='bbox 402 2173 476 2236; x_wconf 89' lang='lat' dir='ltr'>que,</span> <span class='ocrx_word' id='word_1_177' title='bbox 497 2159 530 2216; x_wconf 90' lang='lat' dir='ltr'>et</span> <span class='ocrx_word' id='word_1_178' title='bbox 545 2151 623 2237; x_wconf 92' lang='lat' dir='ltr'>ipsis</span> <span class='ocrx_word' id='word_1_179' title='bbox 644 2149 738 2214; x_wconf 92' lang='lat' dir='ltr'>simul</span> <span class='ocrx_word' id='word_1_180' title='bbox 759 2147 979 2226; x_wconf 86' lang='lat' dir='ltr'>consternatis,</span> <span class='ocrx_word' id='word_1_181' title='bbox 997 2147 1143 2232; x_wconf 80' lang='lat' dir='ltr'>augebat,</span> <span class='ocrx_word' id='word_1_182' title='bbox 1161 2147 1296 2210; x_wconf 88' lang='lat' dir='ltr'>elamore</span> <span class='ocrx_word' id='word_1_183' title='bbox 1317 2155 1349 2211; x_wconf 89' lang='lat' dir='ltr'>et</span> <span class='ocrx_word' id='word_1_184' title='bbox 1367 2149 1407 2212; x_wconf 90' lang='lat' dir='ltr'>ab</span> <span class='ocrx_word' id='word_1_185' title='bbox 1428 2149 1490 2212; x_wconf 86' lang='lat' dir='ltr'>alia</span> 
     </span>
     <span class='ocr_line' id='line_1_26' title="bbox 402 2231 1489 2333; baseline -0.006 -31"><span class='ocrx_word' id='word_1_186' title='bbox 402 2235 676 2302; x_wconf 86' lang='lat' dir='ltr'>circumstantium</span> <span class='ocrx_word' id='word_1_187' title='bbox 685 2234 785 2333; x_wconf 30' lang='lat' dir='ltr'>‘turba</span> <span class='ocrx_word' id='word_1_188' title='bbox 794 2232 963 2329; x_wconf 80' lang='lat' dir='ltr'>multiplici</span> <span class='ocrx_word' id='word_1_189' title='bbox 978 2231 1109 2317; x_wconf 85' lang='lat' dir='ltr'>adjecto.</span> <span class='ocrx_word' id='word_1_190' title='bbox 1133 2232 1184 2296; x_wconf 89' lang='lat' dir='ltr'>lta</span> <span class='ocrx_word' id='word_1_191' title='bbox 1197 2232 1301 2329; x_wconf 78' lang='lat' dir='ltr'>medio</span> <span class='ocrx_word' id='word_1_192' title='bbox 1312 2232 1489 2331; x_wconf 39' lang='lat' dir='ltr'>&#39;interdum</span> 
     </span>
     <span class='ocr_line' id='line_1_27' title="bbox 401 2316 1490 2488; baseline -0.017 -17"><span class='ocrx_word' id='word_1_193' title='bbox 401 2342 624 2470; x_wconf 54' lang='lat' dir='ltr'>stiffi</span> <span class='ocrx_word' id='word_1_194' title='bbox 644 2316 1490 2488; x_wconf 51' lang='lat' dir='ltr'>antiatintlttttlitiiiiit</span> 
     </span>
     <span class='ocr_line' id='line_1_28' title="bbox 402 2497 1489 2668; baseline -0.001 -32"><span class='ocrx_word' id='word_1_195' title='bbox 402 2497 728 2667; x_wconf 47' lang='lat' dir='ltr'>curpqquestbm</span> <span class='ocrx_word' id='word_1_196' title='bbox 742 2591 823 2668; x_wconf 77' lang='lat' dir='ltr'>yona</span> <span class='ocrx_word' id='word_1_197' title='bbox 842 2571 896 2634; x_wconf 86' lang='lat' dir='ltr'>illa</span> <span class='ocrx_word' id='word_1_198' title='bbox 917 2591 967 2634; x_wconf 90' lang='lat' dir='ltr'>res</span> <span class='ocrx_word' id='word_1_199' title='bbox 981 2591 1063 2635; x_wconf 82' lang='lat' dir='ltr'>verae</span> <span class='ocrx_word' id='word_1_200' title='bbox 1081 2591 1157 2635; x_wconf 85' lang='lat' dir='ltr'>mox</span> <span class='ocrx_word' id='word_1_201' title='bbox 1175 2569 1274 2634; x_wconf 93' lang='lat' dir='ltr'>cladis</span> <span class='ocrx_word' id='word_1_202' title='bbox 1291 2591 1403 2634; x_wconf 72' lang='lat' dir='ltr'>mussa</span> <span class='ocrx_word' id='word_1_203' title='bbox 1417 2571 1489 2636; x_wconf 86' lang='lat' dir='ltr'>fuit.</span> 
     </span>
     <span class='ocr_line' id='line_1_29' title="bbox 402 2654 1489 2740; baseline 0.001 -21"><span class='ocrx_word' id='word_1_204' title='bbox 402 2655 519 2720; x_wconf 85' lang='lat' dir='ltr'>auxilia</span> <span class='ocrx_word' id='word_1_205' title='bbox 532 2655 617 2719; x_wconf 92' lang='lat' dir='ltr'>enim</span> <span class='ocrx_word' id='word_1_206' title='bbox 630 2654 826 2733; x_wconf 75' lang='lat' dir='ltr'>subsidens,</span> <span class='ocrx_word' id='word_1_207' title='bbox 846 2676 919 2738; x_wconf 83' lang='lat' dir='ltr'>quae</span> <span class='ocrx_word' id='word_1_208' title='bbox 933 2655 1077 2740; x_wconf 88' lang='lat' dir='ltr'>proxima</span> <span class='ocrx_word' id='word_1_209' title='bbox 1091 2655 1193 2720; x_wconf 91' lang='lat' dir='ltr'>locata</span> <span class='ocrx_word' id='word_1_210' title='bbox 1205 2663 1305 2733; x_wconf 76' lang='lat' dir='ltr'>erarn,</span> <span class='ocrx_word' id='word_1_211' title='bbox 1326 2677 1442 2740; x_wconf 84' lang='lat' dir='ltr'>pavore</span> <span class='ocrx_word' id='word_1_212' title='bbox 1457 2667 1489 2720; x_wconf 89' lang='lat' dir='ltr'>et</span> 
     </span>
     <span class='ocr_line' id='line_1_30' title="bbox 402 2738 1489 2825; baseline 0.001 -22"><span class='ocrx_word' id='word_1_213' title='bbox 402 2739 655 2803; x_wconf 86' lang='lat' dir='ltr'>consternatione</span> <span class='ocrx_word' id='word_1_214' title='bbox 678 2738 902 2823; x_wconf 69' lang='lat' dir='ltr'>quadrigarum</span> <span class='ocrx_word' id='word_1_215' title='bbox 925 2739 1043 2818; x_wconf 86' lang='lat' dir='ltr'>territa,</span> <span class='ocrx_word' id='word_1_216' title='bbox 1064 2748 1097 2803; x_wconf 90' lang='lat' dir='ltr'>et</span> <span class='ocrx_word' id='word_1_217' title='bbox 1120 2739 1190 2824; x_wconf 92' lang='lat' dir='ltr'>ipsa</span> <span class='ocrx_word' id='word_1_218' title='bbox 1210 2740 1244 2804; x_wconf 89' lang='lat' dir='ltr'>in</span> <span class='ocrx_word' id='word_1_219' title='bbox 1266 2739 1375 2825; x_wconf 82' lang='lat' dir='ltr'>fugam</span> <span class='ocrx_word' id='word_1_220' title='bbox 1388 2763 1489 2820; x_wconf 89' lang='lat' dir='ltr'>versa,</span> 
     </span>
     <span class='ocr_line' id='line_1_31' title="bbox 402 2822 1489 2923; baseline 0 -35"><span class='ocrx_word' id='word_1_221' title='bbox 402 2823 564 2888; x_wconf 88' lang='lat' dir='ltr'>nudarunt</span> <span class='ocrx_word' id='word_1_222' title='bbox 591 2822 698 2887; x_wconf 90' lang='lat' dir='ltr'>omnia</span> <span class='ocrx_word' id='word_1_223' title='bbox 725 2844 827 2922; x_wconf 90' lang='lat' dir='ltr'>usque</span> <span class='ocrx_word' id='word_1_224' title='bbox 855 2823 897 2888; x_wconf 90' lang='lat' dir='ltr'>sd</span> <span class='ocrx_word' id='word_1_225' title='bbox 926 2825 1143 2923; x_wconf 82' lang='lat' dir='ltr'>cataphractos</span> <span class='ocrx_word' id='word_1_226' title='bbox 1171 2823 1303 2908; x_wconf 85' lang='lat' dir='ltr'>equites.</span> <span class='ocrx_word' id='word_1_227' title='bbox 1338 2825 1379 2888; x_wconf 93' lang='lat' dir='ltr'>ad</span> <span class='ocrx_word' id='word_1_228' title='bbox 1408 2845 1489 2909; x_wconf 92' lang='lat' dir='ltr'>quos</span> 
     </span>
     <span class='ocr_line' id='line_1_32' title="bbox 403 2907 1488 3024; baseline 0.001 -52"><span class='ocrx_word' id='word_1_229' title='bbox 403 2929 513 2994; x_wconf 92' lang='lat' dir='ltr'>quum,</span> <span class='ocrx_word' id='word_1_230' title='bbox 528 2908 687 3007; x_wconf 88' lang='lat' dir='ltr'>dissipatis</span> <span class='ocrx_word' id='word_1_231' title='bbox 703 2907 1070 3024; x_wconf 76' lang='lat' dir='ltr'>subsidiis,perven1sset</span> <span class='ocrx_word' id='word_1_232' title='bbox 1084 2908 1243 2992; x_wconf 88' lang='lat' dir='ltr'>equitatus</span> <span class='ocrx_word' id='word_1_233' title='bbox 1259 2910 1432 2988; x_wconf 87' lang='lat' dir='ltr'>Romanus,</span> <span class='ocrx_word' id='word_1_234' title='bbox 1450 2933 1488 2973; x_wconf 88' lang='lat' dir='ltr'>ne</span> 
     </span>
     <span class='ocr_line' id='line_1_33' title="bbox 403 2993 1488 3080; baseline 0 -22"><span class='ocrx_word' id='word_1_235' title='bbox 403 2993 542 3080; x_wconf 87' lang='lat' dir='ltr'>primum</span> <span class='ocrx_word' id='word_1_236' title='bbox 556 2994 684 3078; x_wconf 78' lang='lat' dir='ltr'>quidem</span> <span class='ocrx_word' id='word_1_237' title='bbox 698 2993 844 3080; x_wconf 89' lang='lat' dir='ltr'>inpetum</span> <span class='ocrx_word' id='word_1_238' title='bbox 859 2995 870 3026; x_wconf 85' lang='lat'><strong>¹</strong></span> <span class='ocrx_word' id='word_1_239' title='bbox 891 3015 965 3078; x_wconf 88' lang='lat' dir='ltr'>pars</span> <span class='ocrx_word' id='word_1_240' title='bbox 980 3015 1089 3058; x_wconf 90' lang='lat' dir='ltr'>eorum</span> <span class='ocrx_word' id='word_1_241' title='bbox 1103 2993 1332 3058; x_wconf 88' lang='lat' dir='ltr'>sustinuerunt.</span> <span class='ocrx_word' id='word_1_242' title='bbox 1360 2993 1413 3057; x_wconf 89' lang='lat' dir='ltr'>alii</span> <span class='ocrx_word' id='word_1_243' title='bbox 1426 2995 1488 3058; x_wconf 87' lang='lat' dir='ltr'>fusi</span> 
     </span>
     <span class='ocr_line' id='line_1_34' title="bbox 404 3079 1488 3164; baseline 0.001 -21"><span class='ocrx_word' id='word_1_244' title='bbox 404 3087 500 3159; x_wconf 83' lang='lat' dir='ltr'>sunt3</span> <span class='ocrx_word' id='word_1_245' title='bbox 530 3079 581 3143; x_wconf 90' lang='lat' dir='ltr'>alii</span> <span class='ocrx_word' id='word_1_246' title='bbox 609 3087 740 3164; x_wconf 83' lang='lat' dir='ltr'>propter</span> <span class='ocrx_word' id='word_1_247' title='bbox 768 3079 954 3163; x_wconf 78' lang='lat' dir='ltr'>gravitatem</span> <span class='ocrx_word' id='word_1_248' title='bbox 981 3086 1237 3163; x_wconf 82' lang='lat' dir='ltr'>tegumentorum</span> <span class='ocrx_word' id='word_1_249' title='bbox 1267 3099 1488 3164; x_wconf 91' lang='lat' dir='ltr'>armorumque</span> 
     </span>
     <span class='ocr_line' id='line_1_35' title="bbox 404 3163 1488 3248; baseline 0 -20"><span class='ocrx_word' id='word_1_250' title='bbox 404 3163 547 3248; x_wconf 83' lang='lat' dir='ltr'>obpressi</span> <span class='ocrx_word' id='word_1_251' title='bbox 570 3171 655 3227; x_wconf 91' lang='lat' dir='ltr'>sunt.</span> <span class='ocrx_word' id='word_1_252' title='bbox 698 3163 817 3226; x_wconf 85' lang='lat' dir='ltr'>Totum</span> <span class='ocrx_word' id='word_1_253' title='bbox 840 3163 953 3226; x_wconf 90' lang='lat' dir='ltr'>deinde</span> <span class='ocrx_word' id='word_1_254' title='bbox 974 3163 1090 3227; x_wconf 80' lang='lat' dir='ltr'>laevum</span> <span class='ocrx_word' id='word_1_255' title='bbox 1119 3185 1218 3228; x_wconf 88' lang='lat' dir='ltr'>cornu</span> <span class='ocrx_word' id='word_1_256' title='bbox 1245 3163 1426 3242; x_wconf 82' lang='lat' dir='ltr'>inclinavit3</span> <span class='ocrx_word' id='word_1_257' title='bbox 1448 3175 1488 3243; x_wconf 76' lang='lat' dir='ltr'>et,</span> 
     </span>
     <span class='ocr_line' id='line_1_36' title="bbox 404 3246 1488 3333; baseline 0.002 -23"><span class='ocrx_word' id='word_1_258' title='bbox 404 3247 540 3310; x_wconf 87' lang='lat' dir='ltr'>turbatis</span> <span class='ocrx_word' id='word_1_259' title='bbox 563 3246 776 3326; x_wconf 80' lang='lat' dir='ltr'>auxiliaribus,</span> <span class='ocrx_word' id='word_1_260' title='bbox 797 3247 854 3331; x_wconf 93' lang='lat' dir='ltr'>qui</span> <span class='ocrx_word' id='word_1_261' title='bbox 877 3247 960 3310; x_wconf 89' lang='lat' dir='ltr'>inter</span> <span class='ocrx_word' id='word_1_262' title='bbox 981 3248 1146 3332; x_wconf 67' lang='lat' dir='ltr'>equitum,</span> <span class='ocrx_word' id='word_1_263' title='bbox 1168 3255 1200 3312; x_wconf 88' lang='lat' dir='ltr'>et</span> <span class='ocrx_word' id='word_1_264' title='bbox 1225 3270 1306 3331; x_wconf 92' lang='lat' dir='ltr'>quos</span> <span class='ocrx_word' id='word_1_265' title='bbox 1329 3248 1488 3333; x_wconf 83' lang='lat' dir='ltr'>adpellant</span> 
     </span>
    </p>

    <p class='ocr_par' dir='ltr' id='par_1_8' title="bbox 403 3329 1487 3754">
     <span class='ocr_line' id='line_1_37' title="bbox 427 3329 1487 3418; baseline 0.003 -24"><span class='ocrx_word' id='word_1_266' title='bbox 427 3329 613 3415; x_wconf 82' lang='lat' dir='ltr'>halangitas,</span> <span class='ocrx_word' id='word_1_267' title='bbox 636 3339 736 3410; x_wconf 87' lang='lat' dir='ltr'>erant,</span> <span class='ocrx_word' id='word_1_268' title='bbox 758 3353 798 3394; x_wconf 90' lang='lat' dir='ltr'>us</span> <span class='ocrx_word' id='word_1_269' title='bbox 821 3353 860 3394; x_wconf 90' lang='lat' dir='ltr'>ue</span> <span class='ocrx_word' id='word_1_270' title='bbox 885 3332 926 3396; x_wconf 90' lang='lat' dir='ltr'>ad</span> <span class='ocrx_word' id='word_1_271' title='bbox 947 3332 1082 3395; x_wconf 89' lang='lat' dir='ltr'>mediam</span> <span class='ocrx_word' id='word_1_272' title='bbox 1104 3333 1202 3396; x_wconf 89' lang='lat' dir='ltr'>aciem</span> <span class='ocrx_word' id='word_1_273' title='bbox 1221 3341 1322 3396; x_wconf 87' lang='lat' dir='ltr'>terror</span> <span class='ocrx_word' id='word_1_274' title='bbox 1335 3335 1487 3418; x_wconf 87' lang='lat' dir='ltr'>pervenit</span> 
     </span>
     <span class='ocr_line' id='line_1_38' title="bbox 403 3353 1487 3516; baseline 0.003 -37"><span class='ocrx_word' id='word_1_275' title='bbox 403 3353 458 3480; x_wconf 83' lang='lat' dir='ltr'>lbi</span> <span class='ocrx_word' id='word_1_276' title='bbox 470 3415 565 3478; x_wconf 89' lang='lat' dir='ltr'>simul</span> <span class='ocrx_word' id='word_1_277' title='bbox 577 3415 787 3500; x_wconf 89' lang='lat' dir='ltr'>perturbatio</span> <span class='ocrx_word' id='word_1_278' title='bbox 828 3416 834 3430; x_wconf 92' lang='lat'>&#39;</span> <span class='ocrx_word' id='word_1_279' title='bbox 860 3437 905 3496; x_wconf 89' lang='lat' dir='ltr'>es,</span> <span class='ocrx_word' id='word_1_280' title='bbox 924 3425 957 3480; x_wconf 90' lang='lat' dir='ltr'>et</span> <span class='ocrx_word' id='word_1_281' title='bbox 973 3416 1134 3514; x_wconf 78' lang='lat' dir='ltr'>inpeditus</span> <span class='ocrx_word' id='word_1_282' title='bbox 1158 3416 1337 3481; x_wconf 88' lang='lat' dir='ltr'>intercursu</span> <span class='ocrx_word' id='word_1_283' title='bbox 1358 3439 1487 3516; x_wconf 78' lang='lat' dir='ltr'>suorum</span> 
     </span>
     <span class='ocr_line' id='line_1_39' title="bbox 404 3499 1487 3670; baseline 0.003 -23"><span class='ocrx_word' id='word_1_284' title='bbox 404 3499 1487 3670; x_wconf 47' lang='lat' dir='ltr'>iiiiiiintimizit‘ssitdtiittttttssii</span> 
     </span>
     <span class='ocr_line' id='line_1_40' title="bbox 404 3667 1486 3754; baseline 0.004 -22"><span class='ocrx_word' id='word_1_285' title='bbox 404 3689 445 3732; x_wconf 89' lang='lat' dir='ltr'>ne</span> <span class='ocrx_word' id='word_1_286' title='bbox 467 3667 645 3754; x_wconf 89' lang='lat' dir='ltr'>interpositi</span> <span class='ocrx_word' id='word_1_287' title='bbox 668 3669 797 3754; x_wconf 88' lang='lat' dir='ltr'>quidem</span> <span class='ocrx_word' id='word_1_288' title='bbox 821 3667 980 3752; x_wconf 90' lang='lat' dir='ltr'>elephanti</span> <span class='ocrx_word' id='word_1_289' title='bbox 1000 3669 1133 3734; x_wconf 87' lang='lat' dir='ltr'>militem</span> <span class='ocrx_word' id='word_1_290' title='bbox 1152 3671 1332 3734; x_wconf 87' lang='lat' dir='ltr'>Romanum</span> <span class='ocrx_word' id='word_1_291' title='bbox 1354 3671 1486 3736; x_wconf 84' lang='lat' dir='ltr'>deterre</span> 
     </span>
    </p>
   </div>
   <div class='ocr_carea' id='block_1_8' title="bbox 785 3832 1075 3893">
    <p class='ocr_par' dir='ltr' id='par_1_9' title="bbox 785 3832 1075 3893">
     <span class='ocr_line' id='line_1_41' title="bbox 785 3832 1075 3893; baseline 0 -15"><span class='ocrx_word' id='word_1_292' title='bbox 785 3833 806 3863; x_wconf 58' lang='grc' dir='ltr'><strong>Μ</strong></span> <span class='ocrx_word' id='word_1_293' title='bbox 817 3833 913 3893; x_wconf 71' lang='lat' dir='ltr'>equites·</span> <span class='ocrx_word' id='word_1_294' title='bbox 924 3832 996 3878; x_wconf 85' lang='lat' dir='ltr'>Gron.</span> <span class='ocrx_word' id='word_1_295' title='bbox 1009 3833 1075 3880; x_wconf 79' lang='lat' dir='ltr'>Cres.</span> 
     </span>
    </p>
   </div>
   <div class='ocr_carea' id='block_1_9' title="bbox 241 3983 1486 4110">
    <p class='ocr_par' dir='ltr' id='par_1_10' title="bbox 241 3983 1486 4110">
     <span class='ocr_line' id='line_1_42' title="bbox 241 3983 1485 4048; baseline -0.001 -14"><span class='ocrx_word' id='word_1_296' title='bbox 241 3985 324 4048; x_wconf 80' lang='lat' dir='ltr'>pidum</span> <span class='ocrx_word' id='word_1_297' title='bbox 339 3983 471 4045; x_wconf 72' lang='lat' dir='ltr'>longitudo,</span> <span class='ocrx_word' id='word_1_298' title='bbox 483 3991 507 4032; x_wconf 88' lang='lat' dir='ltr'>et</span> <span class='ocrx_word' id='word_1_299' title='bbox 517 3984 586 4032; x_wconf 87' lang='lat' dir='ltr'>simui</span> <span class='ocrx_word' id='word_1_300' title='bbox 598 3991 625 4032; x_wconf 94' lang='lat' dir='ltr'>ut</span> <span class='ocrx_word' id='word_1_301' title='bbox 636 3985 758 4046; x_wconf 77' lang='lat' dir='ltr'>raspidum</span> <span class='ocrx_word' id='word_1_302' title='bbox 770 3985 849 4031; x_wconf 82' lang='lat' dir='ltr'>currui</span> <span class='ocrx_word' id='word_1_303' title='bbox 882 3991 935 4031; x_wconf 81' lang='lat' dir='ltr'>tsss</span> <span class='ocrx_word' id='word_1_304' title='bbox 969 3985 1034 4032; x_wconf 84' lang='lat' dir='ltr'>Inirs</span> <span class='ocrx_word' id='word_1_305' title='bbox 1050 3985 1114 4032; x_wconf 83' lang='lat' dir='ltr'>enirn</span> <span class='ocrx_word' id='word_1_306' title='bbox 1132 3994 1232 4046; x_wconf 88' lang='lat' dir='ltr'>qustuor</span> <span class='ocrx_word' id='word_1_307' title='bbox 1243 3987 1334 4033; x_wconf 83' lang='lat' dir='ltr'>dissrss</span> <span class='ocrx_word' id='word_1_308' title='bbox 1345 3999 1436 4046; x_wconf 78' lang='lat' dir='ltr'>genera</span> <span class='ocrx_word' id='word_1_309' title='bbox 1448 3988 1485 4033; x_wconf 86' lang='lat' dir='ltr'>dis</span> 
     </span>
     <span class='ocr_line' id='line_1_43' title="bbox 241 4049 1486 4110; baseline 0 -13"><span class='ocrx_word' id='word_1_310' title='bbox 241 4049 369 4110; x_wconf 84' lang='lat' dir='ltr'>unicuique</span> <span class='ocrx_word' id='word_1_311' title='bbox 380 4049 503 4096; x_wconf 83' lang='lat' dir='ltr'>sfflssrurn</span> <span class='ocrx_word' id='word_1_312' title='bbox 514 4062 625 4095; x_wconf 84' lang='lat' dir='ltr'>numerus</span> <span class='ocrx_word' id='word_1_313' title='bbox 636 4057 737 4096; x_wconf 84' lang='lat' dir='ltr'>notetur.</span> <span class='ocrx_word' id='word_1_314' title='bbox 763 4049 849 4094; x_wconf 80' lang='lat' dir='ltr'>Brsts-</span> <span class='ocrx_word' id='word_1_315' title='bbox 882 4049 1023 4108; x_wconf 84' lang='lat' dir='ltr'>tinguuntur</span> <span class='ocrx_word' id='word_1_316' title='bbox 1033 4063 1114 4096; x_wconf 87' lang='lat' dir='ltr'>eorum</span> <span class='ocrx_word' id='word_1_317' title='bbox 1126 4051 1166 4110; x_wconf 89' lang='lat' dir='ltr'>qui</span> <span class='ocrx_word' id='word_1_318' title='bbox 1184 4051 1309 4110; x_wconf 81' lang='lat' dir='ltr'>quadrigas</span> <span class='ocrx_word' id='word_1_319' title='bbox 1325 4050 1377 4096; x_wconf 90' lang='lat' dir='ltr'>illss</span> <span class='ocrx_word' id='word_1_320' title='bbox 1395 4053 1486 4110; x_wconf 79' lang='lat' dir='ltr'>expuis</span> 
     </span>
    </p>
   </div>
   <div class='ocr_carea' id='block_1_10' title="bbox 241 4111 1485 4238">
    <p class='ocr_par' dir='ltr' id='par_1_11' title="bbox 241 4111 1485 4238">
     <span class='ocr_line' id='line_1_44' title="bbox 241 4111 1485 4174; baseline 0 -13"><span class='ocrx_word' id='word_1_321' title='bbox 241 4115 299 4162; x_wconf 81' lang='lat' dir='ltr'>bsnt</span> <span class='ocrx_word' id='word_1_322' title='bbox 309 4113 381 4173; x_wconf 84' lang='lat' dir='ltr'>igitur</span> <span class='ocrx_word' id='word_1_323' title='bbox 389 4125 419 4160; x_wconf 81' lang='lat' dir='ltr'>ex</span> <span class='ocrx_word' id='word_1_324' title='bbox 427 4125 568 4172; x_wconf 63' lang='lat' dir='ltr'>unoqumue</span> <span class='ocrx_word' id='word_1_325' title='bbox 576 4125 645 4158; x_wconf 78' lang='lat' dir='ltr'>sunu</span> <span class='ocrx_word' id='word_1_326' title='bbox 654 4112 735 4158; x_wconf 82' lang='lat' dir='ltr'>decem</span> <span class='ocrx_word' id='word_1_327' title='bbox 744 4112 851 4172; x_wconf 82' lang='lat' dir='ltr'>cuspides</span> <span class='ocrx_word' id='word_1_328' title='bbox 882 4121 953 4158; x_wconf 83' lang='lat' dir='ltr'>runt:</span> <span class='ocrx_word' id='word_1_329' title='bbox 973 4113 1027 4160; x_wconf 75' lang='lat' dir='ltr'>levis</span> <span class='ocrx_word' id='word_1_330' title='bbox 1040 4121 1165 4170; x_wconf 75' lang='lat' dir='ltr'>matera,</span> <span class='ocrx_word' id='word_1_331' title='bbox 1177 4115 1277 4174; x_wconf 65' lang='lat' dir='ltr'>expediti</span> <span class='ocrx_word' id='word_1_332' title='bbox 1280 4111 1422 4174; x_wconf 70' lang='lat' dir='ltr'>funditores,</span> <span class='ocrx_word' id='word_1_333' title='bbox 1434 4117 1485 4162; x_wconf 77' lang='lat' dir='ltr'>vele</span> 
     </span>
     <span class='ocr_line' id='line_1_45' title="bbox 241 4175 1090 4238; baseline -0.001 -14"><span class='ocrx_word' id='word_1_334' title='bbox 241 4179 271 4224; x_wconf 92' lang='lat' dir='ltr'>sd</span> <span class='ocrx_word' id='word_1_335' title='bbox 284 4177 356 4223; x_wconf 86' lang='lat' dir='ltr'>cubiti</span> <span class='ocrx_word' id='word_1_336' title='bbox 367 4177 436 4223; x_wconf 88' lang='lat' dir='ltr'>unlus</span> <span class='ocrx_word' id='word_1_337' title='bbox 447 4175 626 4236; x_wconf 72' lang='lat' dir='ltr'>longitudinem.</span> <span class='ocrx_word' id='word_1_338' title='bbox 884 4177 1004 4230; x_wconf 79' lang='lat' dir='ltr'>Cretessis,</span> <span class='ocrx_word' id='word_1_339' title='bbox 1016 4191 1090 4238; x_wconf 75' lang='lat' dir='ltr'>eques.</span> 
     </span>
    </p>
   </div>
   <div class='ocr_carea' id='block_1_11' title="bbox 273 4235 1485 4302">
    <p class='ocr_par' dir='ltr' id='par_1_12' title="bbox 273 4235 1485 4302">
     <span class='ocr_line' id='line_1_46' title="bbox 273 4235 1485 4302; baseline 0 -14"><span class='ocrx_word' id='word_1_340' title='bbox 273 4239 306 4288; x_wconf 75' lang='lat'>26</span> <span class='ocrx_word' id='word_1_341' title='bbox 322 4235 481 4300; x_wconf 68' lang='lat' dir='ltr'>&#39;Sabesstsd</span> <span class='ocrx_word' id='word_1_342' title='bbox 510 4239 557 4287; x_wconf 76' lang='lat' dir='ltr'>Bos</span> <span class='ocrx_word' id='word_1_343' title='bbox 576 4238 617 4298; x_wconf 91' lang='lat' dir='ltr'>qui</span> <span class='ocrx_word' id='word_1_344' title='bbox 639 4239 721 4285; x_wconf 78' lang='lat' dir='ltr'>subtus</span> <span class='ocrx_word' id='word_1_345' title='bbox 740 4237 849 4284; x_wconf 83' lang='lat' dir='ltr'>secedere</span> <span class='ocrx_word' id='word_1_346' title='bbox 913 4239 945 4285; x_wconf 75' lang='lat'>28</span> <span class='ocrx_word' id='word_1_347' title='bbox 963 4240 1102 4300; x_wconf 66' lang='lat' dir='ltr'>canaque</span> <span class='ocrx_word' id='word_1_348' title='bbox 1119 4246 1142 4287; x_wconf 85' lang='lat' dir='ltr'>et</span> <span class='ocrx_word' id='word_1_349' title='bbox 1158 4237 1226 4302; x_wconf 77' lang='lat' dir='ltr'>ipsis]</span> <span class='ocrx_word' id='word_1_350' title='bbox 1244 4239 1277 4286; x_wconf 80' lang='lat' dir='ltr'>Et</span> <span class='ocrx_word' id='word_1_351' title='bbox 1294 4240 1390 4287; x_wconf 79' lang='lat' dir='ltr'>camelis</span> <span class='ocrx_word' id='word_1_352' title='bbox 1402 4255 1485 4302; x_wconf 91' lang='lat' dir='ltr'>quoqu</span> 
     </span>
    </p>
   </div>
   <div class='ocr_carea' id='block_1_12' title="bbox 242 4313 388 4351">
    <p class='ocr_par' dir='ltr' id='par_1_13' title="bbox 242 4313 388 4351">
     <span class='ocr_line' id='line_1_47' title="bbox 242 4313 388 4351; baseline 0 -1"><span class='ocrx_word' id='word_1_353' title='bbox 242 4313 388 4351; x_wconf 51' lang='lat' dir='ltr'>dommilus.</span> 
     </span>
    </p>
   </div>
   <div class='ocr_carea' id='block_1_13' title="bbox 883 4301 1299 4364">
    <p class='ocr_par' dir='ltr' id='par_1_14' title="bbox 883 4301 1299 4364">
     <span class='ocr_line' id='line_1_48' title="bbox 883 4301 1299 4364; baseline 0.002 -16"><span class='ocrx_word' id='word_1_354' title='bbox 883 4301 948 4364; x_wconf 86' lang='lat' dir='ltr'>lpsls,</span> <span class='ocrx_word' id='word_1_355' title='bbox 961 4303 1001 4362; x_wconf 88' lang='lat' dir='ltr'>qul</span> <span class='ocrx_word' id='word_1_356' title='bbox 1013 4303 1083 4349; x_wconf 83' lang='lat' dir='ltr'>sicini</span> <span class='ocrx_word' id='word_1_357' title='bbox 1095 4305 1214 4364; x_wconf 70' lang='lat' dir='ltr'>quadrigis</span> <span class='ocrx_word' id='word_1_358' title='bbox 1226 4311 1299 4349; x_wconf 78' lang='lat' dir='ltr'>etant.</span> 
     </span>
    </p>
   </div>
   <div class='ocr_carea' id='block_1_14' title="bbox 242 4359 1485 4490">
    <p class='ocr_par' dir='ltr' id='par_1_15' title="bbox 242 4359 1485 4490">
     <span class='ocr_line' id='line_1_49' title="bbox 275 4359 1485 4430; baseline 0 -16"><span class='ocrx_word' id='word_1_359' title='bbox 275 4367 306 4422; x_wconf 76' lang='lat'>27</span> <span class='ocrx_word' id='word_1_360' title='bbox 322 4359 623 4430; x_wconf 70' lang='lat' dir='ltr'>utjmtatmssqstrsn]</span> <span class='ocrx_word' id='word_1_361' title='bbox 641 4364 851 4424; x_wconf 76' lang='lat' dir='ltr'>Etesequitibus,</span> <span class='ocrx_word' id='word_1_362' title='bbox 915 4366 947 4414; x_wconf 75' lang='grc'>29</span> <span class='ocrx_word' id='word_1_363' title='bbox 962 4364 1128 4428; x_wconf 76' lang='lat' dir='ltr'>Persem]</span> <span class='ocrx_word' id='word_1_364' title='bbox 1153 4367 1227 4414; x_wconf 72' lang='lat' dir='ltr'>Valde</span> <span class='ocrx_word' id='word_1_365' title='bbox 1246 4373 1360 4427; x_wconf 70' lang='lat' dir='ltr'>suspects</span> <span class='ocrx_word' id='word_1_366' title='bbox 1385 4376 1445 4414; x_wconf 91' lang='lat' dir='ltr'>sunt</span> <span class='ocrx_word' id='word_1_367' title='bbox 1462 4369 1485 4414; x_wconf 85' lang='lat' dir='ltr'>lu</span> 
     </span>
     <span class='ocr_line' id='line_1_50' title="bbox 242 4427 1485 4490; baseline 0.004 -16"><span class='ocrx_word' id='word_1_368' title='bbox 242 4443 281 4476; x_wconf 86' lang='lat' dir='ltr'>sos</span> <span class='ocrx_word' id='word_1_369' title='bbox 293 4431 577 4490; x_wconf 77' lang='lat' dir='ltr'>quljscuhtoresassent.</span> <span class='ocrx_word' id='word_1_370' title='bbox 598 4427 649 4476; x_wconf 82' lang='lat' dir='ltr'>Nisi</span> <span class='ocrx_word' id='word_1_371' title='bbox 661 4428 681 4476; x_wconf 91' lang='lat' dir='ltr'>si</span> <span class='ocrx_word' id='word_1_372' title='bbox 693 4427 751 4474; x_wconf 78' lang='lat' dir='ltr'>torte</span> <span class='ocrx_word' id='word_1_373' title='bbox 762 4429 851 4488; x_wconf 83' lang='lat' dir='ltr'>aliquid</span> <span class='ocrx_word' id='word_1_374' title='bbox 883 4429 936 4475; x_wconf 77' lang='lat' dir='ltr'>dus</span> <span class='ocrx_word' id='word_1_375' title='bbox 955 4443 1030 4484; x_wconf 84' lang='lat' dir='ltr'>voces,</span> <span class='ocrx_word' id='word_1_376' title='bbox 1048 4437 1073 4477; x_wconf 87' lang='lat' dir='ltr'>et</span> <span class='ocrx_word' id='word_1_377' title='bbox 1090 4431 1118 4478; x_wconf 92' lang='lat' dir='ltr'>iis</span> <span class='ocrx_word' id='word_1_378' title='bbox 1140 4431 1221 4478; x_wconf 78' lang='lat' dir='ltr'>recisis</span> <span class='ocrx_word' id='word_1_379' title='bbox 1239 4443 1320 4476; x_wconf 87' lang='lat' dir='ltr'>senssn</span> <span class='ocrx_word' id='word_1_380' title='bbox 1341 4431 1485 4478; x_wconf 84' lang='lat' dir='ltr'>nihilominu</span> 
     </span>
    </p>
   </div>
   <div class='ocr_carea' id='block_1_15' title="bbox 242 4491 1082 4554">
    <p class='ocr_par' dir='ltr' id='par_1_16' title="bbox 242 4491 1082 4554">
     <span class='ocr_line' id='line_1_51' title="bbox 242 4491 1082 4554; baseline 0.004 -17"><span class='ocrx_word' id='word_1_381' title='bbox 242 4491 280 4538; x_wconf 76' lang='lat' dir='ltr'>bie</span> <span class='ocrx_word' id='word_1_382' title='bbox 291 4492 385 4549; x_wconf 70' lang='lat' dir='ltr'>suddit,</span> <span class='ocrx_word' id='word_1_383' title='bbox 393 4495 461 4554; x_wconf 84' lang='lat' dir='ltr'>qosle</span> <span class='ocrx_word' id='word_1_384' title='bbox 473 4501 533 4541; x_wconf 80' lang='lat' dir='ltr'>esset</span> <span class='ocrx_word' id='word_1_385' title='bbox 544 4508 593 4540; x_wconf 78' lang='lat' dir='ltr'>cass</span> <span class='ocrx_word' id='word_1_386' title='bbox 604 4493 689 4554; x_wconf 80' lang='lat' dir='ltr'>oliqsst</span> <span class='ocrx_word' id='word_1_387' title='bbox 698 4493 778 4539; x_wconf 78' lang='lat' dir='ltr'>tsmls</span> <span class='ocrx_word' id='word_1_388' title='bbox 788 4493 852 4554; x_wconf 78' lang='lat' dir='ltr'>eqsl·</span> <span class='ocrx_word' id='word_1_389' title='bbox 884 4492 974 4552; x_wconf 80' lang='lat' dir='ltr'>integer</span> <span class='ocrx_word' id='word_1_390' title='bbox 985 4499 1082 4540; x_wconf 77' lang='lat' dir='ltr'>mnstst.</span> 
     </span>
    </p>
   </div>
   <div class='ocr_carea' id='block_1_16' title="bbox 0 0 1563 4954">
    <p class='ocr_par' dir='ltr' id='par_1_17' title="bbox 0 0 1563 4954">
     <span class='ocr_line' id='line_1_52' title="bbox 0 0 1563 4954; baseline 0 0"><span class='ocrx_word' id='word_1_391' title='bbox 0 0 1563 4954; x_wconf 95' lang='lat' dir='ltr'> </span> 
     </span>
    </p>
   </div>
  </div>
 </body>
</html>
