3118 5002
479 308 566 372 LlB.
591 309 702 373 XLll.
734 311 830 376 CAP.
852 311 984 378 XXIX.
1330 325 1391 390 351

137 459 293 610 pusginta
306 479 373 522 non
386 456 493 522 minus
507 457 664 522 adessent.
699 467 862 543 praeeunte
875 461 971 526 verba
985 461 1109 548 Lepido
1122 467 1229 549 ponti-
1243 480 1270 526 u.
1281 481 1307 528 c.
1320 483 1375 528 uto.

162 568 198 609 ce
220 545 370 621 maximo,
394 541 429 606 id
441 549 552 606 votum
575 551 760 628 susceptum
778 553 837 608 eet.
879 545 930 610 Eo
952 567 1036 612 anno
1051 550 1229 618 sacerdotes
1242 545 1269 594 A
1282 547 1308 596 ⁰·
1325 547 1374 602 ¹⁷2·

136 630 259 714 publici
289 626 417 705 monui,
439 626 479 690 L.
502 626 654 690 AEmilius
684 628 791 726 Papus
819 629 976 696 decemvir
1004 653 1175 712 sacrorum,
1196 644 1229 700 et

137 715 181 780 Q.
197 714 329 778 Fulvius
354 711 487 774 Flaccus
508 711 661 808 pontifex,
685 733 741 796 qm
759 713 863 797 priore
881 736 964 779 anno
982 715 1085 780 fuerat
1106 739 1224 784 censor.

139 798 205 861 Hic
227 799 309 862 foeda
332 805 434 860 morte
456 795 560 880 penit.
603 795 655 858 Ex
677 797 803 862 duobus
826 798 899 862 filiis
925 799 1005 884 ejus,
1025 800 1081 884 qui
1103 810 1173 868 tum
1192 803 1227 870 iu

138 883 266 966 Illyrico
293 881 481 958 militabant,
509 879 697 946 nunciatum
724 881 858 946 alterum
887 883 1067 963 decessisse,
1092 885 1225 952 alterum

195 967 226 1030 vi
240 977 272 1030 et
283 965 460 1051 periculoso
473 965 585 1028 morbo
599 987 721 1050 aegrum
733 987 812 1030 esse.
841 967 959 1032 Obruit
974 968 1115 1036 animum
1131 972 1225 1036 simul
1298 1049 1304 1060 θ

149 1059 243 1114 uctus
269 1057 455 1147 metusque:
491 1069 584 1114 mane
613 1049 747 1134 ingressi
780 1050 962 1118 cubiculum
998 1054 1079 1120 servi
1112 1054 1224 1154 laqueo
1239 1047 1379 1098 ⁸¹¹¹l¹¹¹¹¹⁸·

137 1135 369 1219 dependentem
389 1154 546 1197 mvenere.
589 1133 668 1196 Erat
692 1134 810 1219 opinio,
834 1145 908 1221 post
931 1158 1097 1204 censuram
1117 1117 1386 1224 miuus{¹1¹1',}⁰s,⁸,¹‡,¹⁵,¹{¹

135 1227 315 1304 compotem
330 1217 427 1281 titisse
443 1217 512 1281 suit
533 1217 630 1302 tulga
645 1218 784 1282 Junonis
798 1220 938 1286 Laciniae
959 1221 1038 1286 iram
1052 1223 1125 1286 obs
1148 1223 1223 1290 olia—
1344 1195 1359 1237 ⁸
1381 1211 1386 1223 ⁵

134 1312 205 1366 tum
215 1304 373 1388 templum
384 1301 535 1366 alienasse
550 1310 689 1366 mentem
704 1303 855 1368 ferebant.
878 1304 1047 1370 subfectus
1058 1305 1092 1370 in
1145 1308 1224 1374 milii

134 1387 240 1452 locum
264 1386 420 1452 decemvir
443 1387 492 1450 M.
507 1387 653 1450 Valerius
669 1387 836 1452 Messallae
859 1388 892 1452 in
921 1389 1024 1454 Fulvii
1052 1390 1223 1476 ”pontifex

136 1470 198 1535 Cn.
227 1471 388 1535 Domitius
416 1470 659 1550 Ahenobarbus,
689 1472 807 1558 oppido
839 1473 1020 1540 adolescens
1055 1476 1223 1542 sacerdosh

134 1554 310 1704 lechXlX.
334 1639 368 1702 Ρ.
384 1639 516 1719 licinio,
532 1640 570 1706 C.
587 1639 698 1704 Cassio
713 1641 907 1720 consulibus,
922 1663 986 1708 non
1002 1643 1079 1708 urbs
1094 1652 1220 1712 tantum
1235 1668 1368 1716 u.c.ss1.

133 1725 247 1802 Roma,
262 1745 321 1788 nee
334 1731 417 1788 terra
432 1725 533 1804 Italia,
552 1725 608 1790 sed
628 1746 738 1789 omnes
762 1747 852 1811 reges
869 1727 1084 1812 civitatesque,
1099 1750 1171 1812 quse
1186 1729 1220 1794 in
1235 1733 1261 1778 Α·
1274 1733 1300 1808 ⁰:
1314 1732 1368 1808 .¹⁷.¹·

133 1808 275 1894 Europa,
288 1829 423 1892 quaeque
436 1809 470 1872 in
484 1809 562 1874 Asia
575 1817 675 1888 erant,
697 1819 915 1876 converterant
929 1811 1050 1876 animos
1063 1812 1097 1876 in
1112 1835 1219 1878 curam
1234 1795 1258 1904 g
1272 1796 1371 1906 {ffiff’

132 1893 334 1958 Macedonici
347 1915 384 1957 ac
400 1893 536 1958 Romani
554 1894 636 1959 belli.
681 1895 859 1960 Eumenem
881 1917 981 1980 quum
995 1905 1087 1961 vetus
1110 1897 1219 1962 odium
1233 1892 1297 1969 cus.

132 1978 326 2057 stimulabat,
339 1987 409 2042 tum
422 2001 532 2042 recens
545 1978 600 2058 ira,
615 1981 702 2064 quod
717 1979 831 2044 scelere
846 1980 914 2065 ejus
929 2001 1028 2065 prope
1042 1990 1079 2044 ut
1092 1981 1219 2048 victima
1234 1986 1366 2062 seponitur

131 2071 288 2128 mactatas
314 2063 450 2149 Delphis
477 2072 571 2128 esset.
615 2064 752 2143 Prusias,
783 2065 943 2149 Bithynia.
972 2086 1037 2142 rex,
1067 2073 1219 2132 statuerat
1232 2060 1375 2158 35:³⁸5·-

131 2147 290 2211 abstinere
319 2147 424 2227 aruris,
453 2157 665 2232 eventumque
694 2157 884 2233 exspectare.
927 2170 1002 2214 nam
1029 2171 1132 2247 neque
1160 2172 1218 2236 pro
1231 2129 1363 2236 affligi„

132 2231 286 2296 Romanis
309 2253 342 2295 se
364 2254 491 2318 aequum
507 2233 653 2297 censere¹
667 2233 818 2296 adversus
840 2233 969 2296 fratrem
997 2254 1104 2298 uxoris
1132 2256 1219 2298 arms
1233 2239 1385 2286 Romanus

130 2315 235 2395 ferre3
256 2325 288 2380 et
310 2318 397 2402 apud
412 2319 526 2382 Persea
539 2318 690 2382 victorem
703 2317 827 2382 veniam
846 2338 904 2400 per
920 2337 1059 2382 sororem
1082 2317 1219 2402 inpetra-
1232 2301 1325 2350 ΡΜ·

130 2399 227 2464 bilem
240 2401 316 2466 fore.
359 2401 551 2480 Ariarathes,
567 2401 794 2487 Cappadocum
817 2422 883 2480 rex,
904 2402 1220 2516 praeterquamquod

132 2485 283 2550 Romanis
298 2507 356 2550 suo
371 2486 498 2550 nomine
511 2487 627 2550 auxilia
640 2485 800 2572 pollicitus
815 2493 891 2565 erat,
936 2507 974 2548 ex
989 2507 1053 2569 quo
1069 2495 1117 2548 est
1125 2486 1220 2572 juno-

129 2577 185 2632 tus
201 2569 337 2634 Eumeni
351 2571 524 2650 adfinitate,
538 2571 571 2634 in
586 2570 776 2634 omniabelli
807 2571 933 2655 acieque
944 2591 977 2634 se
987 2571 1221 2638 consociaverat

130 2653 270 2718 consilia.
312 2655 491 2719 Antiochus
517 2655 691 2720 inminebat
723 2593 851 2740 quidem
880 2655 1015 2740 AEgypti
1049 2677 1158 2741 regno,
1186 2665 1219 2722 et

130 2737 149 2768 '¹
161 2739 329 2822 pueritiam
352 2739 445 2824 regis,
469 2748 501 2803 et
527 2739 672 2804 inertiam
696 2749 839 2804 tutorum
868 2761 1038 2838 spemcus3
1060 2749 1092 2806 et
1119 2740 1218 2807 ambi-

129 2824 233 2908 gendo
249 2824 287 2886 de
303 2823 390 2888 Coele
400 2823 514 2908 Syria¹1
529 2846 673 2888 caussam
684 2825 758 2888 belli
771 2847 803 2888 ae
814 2825 998 2888 habiturum
1009 2825 1218 2904 existimabat,

128 2917 357 3054 §statumque
383 2908 449 2972 sine
474 2909 541 2972 ullo
564 2909 791 2996 inpedimento,
813 2909 977 2993 occupatis
1004 2907 1156 2972 Romanis
1184 2909 1217 2972 in

171 2992 339 3056 acedouico
351 2991 444 3071 bello,
458 2993 492 3056 id
506 2993 644 3056 bellum:
659 3001 766 3058 tamen
779 2992 886 3060 omnia
899 3000 932 3056 et
946 3012 1003 3076 per
1014 3012 1088 3054 suos
1098 2991 1218 3074 legatos

129 3076 264 3155 senatui,
279 3085 311 3140 et
330 3075 398 3162 ipse
416 3077 527 3162 legatis
550 3099 660 3140 eorum
680 3077 793 3140 eximie
814 3075 974 3160 pollicitus
993 3083 1069 3137 erat.
1114 3074 1218 3137 Ptole-

128 3181 231 3222 maeus
251 3170 381 3246 propter
402 3170 528 3226 aetatem
547 3161 641 3226 alieni
656 3162 834 3226 etiamtum
849 3159 969 3223 arbitrii
984 3166 1060 3223 erat.
1096 3167 1217 3222 tutores

128 3253 162 3306 et
189 3243 308 3310 bellum
336 3245 486 3310 adversus
514 3246 710 3310 Antiochum
736 3245 900 3332 parabant,
930 3265 993 3329 quo
1022 3243 1218 3308 vindicarent

127 3327 151 3359 ’²
161 3327 272 3394 caten
288 3329 412 3414 Syriam
419 3330 438 3408 ¹,
459 3339 491 3396 et
514 3331 667 3395 Romanis
689 3331 796 3394 omnia
809 3328 1040 3416 pollicebantur
1054 3329 1095 3392 ad
1109 3329 1218 3394 Mace-

128 3412 280 3476 donicum
294 3413 423 3478 bellum.
466 3415 638 3479 Masinissa
659 3423 691 3479 et
714 3415 873 3478 frumento
891 3414 1025 3500 juvabat
1046 3415 1217 3492 Romanos,

128 3505 162 3559 et
187 3497 398 3562 auxiliacum
423 3497 599 3584 elephantis
624 3500 884 3584 Misagenemque
906 3499 1008 3562 filium
1032 3499 1155 3561 mittere
1177 3499 1218 3562 ad

128 3581 249 3646 bellum
263 3581 403 3666 parabat.
439 3583 570 3649 consilis
587 3593 693 3650 autem
707 3583 740 3646 in
756 3605 883 3646 omnem
907 3583 1067 3646 fortunam
1086 3581 1131 3646 ita
1154 3583 1218 3648 dis-

127 3664 234 3750 posita
247 3665 399 3730 habebat:
423 3665 450 3730 si
465 3689 562 3751 penes
579 3669 738 3731 Romanos
753 3667 882 3730 victoria
895 3675 988 3745 esset,
1003 3687 1077 3729 suas
1091 3688 1218 3750 quoque

161 3835 177 3873 ¹¹
188 3841 242 3888 add.
255 3849 288 3890 est
301 3841 396 3902 Kreyss.
410 3843 485 3890 sest.
636 3838 644 3876 ¹
655 3858 725 3904 aeque
739 3843 848 3890 amam
856 3858 920 3902 posse
931 3857 1018 3904 aeqasss
1029 3858 1118 3890 emere
1131 3844 1195 3892 Eud.

195 3899 208 3938 ¹
221 3905 344 3968 Μανία
355 3908 428 3956 Grou.
438 3907 506 3955 Cres.
635 3901 642 3938 ¹
657 3907 802 3967 celesyriam
815 3905 887 3953 Grou.
924 3907 1085 3968 celessyriam
1098 3908 1166 3954 cres.

162 4051 194 4100 ω
211 4049 464 4114 Faustianum&
480 4053 607 4100 odotem
623 4047 738 4112 emessa]
771 4049 928 4112 aratjsssetas.

130 4115 284 4163 Manifestum
301 4125 429 4164 attente
441 4114 592 4173 adscendet,
604 4115 739 4177 aeprcinds
803 4113 833 4162 st
852 4113 979 4161 Psars'ttass
990 4111 1062 4175 repis]
1080 4115 1104 4162 1s
1116 4123 1166 4162 erat
1177 4114 1315 4162 aaronem
1327 4113 1382 4162 l’hi·

127 4179 257 4226 detentam
268 4195 326 4227 esse.
772 4179 878 4233 tornetas,
900 4177 962 4224 tillus
983 4177 1102 4224 Ptolemal
1125 4177 1263 4237 Epiphania,
1283 4177 1313 4226 de
1335 4193 1382 4238 quo

160 4243 196 4294 90
211 4243 249 4290 a«
270 4259 313 4306 pas
336 4249 370 4291 eat
382 4241 479 4304 jasetss
500 4243 597 4290 Bassi
617 4238 739 4300 Mate]
772 4241 860 4288 mentio
869 4241 929 4288 lecta
939 4249 975 4288 est
986 4242 1002 4288 l.
1014 4241 1103 4290 xxxt.
1114 4241 1203 4298 caet
1214 4239 1269 4286 alibi
1280 4241 1373 4300 asapius.

128 4305 249 4354 Eumenes
261 4321 358 4354 atamen
369 4309 470 4353 eluserat
482 4305 611 4353 Ariarathis
623 4305 702 4359 Aliam,
715 4312 741 4350 ut
804 4305 835 4353 92
853 4299 1026 4366 Goelsnsyrs'aas]
1046 4305 1083 4350 Sic
1092 4304 1208 4352 edendum
1221 4304 1311 4354 censuit
1320 4305 1380 4352 Gro-

126 4369 248 4430 eclllgitus
263 4385 294 4417 ea
314 4371 329 4418 l.
347 4369 484 4418 xxxvttt.
504 4384 524 4416 c.
543 4369 583 4424 ³9,
598 4383 676 4430 supra.
711 4367 740 4414 lli
773 4368 948 4426 nodus‚quum
963 4368 988 4414 in
1005 4367 1192 4426 scriptulessstur
1205 4367 1380 4429 coemeram

126 4448 215 4480 maten
230 4435 302 4482 fuisse
321 4435 463 4482 Stratonem
482 4434 549 4480 docet
562 4433 699 4478 Plutarchus
716 4431 741 4476 in
776 4429 952 4490 σπι-κοίλην
965 4428 1065 4490 Συρίαν.
1101 4429 1194 4488 Vulgsti
1207 4430 1359 4492 Coehepm

125 4497 170 4546 lib.
178 4499 208 4546 de
222 4499 284 4546 ΡΜ.
293 4499 386 4545 Amore.
405 4499 515 4544 Ceterum
526 4497 649 4544 mallemus
660 4509 688 4544 ex
699 4509 742 4555 qao
