3098 4958
189 357 254 420 474
764 345 859 411 'rm
891 343 1008 410 mvn

190 521 257 569 uc.
268 519 323 566 soa.
353 497 484 562 ament
497 495 610 576 inuecti,
624 494 780 558 sumunt
798 511 875 572 eura,
893 493 1042 574 petates
1061 495 1322 576 constantiamque
1344 493 1452 556 ln&-

191 587 221 632 Δ.
232 585 259 632 c·
273 583 326 638 167.
353 589 449 658 twoa,
464 579 596 660 aifidem
609 579 653 642 ad
663 576 910 658 altimemsratri
918 578 1125 658 prestitisset.

191 673 331 720 sentisne·
398 665 476 730 XX.
506 665 586 728 Hoec
612 662 686 746 plus
711 661 836 725 valuere
860 661 895 724 in
920 661 1022 724 Attali
1051 661 1166 724 animo.
1209 661 1325 745 ltaque
1351 662 1452 725 intro

191 743 305 848 ‘iffi‘
356 753 473 816 ductus
495 748 530 812 in
553 755 709 823 senatum,
723 745 902 829 gratulatus
924 745 1123 824 vicufiamu,
1145 753 1178 808 et
1201 766 1261 808 sua
1279 747 1396 810 merita
1417 769 1453 809 eo

355 835 440 900 bello
462 832 640 914 fratrisque,
665 829 692 892 ai
713 851 777 914 qua
798 838 898 908 erant,
913 837 946 894 et
960 829 1128 894 Gallorum
1141 829 1366 909 defectionem,
1382 854 1453 914 que

354 941 459 1003 nuper
481 917 603 1002 ingenti
629 923 720 978 motu
744 915 828 978 facta
852 923 930 992 erat,
950 915 1108 998 exposuit.
1152 915 1256 992 Petiit,
1276 924 1316 978 ut
1331 916 1454 1000 legatos

355 1005 495 1068 mitteret
522 1001 563 1065 ad
585 1021 650 1078 eos,
673 1021 810 1082 quonam
834 998 1020 1062 auctoritate
1044 999 1083 1062 ab
1109 999 1205 1062 mmis
1232 1009 1455 1063 avocarentur.

358 1089 420 1152 His
441 1109 500 1172 pro
518 1085 609 1170 regni
629 1085 766 1148 utilitate
786 1083 879 1147 editis
898 1084 1067 1163 mandatis,
1081 1085 1205 1156 AEnum
1219 1083 1328 1147 sibiet
1344 1085 1456 1148 Maro-

357 1195 449 1236 neam
473 1171 575 1256 petiit.
621 1170 672 1232 lta
693 1169 846 1232 destituta
866 1190 976 1232 eorum
999 1191 1067 1254 spe,
1091 1168 1157 1252 qui,
1176 1169 1271 1232 fiatm
1293 1179 1455 1248 accusato,

357 1257 560 1374 partitionem
575 1253 666 1353 regni
684 1253 860 1340 petiturum
879 1253 1087 1332 crediderant,
1108 1253 1283 1316 ''curiam¹
1309 1255 1456 1318 excessit.

391 1342 460 1407 Uty
489 1363 561 1406 raro
590 1339 665 1403 altas
693 1339 872 1422 quisquam,
897 1360 954 1402 rex
975 1346 1031 1402 aut
1053 1337 1207 1423 privatus,
1231 1347 1325 1401 tanto
1349 1339 1456 1402 favore

359 1435 513 1512 tantoque
535 1425 679 1489 omnium
701 1424 838 1488 adsensu
860 1431 910 1486 est
933 1425 1081 1501 auditus3
1102 1422 1252 1486 omnibus
1277 1423 1456 1487 honoribus

360 1511 620 1593 muneribusque,
639 1517 672 1572 et
693 1529 834 1593 praesens
849 1517 899 1572 est
913 1508 1029 1586 cultus,
1050 1516 1083 1572 et
1104 1507 1363 1593 proficiscentem
1385 1531 1456 1594 pm-

197 1607 343 1656 Rbodiorum
361 1596 462 1660 secuti
477 1603 563 1660 eunt.
607 1593 696 1656 Inter
709 1593 827 1656 multas
841 1593 928 1657 Asiae
952 1593 1148 1676 Graciaeque
1169 1593 1345 1678 legationes
1371 1595 1458 1657 Rho-

197 1671 276 1731 ¹⁸⁹⁶·
360 1681 486 1744 diorum
509 1677 644 1742 maxime
671 1677 767 1774 legati
789 1676 951 1741 civitatem
977 1685 1211 1742 convertenmt
1247 1699 1325 1742 nam
1355 1699 1457 1762 quum

360 1765 463 1848 primo
478 1763 511 1826 in
524 1769 612 1826 veste
626 1761 761 1826 candida
775 1761 835 1826 visi
848 1771 966 1842 essent,
981 1763 1089 1847 quod·
1103 1763 1299 1848 gratulantes
1314 1763 1458 1840 decebat,

359 1856 402 1925 et,
426 1847 454 1910 si
478 1845 638 1910 sordidam
652 1854 773 1910 vestem
796 1847 994 1926 habuissent,
1014 1848 1194 1933 lugentium
1218 1847 1326 1910 Persei
1348 1869 1458 1911 casum

360 1932 501 2018 praebere
527 1931 665 2016 speciem
685 1939 853 2016 poterant3
873 1941 1045 2018 postquam
1068 1932 1205 1996 consulti
1228 1932 1269 1996 ab
1291 1933 1342 1996 M.
1358 1933 1458 1996 Junio
1531 1929 1532 1932 '

361 2017 491 2082 consule
511 2017 631 2095 Patres,
645 2017 805 2080 stantibus
822 2016 856 2080 in
878 2017 1006 2082 comitio
1019 2017 1141 2102 legatis,
1155 2039 1196 2080 an
1216 2017 1335 2096 locum,
1349 2017 1458 2096 lautia,

361 2111 571 2187 senatumque
581 2101 703 2180 darent,
713 2102 839 2166 nullum
850 2101 1006 2188 hospitale
1012 2101 1068 2188 jus
1079 2103 1112 2166 in
1125 2103 1164 2166 iis
1179 2102 1372 2166 servandum
1386 2125 1458 2166 cen-

362 2195 513 2268 suerunt3
536 2209 681 2272 egressus
700 2209 717 2250 e
739 2187 826 2252 curia
848 2187 970 2266 constal,
988 2209 1088 2272 quum
1111 2187 1237 2266 Rhodii,
1262 2187 1459 2271 gratulatum

362 2294 396 2336 se
411 2273 450 2337 de
465 2273 595 2338 victoria
608 2281 844 2358 purgatumque
858 2271 994 2336 civitatis
1015 2273 1148 2336 crimina
1168 2273 1309 2336 dicentes
1324 2273 1458 2350 venisse,

362 2359 528 2442 petissent,
542 2371 581 2422 ut
595 2367 724 2421 senatus
739 2357 800 2421 sibi
815 2357 952 2436 daretur,
967 2357 1177 2442 pronunciat:
1194 2358 1293 2420 Sociis
1308 2365 1339 2420 ei
1354 2360 1460 2420 meicia

362 2449 393 2506 et
408 2445 471 2506 olio
486 2445 611 2507 cornum
625 2449 715 2524 cique
729 2444 921 2524 hospitaliter
927 2449 1080 2523 mactare
1095 2443 1257 2520 Rom,
1276 2448 1307 2504 et
1321 2449 1460 2504 senaim

363 2527 621 2590 darecoaeueecc:
645 2527 912 2590 Rhodioeaoaito
924 2528 1050 2590 meritos
1064 2548 1098 2590 eo
1113 2527 1246 2605 bellam
1260 2526 1460 2590 ''amicos-am

361 2612 534 2672 accionem·
548 2630 671 2672 mmero
686 2611 816 2674 labendi
829 2613 901 2674 siat.
946 2611 1009 2674 llis
1023 2609 1150 2690 auditis,
1171 2619 1416 2696 prostraverunt
1429 2633 1460 2674 se

362 2713 472 2756 omnes
501 2693 601 2770 humi,
626 2693 853 2777 consulemque
867 2703 900 2758 et
914 2703 1058 2774 cunctos,
1079 2696 1135 2780 qui
1157 2696 1299 2774 aderant,
1320 2705 1460 2772 orantes,

363 2799 403 2842 ne
426 2797 509 2840 nova
531 2776 671 2860 falsaque
692 2777 824 2841 crimina
843 2779 917 2863 plus
932 2781 1043 2844 obesse
1059 2781 1192 2844 Rhodiis
1206 2801 1338 2864 aequum
1352 2801 1461 2844 cense-

363 2869 444 2939 rent,
468 2883 565 2946 quam
588 2861 719 2946 antiqua
741 2863 864 2940 merita,
885 2885 1023 2948 quorum
1042 2865 1103 2963 ipsi
1118 2874 1215 2928 testes
1230 2873 1348 2928 essent.
1394 2866 1461 2928 Ex-

364 2945 494 3031 templo,
509 2954 596 3010 vcste
610 2947 737 3011 sordida
750 2955 865 3026 sumta,
887 2949 999 3013 domos
1021 2949 1202 3035 pnncipmn
1220 2969 1296 3013 cum
1311 2950 1461 3035 precibus

364 3055 401 3097 ac
415 3031 552 3096 lacrimis
567 3031 786 3111 circumibant,
800 3041 936 3112 orantes,
955 3043 993 3097 ut
1014 3035 1104 3120 prius
1127 3043 1356 3122 cognoscerent
1370 3057 1461 3098 caus-

366 3140 444 3196 sam,
459 3140 556 3202 quam
571 3116 593 3150 ⁹¹
605 3118 918 3182 condemnarenturb.

407 3203 505 3266 XXI.
529 3203 589 3266 M'.
604 3202 777 3266 Juventius
802 3201 925 3266 Thalna
944 3210 1073 3288 praetor,
1102 3203 1194 3288 cujus
1216 3203 1300 3268 inter
1324 3203 1410 3268 cives
1430 3212 1462 3266 et

364 3287 547 3370 peregrinos
564 3285 744 3369 jurisdictio
768 3295 846 3367 erat,
868 3287 1026 3374 populum
1051 3289 1202 3352 adversus
1223 3289 1368 3353 Rhodios
1383 3289 1461 3352 inci·

391 3455 407 3484 ¹¹
417 3453 471 3498 add.
483 3461 517 3500 eat
529 3453 624 3512 Kreyaa.
755 3461 770 3488 ¹
781 3459 846 3504 cario
857 3459 930 3504 Gron.
1038 3465 1089 3508 tat
1100 3461 1145 3507 del.
1159 3460 1237 3506 Bell.
1348 3465 1361 3493 ¹
1372 3461 1428 3506 add.
1439 3467 1460 3507 et

392 3516 487 3575 Kreyaa.
501 3516 579 3562 neat.
756 3523 770 3554 ⁸
780 3524 931 3584 metereaque
943 3523 1008 3570 aad.
1137 3521 1335 3572 *maenam
1346 3525 1415 3572 aaa

234 3667 265 3714 89
283 3667 373 3712 Cariam
385 3663 491 3727 excessit]
510 3667 584 3726 Vulgo
596 3668 668 3714 eurio.
693 3667 725 3714 At
737 3669 812 3728 prima
845 3668 1208 3716 liumeuissecumdirideretur.
1240 3671 1302 3720 Quae
1311 3673 1350 3716 ubi
1361 3685 1460 3731 speaeos

201 3731 273 3777 editio
284 3730 812 3788 habetquomodoedidimua,teateGronovio.
844 3733 954 3780 frustrata
971 3741 1014 3790 est,
1033 3743 1083 3779 tum
1101 3747 1156 3780 vero
1175 3748 1221 3788 ece,
1239 3749 1314 3793 quum
1331 3737 1460 3781 etiamnum

203 3793 350 3851 litaicaoepe
364 3793 451 3839 birine.
844 3805 905 3842 eaaet
928 3798 952 3843 in
975 3797 1043 3844 ltalia
1065 3798 1165 3852 Attalus,
1187 3797 1271 3844 libem
1293 3811 1346 3844 eaae
1364 3800 1460 3858 jussisse

233 3858 265 3906 90
281 3857 311 3902 Ut
319 3871 371 3902 raro
378 3855 449 3916 abes]
463 3857 535 3904 Recte
541 3859 603 3904 idem
612 3859 744 3906 Gronovius
751 3859 813 3905 delet
846 3859 935 3906 AEnum
946 3869 969 3907 et
983 3861 1117 3907 Mamaeam
1130 3863 1206 3915 urbes,
1223 3862 1385 3920 promissionis
1396 3863 1461 3908 facte

202 3923 344 3968 voculamut.
363 3921 813 3982 Ceterumbicoperaepretiumestsup·
847 3924 926 3970 Attalo
937 3925 1028 3970 oblitos.
1062 3925 1177 3972 Praeterea
1186 3925 1277 3970 misisse
1289 3926 1387 3984 quidem
1399 3928 1462 3986 lega·

202 3987 267 4046 plere
278 3999 305 4031 ea
316 3999 345 4029 ex
354 3985 450 4044 Polybio
459 3999 510 4044 quc
522 3985 607 4037 Livius.
617 4001 689 4044 quum
701 3995 813 4032 ceteraex
846 3987 933 4033 tionem
945 3989 975 4033 ad
987 3989 1074 4035 Gallos,
1092 3989 1138 4036 Sed
1150 3990 1266 4048 quomodo
1278 3991 1307 4035 de
1319 4003 1348 4036 ea
1358 3991 1462 4050 loquitur

202 4050 384 4104 eoeaaeriberet,
394 4049 478 4104 omisit,
488 4047 651 4108 seuquiasaisa
660 4053 764 4108 putebat,
772 4065 813 4096 seu
846 4051 941 4097 Graeca
960 4053 1065 4112 scriptor,
1085 4053 1190 4111 quamvis
1209 4065 1259 4098 rem
1278 4054 1341 4100 clare
1360 4069 1408 4100 non
1420 4069 1461 4099 ea·

202 4115 258 4172 quia
269 4115 378 4159 Romanis
390 4127 472 4172 parum
481 4113 571 4164 decore,
581 4112 679 4157 nimium
689 4113 813 4173 indulgens
845 4115 922 4174 plicet,
934 4116 989 4161 eatis
1001 4116 1088 4162 indicet
1099 4129 1127 4162 ea
1137 4118 1248 4163 mandata
1258 4117 1343 4176 legatie
1353 4120 1418 4177 (lata,
1434 4131 1461 4164 ea

202 4191 262 4223 ceco
271 4178 295 4222 in
304 4177 401 4237 patriam
410 4176 491 4232 amori,
504 4176 578 4221 uoluit
586 4175 688 4220 historiae
697 4191 744 4222 auae
752 4179 813 4223 inse
846 4179 932 4237 quibua
951 4180 1028 4239 potius
1046 4181 1240 4226 continuarentur
1254 4181 1378 4228 Gallorum
1391 4182 1462 4228 animi

202 4255 260 4286 rere.
287 4241 368 4287 Tradit
376 4255 431 4298 ergo
440 4240 555 4298 Polybius,
566 4240 634 4298 legat.
642 4239 681 4294 93,
694 4240 782 4286 AEnum
792 4249 816 4287 et
846 4243 876 4287 ad
894 4243 990 4300 beilum,
1011 4259 1082 4304 quam
1102 4245 1203 4290 Eumeni
1219 4252 1243 4290 et
1260 4245 1342 4290 Attalo
1353 4247 1462 4292 concilie-

204 4304 340 4350 Maroneam
352 4305 427 4364 primo
438 4317 557 4349 concessae
571 4317 621 4349 ease
634 4303 720 4357 Attalo,
732 4313 755 4350 et
771 4306 813 4351 ‹le-
846 4313 933 4351 rentur.
968 4307 1034 4354 Idem
1063 4309 1174 4368 auspicari
1201 4321 1326 4368 passumus
1354 4323 1384 4356 ea
1412 4311 1462 4370 ipso

202 4375 289 4412 cretam
300 4369 440 4426 legationem
451 4369 481 4413 ad
491 4367 577 4422 Gallos,
589 4377 613 4413 et
624 4367 731 4414 omnibus
739 4369 813 4414 bono·
847 4369 913 4415 Livio
924 4370 984 4416 inira
995 4385 1015 4416 e.
1026 4371 1064 4418 aa

203 4430 266 4474 eibua
293 4432 475 4490 muneribusque
503 4445 556 4477 eum
579 4431 813 4489 magnifice‹eultum
876 4432 905 4480 ill
925 4431 1183 4496 Anaieoruaeaocioran]
1202 4433 1333 4494 aegaeum
1343 4437 1463 4483 Gronovio

202 4505 260 4546 ease,
277 4495 333 4551 quia
350 4497 475 4552 sperabant
492 4495 570 4540 l’atrea
589 4494 675 4540 iterum
694 4496 760 4541 illum
772 4497 814 4542 ad·
845 4499 984 4544 murum.

202 4555 290 4599 iturum
305 4557 335 4600 ad
353 4569 400 4610 eos,
419 4559 637 4618 postulaturumque
662 4567 688 4606 ut
715 4573 813 4620 regnum
878 4561 910 4607 92
927 4559 1145 4624 Coudeaearmtar]
1163 4563 1249 4609 Melius
1258 4565 1441 4612 masma
