3098 4958
425 360 514 426 LIB.
536 359 641 426 XLV.
670 359 767 426 CAP.
790 363 906 429 XXII.
1313 373 1375 436 475

116 511 227 576 ubst:
247 507 508 594 rogationemque
521 509 784 594 promulgaverat,
811 511 851 574 Ut
864 511 994 576 amata
1008 513 1116 577 tetum
1129 515 1209 578 badi·
1224 535 1252 584 u.
1262 535 1288 583 c.
1300 537 1355 584 aas

116 603 256 660 ceretur:
281 601 311 658 et
333 615 373 658 ec
397 595 627 676 mapistratitus
649 593 713 678 pru
735 597 810 658 anni
835 597 1009 678 deliperent,
1032 600 1084 680 qui
1108 599 1151 662 ad
1175 599 1355 662 iaso-1⁶7.

117 682 227 743 bellum
250 701 317 744 cum
343 680 440 742 classe
462 681 643 756 mitteretur,
665 699 699 741 se
724 699 798 742 eum
822 701 952 764 sperans
971 681 1115 746 futurum
1129 703 1206 747 esse.
1222 663 1319 740 ΜΨ·

118 765 207 828 Huic
232 763 347 826 actioni
371 763 420 826 M.
436 763 597 825 Antonius
619 771 652 826 et
676 763 726 826 M.
742 764 937 848 Pomponius
961 765 1082 829 tribuni
1104 767 1207 852 plebis
1220 735 1372 838 mque-oa·

116 849 374 912 adversabantur.
417 847 480 910 Sed
503 853 535 910 et
555 855 673 932 praetor
696 869 778 910 novo
802 848 947 932 maloque
972 851 1116 935 exemplo
1140 873 1207 916 rem
1219 855 1277 902 ἀΐω·

116 933 280 1016 ingressus
303 939 380 1011 erat,
403 931 500 1014 quod,
524 941 597 994 ante
621 953 687 994 non
705 931 850 996 consulto
867 941 990 1012 senatu,
1012 955 1077 997 non
1092 956 1208 1000 consu-

117 1017 203 1080 libus
225 1017 411 1080 certioribus
434 1016 535 1093 iactis,
561 1016 600 1079 de
625 1037 683 1078 sua
705 1016 801 1080 unius
826 1018 982 1081 sententia
1008 1019 1208 1102 rogationem

117 1101 223 1180 ferret,
243 1104 376 1178 Vellent,
382 1102 572 1182 juberentae,
585 1101 715 1163 Rhodiis
728 1102 835 1163 mnam
849 1103 969 1165 iudici?
990 1123 1091 1186 quum
1115 1113 1208 1168 antea

118 1205 244 1271 semper
267 1186 358 1270 prius
382 1194 510 1247 senatus
533 1185 573 1247 de
597 1185 680 1248 bello
707 1185 872 1248 consultus
896 1195 988 1266 esset,
1011 1188 1146 1252 deindee
1167 1191 1207 1254 ad

116 1271 274 1356 populum
290 1271 410 1347 latum3
432 1269 453 1300 '⁸
463 1277 496 1332 et
509 1269 629 1332 tribuni
645 1269 757 1354 plebis,
772 1291 872 1353 quum
887 1269 931 1333 ita
944 1272 1098 1336 traditum
1113 1283 1207 1352 esset,

116 1355 246 1438 nequis
270 1355 359 1438 prius
381 1354 588 1416 intercederet
611 1353 683 1438 legi,
705 1375 800 1437 quam
822 1354 953 1439 privatis
975 1357 1128 1420 suadendi
1142 1358 1207 1421 dis-

117 1439 334 1522 suadendique
349 1439 450 1524 legem
463 1445 603 1523 potestas
613 1439 696 1501 sacta
706 1447 806 1517 esset3
821 1461 920 1524 eoque
931 1461 1072 1526 persaepe
1086 1443 1207 1505 evenis-

116 1531 178 1600 set,
201 1524 272 1601 uti,
293 1523 347 1606 qui
367 1545 432 1586 non
455 1522 588 1607 professi
609 1529 716 1586 essent
740 1543 774 1585 se
801 1523 1037 1603 intercessuros,
1066 1525 1207 1589 snImad-

115 1609 217 1670 versis
232 1607 316 1670 vitiis
331 1607 408 1691 legis
422 1607 443 1639 ⁰⁴
456 1629 495 1670 ex
514 1607 654 1672 ratione⁶
673 1607 934 1688 dissuadentium,
959 1609 1206 1689 intercederent3

115 1701 159 1770 et,
174 1693 229 1776 qui
244 1692 284 1756 ad
298 1692 558 1756 intercedendum
570 1692 740 1771 venissent,
762 1692 959 1772 desisterent,
973 1693 1049 1757 victi
1071 1693 1207 1758 auctori-

114 1777 237 1840 tatibus
252 1776 453 1840 suadentium
467 1776 578 1862 legem.
619 1777 704 1840 'Ium
718 1777 800 1840 inter
814 1786 982 1862 praetorem
998 1777 1206 1862 tribunosque

115 1862 223 1925 omnia
245 1861 464 1946 intempestive
485 1859 599 1945 agendi
622 1869 781 1924 certamen
800 1869 877 1927 erat.
919 1861 1054 1928 Tribuni
1077 1863 1206 1928 testina-

114 1946 235 2010 tionem
249 1946 393 2032 praetoris
407 1953 480 2010 ante
493 1953 621 2031 tempus
635 1945 868 2026 intercedendo,

440 2081 460 2126 s
545 2081 566 2126 a
651 2081 671 2126 s
757 2081 777 2126 s
860 2083 881 2128 s

113 2197 426 2262 inadventumim-¹

438 2333 458 2380 s
544 2332 563 2378 *
649 2331 669 2377 a
755 2331 775 2376 s
860 2331 880 2378 s

158 2449 273 2514 XXII.
295 2452 415 2530 ***⁸.
427 2451 700 2532 peccaverimusne,
730 2449 830 2512 adbuc
853 2449 975 2512 dulium
996 2455 1063 2513 est:
1083 2471 1201 2531 panas,
1215 2458 1367 2508 Ontonia·

111 2537 296 2618 ipaominias
310 2535 485 2615 omnesjam
495 2535 643 2614 patimur.
686 2535 797 2612 Antea,
819 2534 1127 2616 Kartlsapiaiensibus
1140 2537 1201 2600 aio-
1214 2523 1306 2570 ⁶³⁰¹⁰¹¹¹
1315 2525 1340 2572 ⁵¹¹

113 2623 166 2698 tis,
189 2621 341 2700 Philippa,
353 2621 505 2682 Antiocho
517 2621 679 2700 superatis,
701 2639 791 2700 quum
807 2620 935 2681 Romam
951 2619 1142 2698 emissemus,
1163 2641 1202 2683 ea
1214 2595 1304 2636 '‘⁵⁸¹¹''

106 2705 233 2786 publica
247 2706 376 2785 bospitio
393 2705 426 2766 in
448 2704 565 2766 curiam
582 2705 772 2784 gratulatum
788 2703 881 2781 uobis
903 2705 1015 2766 Patres
1029 2707 1203 2786 conscripti,

112 2809 154 2853 ea·
168 2792 254 2852 arna
268 2791 301 2851 in
318 2789 500 2869 Capitolium
513 2788 557 2849 ad
568 2789 651 2850 Deos
669 2793 785 2850 uestros
802 2787 823 2820 '⁸
833 2788 912 2850 duaa
923 2787 1103 2868 serenreru·
1125 2809 1204 2852 nunc

111 2893 154 2938 ea·
177 2873 301 2936 sordido
318 2874 488 2936 deuersorio
499 2871 517 2950 ¹,
541 2873 594 2934 uia
613 2873 748 2934 mercede
771 2874 893 2952 recepti,
909 2893 946 2934 ac
957 2893 1056 2953 prope
1073 2875 1204 2936 tortium

109 2977 198 3021 mare
222 2964 311 3020 eatra
334 2957 438 3020 urbem
459 2977 581 3018 amnere
599 2956 692 3036 jussi,
715 2959 750 3018 in
773 2957 829 3018 trac
850 2957 990 3036 squalore
1013 2959 1147 3018 emimus
1170 2959 1204 3020 iu

111 3045 232 3106 marium
255 3043 422 3104 &monam
445 3041 568 3118 Rhodii,
591 3059 664 3122 quos
679 3040 848 3120 prusiadis
869 3059 965 3119 nuper
987 3040 1086 3120 Lycia
1114 3047 1204 3120 atque

114 3127 222 3204 Caria,
237 3145 310 3208 quos
318 3127 455 3207 premiis
466 3131 556 3206 atque
574 3125 736 3188 somnias
756 3124 949 3202 amplissimis
971 3123 1115 3186 donastis.
1158 3125 1204 3186 Et

110 3211 303 3275 Macednum
324 3211 505 3292 Illyriosque
526 3209 635 3272 liberas
654 3227 718 3271 esse
740 3213 787 3283 (ut
806 3207 958 3284 audimm)
966 3207 1091 3287 jubetis,
1113 3227 1204 3290 quum

110 3297 285 3372 smuiuint,
307 3302 467 3375 antemium
490 3295 641 3357 babucum
666 3293 832 3356 bellarent:
858 3295 926 3366 (nec
949 3291 1123 3372 cujusquam
1133 3291 1203 3372 sar-

111 3387 195 3443 tume
217 3380 393 3456 invidemus,
413 3381 504 3441 imma
523 3380 711 3460 aprwscimm
734 3379 922 3441 clementiam
936 3377 1044 3458 populi
1057 3377 1201 3456 Romani)

111 3464 259 3541 namus,
281 3465 332 3546 qui
352 3465 431 3526 stitit
451 3463 538 3525 alind
557 3483 647 3545 quam
669 3463 844 3544 quieseunt
863 3464 920 3524 troc
941 3462 1026 3538 lello,
1048 3463 1147 3524 hostes
1165 3481 1205 3524 eu

110 3549 205 3612 sociis
221 3547 342 3629 facturi
363 3549 464 3610 estis?
509 3549 597 3610 Certe
618 3548 738 3628 quidem
757 3567 810 3609 aas
822 3547 895 3609 estis
908 3547 1049 3624 Romani,
1071 3548 1123 3628 qui
1136 3545 1204 3610 ideo

102 3633 217 3715 sclicla
241 3633 317 3695 bella
340 3638 443 3695 uestra
465 3651 539 3708 esse,
560 3633 633 3712 quia
645 3632 734 3712 justa
752 3633 825 3708 sint,
840 3650 909 3710 pra
929 3631 1013 3692 uotis
1022 3629 1128 3710 sertis,
1149 3650 1205 3693 uec

111 3725 179 3780 tam
202 3719 286 3780 eaitu
309 3737 421 3793 aarum,
443 3715 555 3797 ”qaod
574 3717 713 3793 uincatis,
738 3735 827 3797 quam
844 3715 1020 3794 priuospiis,
1045 3715 1126 3794 quod
1143 3735 1205 3777 non

110 3803 180 3864 sine
200 3821 309 3864 caussa
328 3803 513 3882 accipiatis,
531 3801 718 3882 plor-lamini.
761 3800 908 3862 Messana
921 3800 955 3861 in
969 3799 1078 3862 Sicilia
1092 3799 1203 3882 adpalp-

145 4015 158 4043 ⁸
170 3947 480 4057 matioiridIiieilmiorum
491 3947 587 3994 Palm
600 3945 829 4056 Kreyssiritiirecidiado
840 4010 863 4055 ia
872 3940 1144 4070 admirin‘iniriiiiiri
1155 4009 1206 4055 sins

146 4075 236 4119 locans
248 4073 417 4132 significatione
429 4075 502 4120 Grau.
657 4075 671 4115 t
687 4075 702 4106 ⁸
711 4071 725 4098 ¹
736 4071 750 4100 ⁸
762 4080 802 4128 est,
811 4075 1006 4134 peccaverimusne
1019 4075 1112 4134 Kreym
1127 4073 1203 4120 Bekk.

151 4131 231 4184 hadd.
242 4141 382 4186 masana
394 4139 467 4186 Gran.
480 4134 669 4198 [deducebantur]
683 4137 750 4184 Cres.
879 4129 1020 4186 l‹lirrarrario
1031 4139 1104 4186 Grau.
1117 4137 1185 4184 Cres.

146 4259 179 4306 9³
197 4260 227 4306 Et
245 4257 428 4321 tribuniplebis]
447 4261 543 4321 Supple,
559 4262 725 4321 summotaque
756 4259 854 4305 anobIs
871 4259 962 4318 adjecta
978 4267 1020 4306 art.
1054 4259 1164 4318 Sigonius
1181 4257 1286 4303 soluerat
1303 4261 1366 4306 arnt·

112 4325 213 4382 exempla
223 4324 406 4371 advembantur
417 4325 472 4370 huic
484 4326 576 4371 serloni.
756 4325 863 4370 elenu.-
874 4325 951 4370 minus
963 4333 1002 4370 aut
1031 4325 1115 4382 raprie,
1126 4329 1166 4367 sut
1177 4321 1302 4380 eleganter.

146 4387 178 4434 st
196 4387 233 4432 Ba
260 4390 347 4434 ratione
374 4385 564 4448 dissuadentium]
593 4387 725 4434 GronarIus
789 4387 821 4434 96
840 4389 905 4436 Quod
924 4339 1031 4446 viscatis}
1050 4387 1101 4433 Hoc
1122 4386 1219 4432 debetur
1242 4385 1367 4433 Gronoviu-

112 4451 224 4497 cmendst
235 4455 379 4498 remallatio.
758 4449 1039 4511 Auteaqaadaisdieatir.

146 4515 179 4562 lid
196 4511 370 4574 Dosasrrestes
380 4511 556 4574 deducebatur]
574 4514 664 4562 utam
681 4527 725 4560 ros
