3094 4954
446 307 534 372 LIB.
557 308 758 372 XXXVIII.
783 309 878 372 CAP.
906 311 979 374 XL.
1339 321 1397 382 171

136 455 292 522 incendit.
349 455 566 520 Telmissumu
595 457 705 521 eadem
731 456 942 540 expeditione,
970 457 1088 522 territis
1124 461 1231 527 subito
1247 483 1311 528 uc.
1323 483 1380 530 osa.

137 543 280 606 adventu
296 540 407 606 classis
421 540 739 640 oppidanis,reoepit.
783 542 835 605 Ex
850 543 951 626 Lycia
987 543 1121 622 rotinus,
1131 545 1232 630 jussis
1247 547 1273 592 A
1286 547 1312 594 ⁶·
1326 546 1378 594 ¹⁸&

138 627 181 690 ab
196 627 328 712 Epheso
342 625 512 710 sequi,qui
526 625 572 688 ibi
586 626 687 688 relicti
701 633 801 705 eraut,
815 627 937 724 perine
1022 628 1056 690 in
1073 627 1232 694 Graeciam

138 710 273 796 trajecit.
315 711 453 774 Athenis
480 731 600 794 paucos
627 719 769 774 moratus
797 711 874 788 dies,
901 712 979 774 dum
1007 713 1162 778 Piraeeum
1191 716 1231 780 ab

142 797 274 881 Epheso
287 815 384 859 naves
399 795 553 873 venirent,
563 802 664 858 totam
674 795 748 858 inde
760 795 891 859 classem
906 791 939 858 in
956 797 1081 860 Italiam
1094 799 1230 864 reduxit.

141 879 205 944 Cn.
220 880 363 944 Manlius
379 901 479 964 quum
495 880 578 943 inter
592 889 704 958 cetera,
720 901 792 963 quae
813 879 995 964 accipienda
1015 881 1055 944 ab
1070 883 1230 950 Antiocho

140 973 241 1043 erant,
254 965 441 1050 elephantos
456 985 582 1048 quoqne
596 965 778 1062 accepisset,
792 965 939 1048 donoque
958 967 1096 1030 Eumeni
1118 989 1229 1032 omnes

140 1049 300 1129 dedisset3
322 1049 435 1112 deinde
451 1059 601 1112 caussae¹
615 1049 800 1126 civ1tatium,
823 1050 933 1113 multis
953 1049 1037 1114 inter
1059 1073 1157 1116 novas
1178 1075 1228 1117 rea

139 1135 287 1212 turbatis,
302 1155 340 1198 eo
386 1135 461 1198 ovit.
503 1133 549 1196 Et
561 1135 742 1198 Ariarathes
757 1155 822 1212 rex,
836 1143 926 1218 parte
941 1135 1071 1199 dimidia
1083 1138 1228 1222 pecuniae
1242 1139 1289 1184 ΒΕ·
1300 1154 1383 1216 ‘esum

138 1219 313 1304 imperatae,
360 1218 484 1282 umenis
498 1218 680 1298 beneficior,
696 1219 748 1282 cui
771 1219 982 1302 desponderat
1005 1242 1062 1304 per
1085 1243 1139 1285 eos
1161 1223 1227 1287 dies
1240 1205 1380 1328 {ssffiffi

138 1305 248 1382 filiam,
263 1303 403 1382 remissa,
418 1304 451 1366 in
466 1303 636 1366 amicitiam
651 1313 700 1366 est
715 1311 875 1387 acceptus.
918 1304 1103 1368 civitatium
1120 1315 1228 1372 autem

138 1389 275 1474 coguitis
289 1389 420 1468 caussis,
435 1389 543 1452 decem
565 1388 661 1486 legati
683 1387 775 1451 aliam
798 1387 931 1451 aliarum
953 1389 1097 1453 fecerunt
1118 1393 1228 1455 condi-

137 1474 268 1538 tionem.
312 1473 395 1539 Quae
424 1473 635 1558 stipendianae
665 1473 731 1571 regi
755 1473 914 1537 Antiocho
939 1474 1074 1552 tirernnt,
1099 1483 1227 1541 etcum

138 1559 259 1643 populo
282 1559 427 1622 Rommm
450 1567 623 1636 senserant,
642 1558 681 1621 iis
700 1557 923 1622 inmunitatem
948 1559 1121 1623 dederunt:
1154 1583 1227 1645 quae

138 1643 276 1728 partium
296 1643 449 1706 Antiochi
469 1643 606 1721 fuerant,
626 1651 683 1707 aut
704 1642 917 1728 stipendiarie
937 1645 1039 1708 Attali
1059 1645 1153 1730 regis,
1173 1667 1226 1710 eas

137 1749 249 1792 omnes
261 1728 394 1813 vectigal
413 1728 552 1812 pendere
574 1727 713 1792 Eumeni
729 1728 905 1813 jussenmt.
934 1730 1122 1794 nominatim
1142 1753 1225 1829 pree·

136 1822 222 1877 terea
234 1811 256 1845 '¹
267 1813 485 1911 Colophoniis,
507 1813 563 1897 qui
586 1813 620 1876 in
645 1814 743 1877 Notio
763 1813 917 1892 habitant,
942 1823 975 1878 et
996 1815 1178 1900 ³⁸0ymmm,
1192 1825 1226 1880 et

136 1897 334 1983 Mylasenis¹
355 1897 579 1962 inmunitatem
602 1908 835 1963 concesseruut.
879 1899 1099 1980 Clazomeniis,
1129 1923 1225 1986 super

134 1983 369 2062 inmunitatem,
396 1991 430 2046 et
455 1983 674 2068 Drymusam⁸
700 1983 838 2046 insulam
865 1985 950 2048 douo
979 1979 1155 2050 dederunt:
1192 1993 1224 2050 et

135 2067 284 2146 Milesiis,
297 2089 392 2152 quem
406 2089 530 2131 sacrum
545 2068 717 2153 adpellant,
731 2089 842 2152 agrum
864 2070 1088 2132 restituerunt:
1112 2079 1144 2133 et
1168 2071 1223 2134 lli-

136 2152 269 2216 ensibus
297 2153 464 2216 Rhoeteum
491 2161 524 2216 et
553 2152 746 2237 Gergithum
773 2153 972 2232 addiderunt,
1001 2175 1066 2216 non
1093 2162 1159 2216 tam
1181 2155 1223 2219 ob

135 2237 276 2301 recentia
289 2237 354 2300 ulla
367 2237 484 2316 merita,
500 2259 596 2321 quam
611 2237 770 2320 originum
784 2238 944 2301 memoria.
973 2238 1082 2300 eadem
1096 2247 1128 2300 et
1142 2239 1224 2302 Dar-

134 2321 255 2386 danum
269 2321 422 2385 liberandi
435 2344 546 2386 cauma
560 2323 631 2386 fuit.
675 2321 774 2384 Chios
790 2343 926 2406 quoqne,
937 2329 969 2384 et
984 2321 1176 2406 Smyrnaeos,
1192 2331 1224 2387 et

134 2407 331 2491 Erythraeos,
343 2427 400 2492 prn
415 2407 566 2492 singulari
580 2407 654 2486 fide,
669 2427 766 2490 quam
778 2427 815 2469 eo
830 2407 913 2470 bello
927 2407 1147 2491 praestiterunt
1158 2408 1181 2486 b,
1191 2416 1224 2471 et

135 2512 212 2576 agro
226 2492 394 2569 donarunt,
408 2501 441 2555 et
455 2492 589 2556 inomni
604 2491 700 2577 praeci
724 2513 766 2555 uo
780 2493 899 2556 honore
912 2491 1103 2555 habuerunt.
1139 2492 1223 2556 Pho-

135 2575 311 2640 caeenaihus
325 2585 357 2640 et
370 2598 454 2662 ager,
470 2599 565 2660 quem
580 2586 654 2640 ante
668 2513 788 2640 bellum
797 2577 983 2656 habuerant,
996 2577 1158 2656 redditus3
1180 2585 1223 2656 ct,

134 2669 173 2724 ut
186 2661 307 2745 legibus
322 2663 462 2746 antiquis
477 2670 652 2740 uterentur,
667 2662 867 2747 permissum.
900 2663 1033 2726 Rhodiis
1047 2663 1222 2742 adfirmata,

134 2747 844 2916 reseruassemus
858 2747 958 2916 Call}
965 2749 1223 2896 ‘hildilid

479 2878 490 2910 ‚
826 2878 834 2895 ,
1207 2869 1222 2884 .

133 2937 283 2980 sonesnm
302 2917 336 2980 in
358 2917 491 3001 Europa
514 2925 546 2980 et
571 2915 816 3000 Lysimachiam,
840 2917 978 2995 castella,
999 2917 1096 2994 vicos,
1119 2937 1221 3000 egros,

133 3001 252 3084 quibus
266 2999 384 3064 finibus
399 3009 545 3065 tenuerat
557 3001 746 3080 Antiochus,
761 3000 962 3086 adjecerunt:
984 2999 1018 3062 in
1032 3000 1109 3063 Asia
1121 3001 1223 3084 Phry-

131 3086 218 3170 giam
232 3095 410 3170 utramque,
427 3086 568 3167 (alterum
581 3087 622 3150 ad
646 3086 903 3171 Hellespontum,
917 3084 1069 3170 majorem
1093 3084 1223 3148 alteram

131 3175 260 3254 vocant)
283 3181 316 3234 et
340 3171 492 3255 Mysiam,
514 3193 610 3255 quam
635 3171 762 3234 Prusias
784 3192 841 3234 rex
865 3171 1034 3247 ademerat,
1049 3169 1078 3232 ei
1093 3167 1222 3232 restitu-

132 3263 247 3319 erunt:
269 3264 302 3319 et
324 3255 528 3341 Lycaoniam,
543 3264 576 3320 et
597 3256 750 3341 Milyada,
764 3263 797 3319 et
818 3255 964 3340 Lydiam,
978 3263 1010 3318 et
1035 3253 1223 3318 nominatim

132 3340 228 3404 nrbes
249 3341 381 3419 Tralles,
407 3349 502 3424 atque
526 3342 703 3426 Ephesum,
717 3341 781 3403 ”et
808 3340 1009 3404 Telmissum.
1053 3341 1103 3403 De
1130 3339 1222 3403 Pam·

131 3425 242 3510 phylia
262 3426 474 3510 disceptatum
489 3426 572 3490 iuter
586 3427 764 3490 Eumenem
779 3432 812 3488 et
824 3425 975 3488 Antiochi
989 3425 1110 3508 legatos
1122 3443 1223 3508 quum

132 3519 236 3588 easet3
259 3509 335 3594 quia
349 3532 421 3594 pars
436 3511 506 3595 ejus
520 3511 608 3590 citra,
621 3531 696 3596 pars
709 3509 794 3574 ultra
805 3509 947 3573 'l'amum
960 3517 1020 3588 est,
1033 3510 1158 3594 integra
1171 3529 1222 3574 ree

132 3595 173 3658 ad
187 3603 335 3658 senatum
349 3595 498 3680 rejicitur.
519 3611 525 3622 ·

175 3679 250 3744 XL.
275 3679 337 3742 His
352 3681 523 3744 foederibus
538 3679 733 3764 decretisque
748 3678 841 3758 datis,
854 3677 1008 3756 Manlius,
1024 3699 1097 3741 cum
1112 3677 1221 3742 decem
1234 3690 1382 3750 Genialem

131 3763 245 3848 legatis
258 3765 407 3848 omnique
422 3765 561 3830 exercitu
575 3765 617 3828 ad
632 3765 879 3849 Hellespontum
899 3763 1070 3848 proiectus,
1085 3763 1222 3826 evocatis
1234 3754 1309 3802 Μ’*

132 3871 170 3912 eo
192 3849 311 3934 regulis
327 3849 505 3930 Gallorum,
519 3850 615 3935 leges,
631 3849 748 3932 quibus
769 3869 880 3934 paoem
901 3869 976 3912 cum
991 3848 1135 3912 Eumene
1157 3869 1222 3912 aer·

133 4003 148 4030 ¹
162 3999 295 4046 Telmesos
307 4000 381 4046 Gron.
394 4001 463 4046 (ἕπον.
539 4005 554 4032 ¹
564 4015 644 4047 consor
655 4001 737 4046 delude
749 3999 827 4046 llelrk.
910 4003 923 4042 5
935 4001 1037 4060 &notato
1048 3999 1155 4046 Eumenis
1168 3999 1226 4044 End.

133 4067 177 4109 ‘et
190 4063 277 4124 Gyueis
285 4071 307 4111 et
318 4063 418 4110 Milesiis
430 4065 503 4110 Gron.
552 4065 723 4124 *Drymussam
736 4063 830 4124 Kreyss.
844 4063 920 4109 Beki.
970 4058 1147 4124 bpraenneraut
1159 4061 1226 4108 Crev.

166 4199 198 4254 ³7
214 4201 379 4261 ‘Colophoniis
406 4203 445 4262 pai
476 4203 500 4248 in
528 4201 598 4248 Notio
625 4197 742 4261 lectitant]
777 4200 882 4260 Polybio,
894 4207 917 4246 et
928 4199 1060 4246 laventibus
1072 4199 1139 4245 MSS.
1152 4203 1175 4244 et
1186 4201 1241 4239 vett.
1254 4191 1333 4246 edith.
1345 4193 1385 4252 qul

135 4262 241 4318 Notium,
263 4265 370 4325 oppldum
394 4265 552 4324 Colophonium
579 4272 637 4320 arat,
659 4273 683 4310 et
710 4265 744 4310 sic
777 4258 1282 4316 exhibentaivediiloaentmiveMllerenls.

134 4328 590 4389 designaturahivIoaupraXXXVll.
604 4329 641 4375 26.
808 4329 841 4376 ³9
869 4329 901 4374 Et
932 4323 1075 4383 Telmtmm]
1118 4324 1206 4368 Tamen
1224 4333 1318 4394 supra,
1346 4320 1386 4367 lib.

165 4391 198 4438 dd
214 4391 305 4452 <ly-eia
323 4401 346 4440 et
362 4390 502 4454 Mylasenis]
531 4393 685 4440 scribendum
707 4400 743 4439 eat
775 4391 933 4438 xxxmo.
956 4390 995 4444 hd,
1018 4386 1159 4434 Telmiaenm
1180 4391 1310 4442 excrprtnrr
1333 4391 1386 4431 tan·

136 4455 228 4516 cml,
248 4469 294 4502 non
314 4457 409 4517 cynei,-
433 4457 515 4502 Graes
535 4455 650 4518 Κυμαῖοι
688 4456 743 4503 lam
775 4469 935 4516 qmmneque
950 4453 1049 4500 Rhodiis
1061 4449 1146 4506 danda,
1159 4447 1355 4506 oequeEumenl.

134 4533 176 4580 pro
198 4520 298 4568 Miletida
323 4521 470 4582 reposuimus
492 4520 627 4582 Mylasena,
647 4529 743 4568 auctore
