3094 4954
178 310 240 376 186
769 298 862 364 'l'l'l'l
894 297 1007 362 LlVil

179 471 313 522 ucoca
343 458 399 532 esi,
426 451 534 534 pedatae
557 450 613 514 aaa
638 448 702 530 q'ue
724 445 1016 530 trummacum,-
1038 445 1119 528 quod
1142 445 1437 528 materiatarum

180 540 209 588 Α·
222 539 249 586 0·
261 537 314 592 ¹⁸⁷·
343 539 473 602 relatum
491 556 552 600 aaa
568 541 623 613 est,
644 536 691 597 uti
708 533 745 598 de
765 553 801 597 ea
819 553 854 596 re
869 533 936 595 Ser.
952 532 1106 611 Sulpiciae
1113 537 1233 611 pretor
1245 531 1381 594 urbanas
1396 533 1441 594 ad

343 627 480 686 emam
493 619 633 700 ramat?
653 639 740 699 quesn
752 639 819 680 eam
832 637 897 680 reta
910 617 982 678 uelit
995 621 1118 678 somam
1129 635 1263 696 quarere
1273 616 1310 678 de
1320 618 1369 694 iia,
1386 618 1440 697 qui

338 711 489 790 pretores
501 723 580 766 mcc
593 703 689 766 ram?
732 699 819 764 Huic
836 698 992 784 rogationi
1007 699 1110 784 primo
1125 697 1167 764 Q.
1181 706 1214 762 et
1228 699 1268 762 L.
1284 699 1439 762 Mummii

345 788 600 854 intercedebant:
623 793 769 850 senatum
797 805 937 868 quaerere
965 783 1005 846 de
1032 782 1168 868 pecunia
1193 805 1261 847 non
1281 783 1380 846 relata
1403 784 1438 848 in

370 873 522 950 ublicum,
542 871 588 934 ita
611 879 649 934 ut
666 877 759 932 antea
778 889 902 952 semper
920 868 1040 930 iactum
1060 877 1154 946 esset,
1174 889 1304 952 aequum
1329 889 1440 931 cense-

346 895 436 1022 iant.
481 955 596 1020 Petillii
616 955 813 1019 nobilitatem
838 961 871 1016 et
892 973 1027 1036 regnum
1049 951 1083 1015 in
1107 961 1220 1015 senatu
1249 953 1439 1036 Scipionum

348 1041 547 1106 accusabant.
585 1041 624 1104 L.
645 1038 760 1102 Furius
789 1039 953 1122 Purpureo
982 1037 1166 1114 consularis,
1193 1036 1305 1119 quiin
1330 1037 1440 1100 decem

348 1125 460 1212 legatis
475 1125 509 1190 iu
522 1123 600 1188 Asia
613 1124 726 1202 fuerat,
740 1121 836 1186 iatius
849 1121 1027 1206 rogandum
1041 1121 1207 1184 censebat:
1229 1141 1295 1184 non
1310 1143 1382 1204 quae
1398 1122 1440 1184 ab

349 1211 509 1276 Antiocho
523 1210 619 1272 modo
633 1207 777 1293 pecuniae
788 1214 890 1291 captae
901 1206 1014 1284 forent,
1029 1205 1085 1269 sed
1094 1227 1166 1290 quae
1178 1205 1219 1268 ab
1230 1205 1298 1268 aliis
1309 1205 1440 1290 regibus

350 1295 573 1380 gentibusque,
587 1292 647 1356 Cn.
660 1292 820 1356 Manlium
834 1291 998 1354 inimicum
1011 1290 1181 1354 incessens.
1211 1289 1257 1354 Et
1271 1290 1310 1354 L.
1322 1289 1375 1354 Sci
1399 1289 1441 1367 io,

352 1401 447 1464 quam
469 1377 572 1462 magis
594 1399 654 1462 pro
679 1399 723 1456 se,
747 1397 843 1460 quum
861 1377 1012 1439 adversus
1032 1373 1145 1459 legem,
1163 1374 1324 1438 dicturum
1385 1395 1442 1458 pa-

351 1465 451 1542 rebat,
466 1463 626 1526 dissuasor
640 1461 803 1560 processit.
838 1460 865 1522 is
880 1467 1103 1544 postmortem
1123 1459 1159 1522 P.
1169 1458 1310 1522 Africani
1324 1459 1442 1537 fratris,

352 1549 411 1614 viri
425 1547 568 1612 omnium
582 1545 744 1610 fortissimi
755 1543 993 1628 clarissimique,
1008 1565 1077 1608 cam
1092 1551 1233 1606 exortam
1245 1543 1442 1628 rogationem

353 1641 402 1697 est
425 1638 629 1714 conquestus.
671 1632 789 1693 Panem
810 1631 889 1692 eram
905 1627 1015 1710 fiebas,
1038 1649 1099 1692 aare
1113 1627 1236 1690 Medati
1244 1649 1304 1709 pro
1319 1629 1444 1691 Rostris

353 1719 392 1780 P.
403 1715 586 1796 Africanam
598 1719 672 1796 past
693 1720 829 1792 marion,
853 1715 914 1776 aiei
933 1715 1026 1776 etiam
1045 1719 1250 1777 armaretur.
1292 1713 1338 1776 at
1358 1713 1444 1776 Kar-

353 1802 556 1882 ttapiniemee
569 1800 676 1861 casilia
690 1799 874 1862 Hannibalis
889 1805 1043 1862 commetat
1061 1818 1143 1861 esee:
1160 1799 1307 1879 popum
1330 1798 1445 1860 Roma-

353 1905 425 1948 aam
439 1905 476 1947 aa
488 1889 585 1946 morte
606 1883 725 1964 quidem
739 1883 777 1946 P.
790 1883 941 1964 sapiam
955 1884 1115 1960 acediari,
1136 1884 1196 1945 aiei
1208 1888 1238 1944 ei
1252 1879 1445 1963 ipsiassama

354 1969 464 2050 sepulti
478 1969 639 2046 laceretur,
653 1973 683 2030 et
689 1965 797 2048 stater
810 1969 946 2048 imper,
961 1966 982 1998 ’⁸
993 1969 1124 2031 accessio
1139 1967 1270 2044 invidia,
1284 1973 1444 2030 mactetur.

356 2053 405 2116 M.
420 2051 500 2116 Cato
529 2051 629 2114 suasit
656 2051 863 2136 rogationem,
891 2053 1007 2132 (exstat
1029 2051 1129 2114 oratio
1152 2051 1221 2135 ejus
1244 2051 1283 2114 de
1309 2049 1446 2135 pecunia

355 2137 438 2222 regis
453 2136 615 2220 Antiochi)
632 2145 664 2200 et
680 2137 856 2200 Mummios
869 2137 1016 2200 tribunos
1029 2135 1214 2200 auctoritate
1228 2135 1390 2212 deterruit,
1405 2153 1446 2197 ne

356 2223 596 2286 adversarentur
630 2243 665 2284 ro
705 2220 794 2284 tioni.
838 2220 1087 2284 Remittentibus
1115 2241 1189 2304 ergo
1218 2219 1269 2282 his
1296 2219 1447 2282 interces-

375 2307 381 2321 .
659 2305 665 2320 .
792 2305 800 2320 .
987 2315 1000 2345 u
1029 2305 1036 2319 .

357 2312 1306 2476 “mitt§Petiliitimiditati...
1323 2387 1449 2452 nam

379 2497 497 2538 uterere
519 2475 645 2552 veilent,
669 2475 710 2540 Q.
725 2474 910 2538 Terentium
933 2473 1119 2538 Culleonem
1143 2474 1252 2536 Patres
1268 2472 1448 2556 jusserunt.

388 2559 410 2622 d
434 2561 521 2622 hunc
544 2565 722 2642 praetorem,
741 2559 819 2621 adeo
836 2559 974 2622 amicum
992 2557 1147 2622 Corneliae
1166 2557 1303 2635 familiae,
1325 2564 1372 2635 ut,
1392 2557 1449 2640 qui

349 2645 469 2706 ..Romae
482 2650 644 2704 mortuum
660 2640 840 2725 elatumque
857 2643 892 2706 P.
906 2643 1087 2726 Scipionem
1105 2645 1165 2723 (eat
1178 2641 1262 2705 euim
1273 2663 1310 2704 ea
1321 2661 1449 2726 quoque

356 2727 450 2807 sama)
472 2726 612 2802 tradunt,
634 2725 797 2808 pileatum,
818 2726 902 2789 sicut
923 2727 957 2790 iu
983 2727 1080 2790 trium
1104 2728 1146 2790 ho
1170 2726 1258 2804 ierat,
1280 2725 1315 2789 in
1337 2727 1449 2789 funere

357 2830 484 2957 quoque
499 2818 572 2926 aqte
586 2809 704 2872 lectum
719 2808 791 2888 isse,
806 2811 966 2909 memoriae
981 2749 1188 2910 prodiderint,
1209 2819 1241 2874 et
1265 2811 1305 2873 ad
1323 2818 1450 2908 portam

357 2893 1149 3066 lt?¹¹33...tltlaltssitzltlllfiltt
1161 2895 1353 3044 {titii
1365 2905 1451 3044 tit?

357 3063 521 3128 inimicum
545 3065 703 3142 eumdem,
729 3071 767 3128 ut
787 3073 920 3163 propter
944 3064 1102 3150 insignem
1127 3065 1320 3128 simultatem
1343 3064 1384 3128 ab
1412 3085 1451 3127 ea

357 3149 503 3227 factione,
518 3171 590 3246 quae
601 3149 732 3212 adversa
743 3149 945 3297 &Quibus
956 3149 1182 3228 erat,delectus
1193 3149 1237 3248 sit
1244 3148 1450 3234 potissimum

358 3233 399 3296 ad
423 3243 632 3331 quaestronem
649 3255 781 3296 exercen
865 3260 874 3312 ;
896 3243 1036 3298 ceterum
1052 3234 1191 3298 adhunc
1206 3233 1301 3296 nimis
1317 3253 1449 3316 aequum

358 3325 414 3381 aut
428 3317 574 3400 iniquum
588 3326 756 3402 praetorem
769 3340 842 3382 reus
858 3318 1017 3404 extemplo
1032 3319 1135 3382 factus
1149 3319 1188 3382 L.
1203 3318 1329 3403 Scipi03
1352 3317 1449 3380 simul

358 3409 391 3466 ct
415 3401 519 3465 delata
541 3410 574 3464 et
594 3411 721 3487 recepta
745 3403 874 3466 nomina
891 3403 920 3467 ie
943 3413 1066 3468 atcmm
1084 3403 1162 3488 ejus,
1184 3403 1267 3466 aet
1281 3403 1319 3465 L.
1335 3401 1450 3464 Hosti·

358 3487 473 3550 liorum
485 3485 655 3565 Catonum,
665 3495 698 3550 et
713 3486 846 3551 &Furii
855 3488 903 3551 Ac
938 3487 1026 3552 eouis
1037 3487 1220 3572 quaestoris:
1236 3495 1279 3564 et,
1294 3495 1332 3550 ut
1340 3486 1449 3550 omnia

359 3579 504 3634 contacta
518 3569 665 3634 societate
680 3572 845 3656 peculatus
860 3572 1051 3651 viderentur,
1067 3571 1177 3636 scribae
1192 3593 1318 3656 quoque
1332 3571 1396 3634 duo
1414 3579 1449 3633 et

359 3675 519 3719 accensus.
564 3657 602 3719 L.
618 3656 787 3735 Hostilius,
803 3663 836 3720 et
849 3656 970 3736 scribae,
986 3665 1018 3719 et
1031 3677 1191 3734 accensus,
1206 3655 1392 3740 priusquam
1406 3655 1448 3718 de

217 3881 223 3894 .
253 3861 320 3908 cipio.
559 3873 569 3905 ,
662 3872 670 3890 ι
968 3873 975 3889 .

754 3989 766 4018 ¹¹
779 3992 879 4047 rogasset
891 3987 963 4032 Gran.
977 3985 1044 4032 Cres.

219 4117 272 4194 'tt'
282 4119 297 4150 ⁸
314 4119 418 4166 Accessia
428 4118 531 4182 bviam]
549 4121 630 4170 Altera
643 4125 736 4174 victima
751 4127 812 4174 invi·
834 4125 954 4187 triumpho
974 4127 1004 4173 ab
1023 4125 1164 4186 imperatore
1183 4125 1339 4180 donabantur,
1351 4131 1377 4172 ut
1388 4139 1447 4186 pro·

202 4181 247 4228 droe
266 4195 291 4228 m
308 4182 334 4228 P.
344 4183 476 4242 Scipionem
491 4186 625 4242 concitatu
642 4191 745 4236 emunda
761 4191 811 4238 icco
834 4191 873 4236 bat
884 4205 914 4236 ea
927 4191 1009 4237 Plauto
1022 4189 1147 4236 Turnebus
1160 4191 1257 4236 Advers.
1269 4190 1284 4236 i.
1297 4189 1362 4236 xtv.
1374 4205 1394 4236 c.
1407 4189 1447 4236 li.

201 4246 304 4303 objectus
322 4247 490 4310 incamus
507 4249 572 4308 prior
590 4251 615 4298 P.
628 4253 705 4311 Scipio
723 4255 809 4302 caulla-
835 4255 911 4301 liaeo
927 4255 1036 4314 exemplo
1049 4261 1074 4300 et
1091 4268 1156 4300 more
1168 4261 1218 4300 tum
1232 4254 1312 4300 Livius
1330 4253 1450 4314 significat

199 4315 286 4366 timi·
835 4317 972 4364 Culleonem
992 4319 1017 4364 in
1035 4317 1140 4364 atnmni
1162 4317 1251 4375 iuuere,
1271 4325 1385 4364 renovata
1404 4319 1450 4364 tri-

232 4371 264 4425 97
280 4373 380 4422 Malean
395 4378 519 4436 prosecutis
532 4375 607 4438 sasas
624 4377 724 4441 habes]
745 4382 809 4428 idai·
835 4382 918 4442 umphi
939 4383 990 4442 eius
1011 4381 1133 4437 memoria,
1156 4382 1248 4428 dedisse
1271 4382 1384 4436 mulsum,
1406 4389 1450 4428 aut

200 4447 251 4480 sum
263 4445 299 4482 est
309 4439 373 4496 potio
383 4453 412 4485 ea
424 4439 479 4486 vino
489 4449 514 4487 et
523 4443 592 4489 meiie
609 4450 744 4504 temperata,
754 4461 806 4505 que
835 4445 948 4504 triumphi
968 4445 1088 4494 imitatum
1105 4445 1270 4494 liberalitatem
1281 4453 1306 4493 et
1317 4446 1450 4506 imaginem

199 4499 262 4557 apud
278 4509 367 4548 veteres
383 4511 433 4550 erat
452 4505 477 4552 in
496 4506 591 4554 deliciis.
626 4507 662 4554 Bo
678 4510 763 4556 milites
780 4511 804 4558 in
834 4509 879 4556 boc
890 4509 980 4558 iecisse.
