3098 4958
445 313 535 380 LlB.
557 313 681 380 XLIV.
713 315 809 381 cAP.
831 315 872 382 V.
1291 327 1356 390 413

99 466 162 546 die,
175 471 267 552 pmte
280 464 446 551 copiarum
460 465 501 529 ad
514 465 700 552 praesidium
710 475 885 532 castrorum
899 468 1017 550 relicta,
1030 470 1142 536 consul
1150 471 1192 537 ad
1204 491 1232 538 u.
1245 491 1271 538 c.
1283 491 1337 540 aaa

99 553 225 616 hostem
240 550 340 614 ducit.
1203 555 1336 604 nonen

144 636 203 700 lV.
236 635 376 720 Hippias
398 654 501 719 nuper
526 634 568 698 ad
591 634 747 700 tuendum
772 635 888 700 saltum
912 637 952 700 ab
976 657 1050 724 rege
1073 639 1189 704 missus
1204 641 1275 688 levi·
1285 659 1347 704 nroe·

98 729 185 784 erate
207 719 274 804 qui,
288 741 327 782 ex
351 739 415 802 quo
436 727 539 782 cestra
553 719 696 782 Romana
716 719 749 782 in
772 721 896 784 tumulo
919 723 1093 820 conspexit,
1107 745 1189 822 pres-
1202 706 1337 816 mgni·

99 805 219 890 paratis
234 803 274 868 ad
289 811 449 868 certamen
471 802 584 866 animis
599 825 739 882 suorum,
753 805 891 868 venienti
912 826 1030 904 agmrnr
1050 808 1188 872 consulu
1202 835 1251 879 su..

99 889 215 954 obvius
227 889 305 952 fuit:
327 896 361 952 et
375 887 512 950 Romani
526 887 664 972 expediti
678 889 719 951 ad
740 910 882 972 pugnam
903 898 1052 970 exierant,
1068 901 1100 955 et
1114 893 1188 956 hoe-

98 983 160 1036 tes.
188 973 265 1036 levis
279 981 438 1036 armatura
451 980 528 1050 erut,
539 971 790 1056 promtissimum
840 995 901 1037 nus
916 974 957 1038 ad
970 975 1188 1042 lacessendum

99 1065 270 1121 certamen.
296 1055 467 1140 Congressi
481 1056 579 1140 igitur
592 1057 762 1142 extemplo,
775 1065 807 1120 te
852 1058 1064 1143 conjecerunt.
1087 1061 1189 1126 multa

98 1141 259 1226 utrimque
281 1141 413 1204 vulnera
436 1139 601 1204 temerario
628 1141 758 1204 incursu
787 1149 820 1204 ct
847 1151 984 1228 accepta,
1012 1152 1044 1208 et
1071 1141 1186 1210 inlatas

98 1225 193 1312 pauci
208 1226 374 1310 utriusque
388 1225 487 1311 partis
499 1224 691 1288 ceciderunt.
733 1225 868 1290 Irritatis
881 1226 915 1289 in
929 1235 1092 1311 postemm
1103 1229 1186 1294 diem

97 1309 223 1388 animis,
238 1309 411 1396 majoribus
426 1309 526 1394 copiis
541 1317 636 1392 atque
650 1309 797 1372 infestius
811 1331 1001 1375 concursum
1016 1312 1143 1392 abillis,
1159 1313 1186 1377 si

97 1394 160 1458 loci
183 1394 260 1458 satis
282 1393 554 1479 adexplicandam
575 1393 673 1456 aciem
696 1393 827 1458 fuisset:
858 1393 976 1479 jugum
999 1397 1128 1476 montis,
1152 1398 1186 1462 in

95 1477 1187 1646 ililllmdidimildillmtlli'timi⁸⁰lldlbbffi⁸t⁰b¹¹d

95 1647 189 1725 tudo,
227 1583 364 1732 raecpiisue
378 1647 433 1730 qui
448 1584 594 1732 graviiudd
605 1583 876 1726 armorilmgldffnt,
892 1587 1187 1736 spectatoresmpug-

96 1753 149 1796 nae
164 1741 213 1796 sta
278 1740 301 1796 t.
330 1731 407 1795 levis
428 1739 587 1795 mmatura
601 1731 696 1794 etiam
709 1752 768 1816 per
789 1733 960 1796 ambactus
970 1733 1042 1818 jugi
1055 1755 1184 1818 procur·

96 1838 175 1896 rere,
188 1825 221 1880 et
233 1817 273 1880 ab
288 1815 438 1880 lateribus
452 1837 526 1880 cum
546 1815 608 1880 levi
622 1825 780 1879 armatura
795 1816 815 1850 ¹⁸
825 1837 998 1896 conserere,
1008 1839 1066 1903 per
1078 1818 1187 1903 iniqua

96 1909 191 1985 atque
206 1923 299 1986 aequa
313 1901 532 1986 locapugnam
546 1909 663 1986 petere.
683 1921 730 1979 ac,
737 1900 886 1999 pluribus
896 1923 933 1966 ea
942 1902 992 1966 die
1002 1903 1186 1984 vulneratis,

96 2007 193 2070 quam
217 1985 401 2064 interfectis,
423 1985 571 2070 proelium
597 1992 690 2048 nocte
714 1985 884 2050 diremtum
905 1993 964 2050 est.
1005 1987 1113 2052 'l'ertio
1135 1989 1186 2053 die

95 2091 188 2154 egere
210 2070 341 2135 consilio
365 2071 530 2134 Romanus
555 2067 743 2154 imperator:
773 2091 848 2133 narn
872 2091 976 2154 neque
998 2091 1124 2135 manere
1152 2072 1186 2137 in

89 2153 625 2303 re
648 2153 1006 2301 ur

94 2345 156 2388 nec
171 2323 257 2388 uliud
270 2324 418 2403 restabat,
432 2261 527 2408 qiam
541 2323 692 2387 audacter
705 2322 909 2386 commissum
923 2260 1076 2408 perculsi
1090 2285 1187 2387 auda:

95 2409 155 2487 cia,
168 2431 240 2494 quae
255 2409 397 2495 prudens
420 2407 581 2472 interdum
604 2407 636 2475 in
660 2407 749 2470 exitu
766 2415 824 2486 est,
838 2407 1002 2506 corrigere.
1045 2407 1186 2472 Ventum

95 2494 225 2578 quidem
240 2502 307 2558 erat
328 2515 376 2574 eo,
390 2502 437 2572 ut,
452 2493 480 2556 si
503 2493 628 2556 hostem
651 2491 786 2556 similem
808 2492 946 2578 antiquis
973 2491 1186 2557 Macedonum

94 2577 225 2664 regibus
244 2579 407 2643 habuisset
422 2577 545 2656 consul,
558 2597 676 2662 magna
697 2577 802 2640 clades
825 2576 925 2663 accipi
947 2577 1096 2662 potuerit.
1121 2578 1186 2657 sed,

94 2683 198 2748 quum
212 2663 252 2728 ad
268 2663 367 2728 Dium
381 2685 439 2748 per
453 2662 545 2726 litora
566 2683 640 2726 cum
655 2661 816 2745 equitibus
829 2671 997 2761 vagaretur
1017 2683 1082 2742 ren,
1092 2669 1125 2726 et
1146 2663 1186 2726 ab

95 2747 263 2812 duodecim
284 2747 425 2812 millibus
440 2768 539 2833 prope
555 2747 722 2810 clamorem
735 2755 768 2810 et
786 2755 954 2832 strepitum
975 2747 1187 2895 pugnantium

94 2833 228 2912 audiret,
242 2853 301 2897 nec
324 2833 413 2896 auxit
426 2832 534 2917 copias
558 2831 698 2916 integros
721 2829 812 2894 sessis
837 2831 1010 2896 submitten
1033 2853 1063 2910 o,
1084 2853 1187 2916 neque

95 2917 178 3002 ipse,
194 2918 281 3001 quod
304 2918 478 3003 plurimum
501 2916 660 2994 intererat,
675 2916 839 2978 certamini
862 2915 982 2978 adsuit:
1005 2937 1105 2999 quum
1123 2917 1188 2979 Ro-

93 3023 211 3065 manus
227 3003 407 3100 imperator,
421 3001 522 3086 major
536 2999 699 3084 sexaginta
712 2999 814 3077 annis,
824 2999 1036 3084 etpraegravis
1047 3021 1187 3084 corpore,

95 3087 204 3150 omnia
216 3087 362 3150 mihtaria
375 3107 508 3152 munera
520 3085 589 3185 ipse
603 3085 727 3169 inpigre
749 3083 860 3148 obiret.
903 3083 987 3168 Egre
1012 3082 1038 3146 'e
1058 3083 1099 3146 ad
1113 3083 1188 3145 ulti-

93 3193 187 3236 mum
201 3171 233 3235 in
249 3171 399 3236 audacter
420 3191 589 3236 commisso
610 3167 839 3254 perseveravit:
862 3175 905 3248 et,
921 3169 989 3252 Pop
1027 3167 1055 3230 'o
1078 3167 1187 3231 relicto

94 3255 131 3320 in
147 3255 382 3342 custodiajugi,
436 3253 552 3320 rinvia
565 3263 793 3339 transgressus,
807 3251 990 3338 praemissis,
1006 3251 1061 3350 qui
1075 3273 1187 3337 repur-

93 3349 209 3424 garent
233 3340 303 3418 iter,
317 3341 362 3404 At
406 3347 509 3404 umet
524 3338 733 3424 Misagenem,
751 3359 825 3402 cum
849 3359 916 3401 suae
937 3343 1041 3422 gentis
1063 3345 1187 3400 utrum-

94 3445 160 3510 que
188 3425 402 3504 auxiliaribus,
451 3423 575 3488 raesidio
604 3445 673 3488 esse
702 3422 818 3487 saltum
846 3421 1059 3508 aperientibus
1081 3421 1187 3508 jubet.

93 3509 177 3594 ipse,
190 3509 312 3608 equites
337 3447 615 3595 inperimeumque
632 3529 699 3593 prae
720 3529 753 3571 se
769 3507 900 3586 babens,
914 3527 988 3571 cum
1010 3506 1187 3592 legionibus

94 3603 425 3744 ngqeqpptgraqmbffis
439 3677 529 3742 labor
543 3675 807 3740 descendentibus
822 3697 896 3738 eum
917 3674 1009 3738 ruina
1024 3674 1186 3773 jumento-
1200 3695 1329 3770 uinculu-

91 3785 169 3827 rum
182 3763 448 3846 sarcinarumque.
494 3761 670 3847 Progressis
690 3759 820 3824 vixdum
839 3767 975 3844 quatuor
996 3759 1094 3858 millia
1113 3781 1187 3845 pas-
1199 3759 1318 3806 infletum·

93 3869 193 3912 suum
207 3847 287 3912 nihil
302 3847 472 3932 optabilius
487 3867 566 3925 esse,
580 3867 676 3930 quam
687 3845 798 3924 redire,
813 3865 877 3928 qua
889 3851 1050 3924 venerant,
1065 3865 1092 3908 sr
1112 3865 1187 3930 pos·

140 3995 270 4060 bpertentu
280 4002 301 4047 ri
312 4000 400 4048 cedenti
411 4015 438 4047 rr
448 3999 601 4060 superioribus
612 3999 667 4046 locta
677 4000 772 4044 instaret
783 3998 860 4053 boeth,
870 4002 960 4058 poterat
972 3996 1067 4058 Krcyu.
1080 3995 1157 4044 serr.

129 4137 160 4185 lc
177 4137 191 4164 '
203 4139 282 4185 Tenis
292 4139 407 4186 ordinibus
419 4169 425 4184 .
436 4169 458 4184 ..
470 4139 494 4184 in
499 4133 590 4198 fronte]
607 4137 708 4183 Ordines
740 4141 794 4183 utra
804 4149 848 4182 vor
859 4133 962 4196 prolecto
972 4135 1065 4182 excidit.

91 4203 133 4250 bic
146 4201 292 4260 intelligendi
302 4203 411 4248 ridentur
422 4201 549 4248 introrsum
560 4201 667 4261 porrecti,
676 4200 709 4246 ita
772 4199 805 4245 ²0
821 4199 866 4246 Sed
884 4201 1006 4246 cedenti..
1020 4201 1143 4246 ..instare
1162 4197 1231 4242 bottis
1248 4193 1350 4258 poterat]

91 4275 120 4312 ut
133 4265 194 4311 terni
207 4266 312 4312 bornInes
324 4265 348 4312 in
360 4265 436 4312 fronte
453 4273 539 4320 cuent,
556 4279 614 4324 quos
624 4278 708 4323 aeque·
741 4262 859 4309 Emendat
877 4262 1023 4309 Gronovius:
1047 4263 1107 4310 Non
1126 4275 1196 4320 neque
1217 4273 1306 4306 noune
1327 4262 1351 4307 tar

88 4334 266 4389 ulutatergo
275 4331 357 4389 longus
366 4330 424 4376 ordo
435 4343 539 4376 suorum.
560 4327 709 4389 llinepnuci·
734 4324 795 4387 jugo
813 4329 880 4387 inopi,
900 4341 970 4388 nequ
991 4325 1082 4388 regredi
1101 4327 1149 4371 sine
1165 4325 1264 4384 flagitio,
1284 4329 1351 4385 atqu

89 4405 128 4442 tu
141 4393 371 4452 pugnantium,mor
383 4407 398 4440 ι
412 4393 478 4439 Livio
489 4401 576 4440 noma
742 4393 810 4438 eticae
826 4391 964 4450 mentori
980 4391 1068 4437 cedenti
1085 4403 1113 4436 c:
1127 4387 1279 4448 “perietibus
1297 4389 1352 4436 aaa

127 4457 159 4506 ta
177 4455 310 4520 Quaere]
330 4457 607 4518 Mannmnelpugnam.
632 4454 712 4503 Alter·
743 4455 1032 4514 immunitumque.
