3086 4952
268 353 311 416 68

858 343 951 408 ΤΙΤΙ
983 341 1098 408 alvu

269 514 299 562 υ.
312 511 406 561 caat.
435 499 482 562 ita
503 499 703 581 permittatis.
746 495 832 560 Tum
853 494 1016 560 decretum
1039 493 1204 570 Phaeneae,
1218 489 1252 554 ia
1274 511 1339 575 quo
1358 489 1392 555 id
1415 492 1466 555 dis

269 580 298 626 Α·
311 577 339 624 ⁰·
353 575 406 625 ¹⁹¹·
436 583 590 669 scriptum
605 589 682 660 erat,
696 579 846 644 ostendit
892 579 1019 652 Quando
1033 597 1116 660 erpo,
1136 575 1252 660 iuquit,
1273 577 1319 639 ita
1337 581 1466 658 pemnitt

268 641 391 752 &iffi
428 669 562 750 portato,
577 673 612 730 ut
626 667 701 729 mitri
715 666 928 728 Dmeearcbam
944 665 1037 727 domn
1051 669 1193 740 vestram,
1204 668 1234 724 et
1243 661 1466 724 Meneatam¹¹t

268 720 310 766 poa

434 759 544 830 rotam,
562 751 779 836 (Naupactum
793 749 821 811 ie
835 770 909 811 cum
923 747 1071 832 praesidio
1083 747 1245 830 ingressus
1267 745 1308 808 ad
1322 745 1466 808 defectior

434 835 641 922 compulerat)
659 841 689 898 et
703 835 936 916 Amynandrum
950 851 1017 896 cum
1025 832 1218 914 principibae
1226 833 1445 908 Athamanum,
1460 855 1466 911 ς

434 941 503 983 ram
528 921 653 984 canaida
687 919 726 982 ab
761 917 848 981 nobie
875 915 1038 998 deformia,
1060 917 1126 978 m‘ne
1146 935 1233 978 mora
1254 915 1384 978 maara.
1428 916 1466 977 Pr

435 1005 593 1068 dicentem
614 1003 781 1066 interfatus
806 1003 988 1064 Romanum
1010 1001 1174 1080 Phaeueaa,
1188 1000 1260 1062 Non
1285 1001 1318 1062 in
1346 1001 1466 1062 aemam

434 1089 550 1173 iuquit,
564 1089 620 1152 red
629 1091 663 1152 in
670 1087 766 1168 fidem
781 1093 866 1150 taam
886 1105 942 1148 nor
967 1085 1160 1148 tradidimae.
1190 1089 1220 1146 et
1244 1090 1360 1146 certmn
1382 1085 1466 1146 trater

434 1173 630 1256 inprudentia
654 1173 726 1250 labi,
742 1173 794 1254 qm·
816 1171 902 1234 nobie
923 1171 1061 1252 imperes,
1076 1189 1142 1250 qao
1163 1169 1257 1231 mom'e
1274 1169 1449 1231 Groecoram

434 1260 506 1321 rint.
549 1257 603 1321 Ad
614 1258 683 1321 hoec
694 1255 817 1333 consul,
831 1256 898 1318 Nec
909 1255 1031 1332 Hercle,
1042 1253 1157 1336 inquit,
1166 1273 1346 1334 mapnopme
1357 1273 1466 1316 nance

435 1343 511 1424 quid
521 1343 623 1406 AEtote'
636 1343 716 1404 ratic
728 1361 768 1403 ea
781 1361 864 1403 mare
881 1341 1054 1402 Gracomtm
1061 1337 1182 1420 sactum
1200 1357 1264 1400 eree
1279 1343 1438 1400 censeant:
1462 1365 1466 1398 ι

435 1447 489 1509 eya
503 1447 587 1490 mare
600 1427 737 1490 Romano
751 1424 939 1506 ”imperium
958 1424 1110 1486 inhibeam
1131 1424 1165 1484 in
1177 1422 1296 1485 dedam
1309 1423 1396 1484 modo
1412 1423 1466 1484 dec

434 1531 500 1590 meo,
515 1517 586 1575 ante
600 1513 696 1574 amnia
709 1511 814 1573 victor.
856 1509 975 1590 Itaque,
989 1509 1023 1570 m'
1030 1527 1163 1588 propere
1168 1505 1221 1587 fit,
1236 1507 1317 1588 quod
1329 1509 1466 1587 impero,

435 1598 495 1659 ciri
508 1595 636 1676 acejum
642 1595 756 1675 jubeo:
779 1591 957 1676 adferrique
971 1599 1108 1669 catenae,
1118 1599 1151 1654 et
1165 1589 1394 1688 circumsistere
1406 1591 1466 1654 liet<

430 1675 1466 1846 aaa,natantianatanttbn,aaa

435 1867 521 1925 neas,
535 1853 565 1909 et
579 1849 631 1928 qui
651 1847 753 1909 adaint
767 1847 954 1923 AEtotmam
968 1845 1202 1926 eciresocienda
1217 1865 1290 1923 erre,
1304 1865 1369 1926 qaae
1386 1848 1464 1926 impe

435 1938 497 2009 tar,
516 1931 615 1994 dixit:
637 1932 693 1995 red
705 1931 749 1992 ad
761 1931 949 1993 decanenda
966 1951 1003 1992 ea
1023 1931 1149 1992 concilio
1163 1931 1339 1992 AEtolorum
1363 1951 1437 2010 apae
1460 1955 1466 1992 r

435 2017 479 2078 ad
491 2015 527 2078 id
534 2021 649 2098 petere,
663 2021 697 2078 ut
712 2015 814 2077 decem
827 2015 945 2077 dierum
968 2014 1108 2076 induciae
1128 2015 1227 2077 daret.
1273 2015 1404 2076 Petente
1420 2015 1466 2076 Fu

435 2121 494 2185 pro
518 2099 646 2178 AEtolis,
668 2099 805 2162 induciae
828 2099 928 2176 datae3
959 2106 992 2160 et
1012 2097 1177 2182 Hypatam
1202 2097 1339 2160 reditum
1364 2107 1421 2161 est.

435 2205 535 2269 quum
551 2185 584 2248 in
609 2183 756 2248 consilio¹
772 2183 976 2260 delectorum,
1000 2203 1080 2266 quos
1102 2183 1275 2267 Apocletos
1297 2185 1466 2260 vocant,P

435 2291 521 2350 neas,
547 2279 579 2334 et
599 2291 671 2354 quae
697 2269 937 2354 imperarentur,
961 2275 994 2330 et
1015 2287 1087 2350 quae
1111 2267 1189 2364 ipsis
1211 2289 1311 2353 prope
1335 2269 1466 2330 accidiss

435 2355 653 2440 exposuisset3
676 2353 901 2438 ingemuerunt
924 2351 1053 2436 quidem
1076 2351 1237 2437 principes
1261 2352 1433 2414 conditioni
1456 2375 1466 2416 ε

435 2439 613 2525 parendum
642 2447 750 2501 tamen
772 2437 884 2501 victori
907 2437 1089 2515 censebant,
1115 2444 1147 2499 et
1171 2457 1210 2500 ex
1234 2436 1382 2500 omnibus
1406 2459 1465 2521 opp

436 2523 658 2586 convocandos
673 2521 800 2584 AEtoloa
816 2521 857 2584 ad
872 2521 1052 2584 concilium.

272 2621 422 2682 arapenn-
479 2605 611 2670 XXIX.
636 2607 809 2687 Postquam
824 2626 898 2667 vero
914 2606 1017 2668 omnia
1033 2613 1142 2669 coacta
1160 2605 1332 2669 multitudo
1346 2605 1456 2668 eadem

271 2691 310 2731 ¹²¹¹
322 2685 401 2732 M·
436 2690 567 2766 audivit,
582 2689 660 2752 adeo
675 2688 926 2774 aaevitiaimperii
940 2697 1034 2774 atque
1052 2690 1240 2774 indignitate
1250 2691 1424 2775 exasperati
1435 2713 1465 2752 ar

437 2783 523 2852 aunt,
535 2782 582 2852 ut,
591 2773 618 2835 ai
627 2771 660 2835 iu
669 2793 746 2872 pace
755 2773 955 2851 fuimentillo
965 2774 997 2837 in
1023 2783 1077 2837 etu
1086 2775 1141 2837 irae
1151 2775 1302 2837 concitari
1316 2776 1465 2860 potueriu

435 2857 565 2922 bellum.
609 2857 662 2921 Ad
675 2879 753 2920 uam
768 2857 937 2922 accedebat
951 2868 983 2921 et
1021 2859 1166 2922 'fficultao
1182 2881 1383 2942 eorum,quae
1399 2861 1465 2943 imp

436 2951 564 3009 rentur:
580 2963 709 3026 quonam
718 2944 805 3006 modo
814 2946 1004 3025 animatione
1015 2964 1115 3026 repam
1124 2945 1397 3025 Amynandramee
1410 2951 1465 3006 tra<

430 3035 548 3111 pocae?
591 3029 636 3092 Et
650 3049 723 3114 spes
738 3028 818 3091 forte
833 3027 949 3107 oblata,
964 3029 1051 3175 ‹puod
1065 3027 1235 3106 Nicander,
1250 3049 1287 3092 eo
1302 3028 1372 3113 ipso
1390 3036 1465 3112 tem]

436 3114 476 3177 ab
498 3135 572 3198 rege
587 3113 747 3176 Antiocho
761 3113 901 3191 veniens,
919 3113 976 3198 inp
989 3113 1053 3176 evit
1076 3113 1309 3197 exspectatione
1323 3133 1404 3175 vana
1425 3135 1464 3174 mr

436 3197 592 3273 tudinem,
607 3205 691 3259 terra
704 3197 846 3281 marique
860 3197 973 3281 ingens
988 3197 1091 3282 parari
1113 3197 1243 3260 bellum.
1288 3197 1321 3260 Ia
1345 3197 1464 3260 duodec

437 3281 488 3343 die
496 3291 528 3358 ¹²¹,
553 3301 649 3363 quam
672 3282 898 3344 conscenderat
920 3303 1042 3358 navem,
1057 3281 1091 3343 iu
1106 3281 1270 3360 AEtoliam,
1285 3281 1424 3366 perfecta
1449 3282 1464 3342 lt

437 3364 534 3443 tione,
548 3363 672 3427 rediens
688 3365 844 3428 Phalaran
859 3366 893 3428 iu
913 3366 985 3429 sinu
1004 3365 1141 3429 Maliaco
1156 3366 1270 3429 tenuit.
1297 3366 1371 3428 iude
1387 3367 1464 3428 Lam

436 3449 604 3548 pecuniam
619 3469 719 3534 quum
735 3449 921 3528 devexisset,
934 3451 1002 3536 ipse
1018 3471 1091 3514 cum
1107 3451 1263 3535 expeditis
1277 3471 1332 3512 ves
1356 3471 1409 3512 era
1430 3472 1464 3534 pr

437 3543 520 3597 anter
535 3533 749 3597 Macedonum
766 3535 971 3618 Romanaque
986 3543 1089 3598 castra
1103 3535 1208 3598 medio
1299 3472 1403 3612 ,tium
1421 3535 1464 3618 Η]

437 3626 503 3681 tam
531 3618 616 3682 uotis
646 3617 779 3682 callibus
807 3619 899 3704 petit,
927 3619 1153 3683 iactationem
1176 3619 1239 3682 inei
1264 3619 1288 3681 ‘t
1307 3619 1464 3682 Macedon

437 3703 656 3788 deductusque
672 3703 712 3768 ad
726 3725 834 3788 regem
855 3711 914 3782 est,
930 3704 1074 3766 nondum
1089 3703 1233 3767 convivio
1250 3703 1390 3766 dimisso.
1436 3705 1463 3768 Q

437 3786 492 3849 ubi
508 3787 695 3851 nunciatum
710 3795 769 3865 est,
783 3787 872 3850 velut
894 3787 1041 3872 hospitis,
1056 3809 1121 3852 non
1141 3787 1252 3866 hostis,
1268 3787 1407 3851 adventu
1425 3809 1463 3849 m<

437 3869 616 3956 Philippus,
629 3871 818 3935 adcumbere
826 3893 899 3935 eum
914 3872 1098 3957 epularique
1107 3872 1235 3957 jussum
1245 3883 1268 3950 ⁰,
1280 3880 1375 3956 atque
1386 3871 1463 3950 inde¹

435 3955 541 4018 missis
556 3955 635 4034 aliis,
646 3955 749 4018 solum
764 3964 934 4035 retentum,
949 3956 1056 4041 ipsum
1068 3957 1197 4040 quidem
1212 3957 1252 4019 de
1268 3977 1301 4020 se
1316 3957 1426 4018 timere
1441 3979 1461 4040 q

435 4059 532 4122 quam
545 4039 656 4103 vetuit
678 4041 861 4103 AEtolorum
872 4061 970 4126 prava
985 4041 1125 4120 consilia,
1135 4049 1230 4126 atque
1241 4041 1274 4103 in
1286 4041 1428 4126 ipsorum
1437 4063 1463 4103 ce

435 4144 560 4209 semper
582 4123 763 4202 recidentia,
787 4125 955 4190 accusavit.
982 4126 1037 4209 qui
1062 4126 1203 4211 primum
1227 4126 1399 4202 Romanos,
1421 4126 1463 4188 de:

590 4241 729 4294 kMatutam
741 4248 814 4293 Gron.
827 4250 894 4294 crae.
1192 4245 1200 4284 ¹
1211 4251 1304 4298 mnettto
1315 4251 1388 4296 tiron.

431 4315 452 4346 Β
465 4311 630 4360 Damam
640 4311 677 4356 aa
687 4311 784 4370 Kreym.
799 4311 873 4357 aaut.
971 4317 985 4345 fl
998 4313 1121 4360 Phaleron
1133 4315 1206 4360 Gran.
1272 4313 1364 4374 ‘’juen
1376 4315 1452 4360 Gran.

300 4420 333 4468 98
350 4421 470 4482 lupariam
480 4417 605 4482 mutuam]
625 4421 675 4468 Hoc
684 4428 720 4467 eat
731 4419 883 4470 acerrimum
915 4425 974 4470 mam
993 4425 1095 4472 inhibere
1112 4433 1149 4471 ert
1164 4439 1273 4472 exercere
1292 4425 1425 4484 imperium,
1438 4435 1462 4471 ut

270 4483 382 4530 Gronovti
405 4488 545 4544 conjectura,
567 4499 641 4545 quum
666 4485 754 4544 vulgati
780 4485 884 4533 habeant
915 4487 989 4548 perio.
1025 4487 1462 4549 viarupn111.88‚ermaen0t.t

268 4548 421 4606 rammam
436 4549 630 4609 tabanmrtpti
646 4549 773 4596 adhibeam.
806 4549 882 4610 Impe-
916 4551 1074 4598 althaea
