3108 4982
191 343 255 409 230
776 325 870 390 'rm
899 323 1015 390 LlVll

193 509 259 622 ιι·
271 507 326 620 a
355 503 463 635 aa
481 565 643 630 ..1
654 469 1449 641 stultntsauutlana

356 663 438 719 tates
455 614 556 716 inimic
578 649 687 734 plures
708 655 742 710 et
758 650 967 709 exercuerunt
983 663 1068 718 eum,
1090 647 1124 703 et
1142 639 1211 724 ipse
1227 641 1368 704 exercuit
1385 663 1450 705 eas.

356 760 416 803 neo
430 736 520 800 facile
534 733 660 812 dixeris,
674 739 784 796 utrum
797 729 899 813 magis
911 725 1062 812 presserit
1076 747 1150 788 eum
1161 724 1321 803 nobilitas,
1342 747 1384 789 an
1397 726 1451 790 ille
1470 795 1488 813 ⁶

357 819 522 908 agitaverit
535 817 742 883 nobilitatem.
784 812 900 899 Asperi
912 810 1025 896 procul
1039 809 1137 874 dubio
1151 809 1258 888 animi,
1275 819 1308 872 et
1329 810 1450 909 linguae

358 907 479 972 acerbae
510 912 543 967 et
565 900 722 966 inmodice
743 897 851 964 liberae
872 897 954 960 fuit:
977 895 1033 958 sed
1054 893 1164 958 invicti
1185 916 1205 957 a
1221 915 1262 957 ou
1285 895 1452 959 iditatrbus

359 990 466 1069 animi,
479 951 524 1054 'et
547 987 658 1086 rigidae
681 981 883 1060 innocentiae3
915 987 1092 1044 contemtor
1104 978 1245 1076 ‚gfssfiaea
1259 917 1452 1044 divitiarum.

360 1077 402 1142 In
414 1073 616 1174 parsimonia,
627 1071 662 1134 in
675 1067 829 1156 patientia
840 1065 966 1144 laboris,
982 1062 1114 1149 pericuh
1122 1073 1143 1141 ¹,
1157 1063 1248 1126 ferrer
1285 1085 1361 1148 rope
1381 1087 1453 1128 cor-

404 1181 447 1224 ..
461 1085 1453 1317 recusauerat·andra-ac

362 1351 430 1394 sam
454 1325 578 1404 dherit,
591 1325 660 1410 ipae
678 1344 738 1408 pro
759 1344 793 1386 se
814 1255 973 1397 crovadis
982 1316 1222 1416 scripseritquee
1245 1318 1454 1403 nonagesimo

362 1435 447 1480 anno
459 1413 481 1447 '¹
493 1411 560 1475 Ser.
576 1409 713 1474 Galbam
726 1407 766 1472 ad
778 1401 890 1491 populi
903 1403 1069 1468 adduxern
1077 1401 1245 1487 judicium.

403 1497 496 1562 XLl.
520 1495 628 1573 Hunc,
650 1493 733 1555 simu
756 1489 844 1555 omni
864 1487 938 1567 vita,
960 1487 1061 1551 ”turn
1085 1489 1265 1572 petentem*
1287 1486 1454 1571 premebat

362 1581 529 1646 nobilitas:
551 1583 753 1660 coierantque
783 1574 816 1656 (“
826 1581 943 1658 proeter
964 1573 1003 1636 L.
1024 1571 1183 1650 Flaccum,
1203 1570 1258 1654 qui
1279 1570 1400 1656 collega
1416 1571 1453 1635 in

362 1665 530 1730 consulatu
539 1663 652 1741 fluerat)
665 1658 823 1724 candidati
837 1677 947 1721 omnes
958 1657 999 1720 ad
1008 1655 1218 1740 dejiciendum
1229 1656 1348 1720 honore
1359 1677 1454 1736 eum;

362 1771 429 1814 non
452 1748 556 1812 solum
577 1755 615 1810 ut
637 1745 649 1809 i
672 1744 699 1808 si
721 1743 829 1842 potius
851 1741 1109 1826 adipiscerentur,
1132 1761 1191 1804 neo
1209 1740 1283 1826 quia
1306 1740 1454 1825 indigna-

362 1834 481 1898 bantur
503 1851 623 1896 novum
646 1767 808 1893 iommem
831 1847 994 1890 censorem
1016 1825 1141 1904 videre;
1163 1825 1220 1888 sed
1244 1825 1339 1888 etiam
1364 1827 1454 1972 quod

362 1918 487 1982 tristem
500 1936 676 1993 censuram,
731 1913 962 1995 riculosamque
976 1910 1151 1974 mrdtorum
1163 1909 1266 1988 famas,
1281 1917 1313 1972 et
1322 1909 1363 1974 ab
1386 1931 1454 1974 aeso

362 2023 383 2066 a
402 2001 572 2087 plerisque,
591 2007 625 2064 et
646 1999 686 2063 1ae
709 1998 783 2062 endi
805 1996 932 2144 cuqidq
950 1994 1186 2080 exspectabant.
1230 1994 1360 2058 Etenim
1380 2003 1454 2058 turn

386 2107 491 2171 uoque
515 2083 757 2150 minitabundus
780 2089 853 2166 pete
876 2088 919 2159 at,
940 2079 1096 2163 refragari
1116 2080 1185 2157 aidi,
1207 2081 1260 2162 qai
1278 2081 1454 2144 liberatae!

377 2178 473 2236 ortem
496 2191 654 2235 eamcam
682 2171 832 2246 timerent,
854 2165 1060 2230 criminando.
1094 2171 1127 2227 et
1151 2163 1246 2228 simul
1270 2165 1309 2228 L.
1324 2163 1453 2228 Valerio

364 2256 617 2343 subfragabatur.
659 2255 718 2319 Illo
738 2273 797 2316 uno
820 2253 933 2334 collega
956 2251 1108 2332 carigare
1123 2269 1157 2311 aa
1178 2271 1255 2313 aava
1262 2249 1400 2332 floyits'a,
1422 2257 1455 2313 et

199 2327 337 2440 ffffiu'
357 2345 591 2424 priaeoammes
604 2347 770 2404 revocareu
780 2357 880 2420 porea
925 2335 988 2398 His
1008 2333 1131 2397 accensi
1145 2334 1299 2412 homines,
1320 2334 1454 2398 adversa

198 2408 248 2502 iau.
318 2407 343 2440 ‘¹
363 2427 537 2505 nobilitate,
552 2447 617 2489 non
633 2425 682 2487 M.
695 2421 841 2486 Porcium
852 2421 946 2484 modo
956 2440 1116 2484 censorem
1126 2418 1278 2498 fecerunt,
1289 2419 1345 2482 sed
1356 2419 1454 2482 etiam

199 2534 311 2570 amora.
363 2511 515 2595 collegam
544 2509 573 2572 ei
601 2509 640 2572 L.
664 2506 825 2570 Valerium
855 2506 1004 2568 Flaccum
1031 2504 1222 2588 adjecerunt.
1266 2503 1453 2568 Secundum

363 2595 490 2659 comitia
504 2613 671 2656 consonam
686 2590 832 2653 consules
849 2599 1064 2674 praetoresque
1077 2589 1111 2652 in
1125 2587 1302 2673 provincias
1317 2589 1454 2674 profecti

363 2687 449 2756 sunt,
471 2685 586 2762 praeter
601 2675 643 2740 Q.
655 2675 814 2752 Naevium,
836 2696 932 2758 quem
949 2683 1085 2759 quatuor
1101 2695 1167 2737 non
1190 2674 1296 2737 minus
1314 2695 1453 2752 menses,

362 2762 548 2848 priusquam
572 2760 606 2822 in
629 2759 807 2824 Sardiniam
835 2759 904 2838 iret,
927 2759 1119 2842 quaestiones
1140 2759 1293 2836 veneficii,
1315 2779 1453 2842 quarum

362 2867 510 2930 magnam
533 2853 655 2931 partem
677 2853 766 2907 extr-a
788 2843 900 2907 urbem
919 2865 977 2929 per
994 2843 1168 2927 municipia
1181 2843 1454 2928 conciliabulaque

362 2931 484 3011 habuit,
500 2931 574 3016 quia
586 2930 631 2994 ita
645 2930 753 3014 aptius
766 2929 870 2993 visum
885 2937 961 3006 erat,
979 2937 1161 2993 tenuerunt.
1205 2929 1239 2992 Si
1252 2928 1376 2992 Antiati
1387 2929 1452 2992 Va-

362 3017 439 3082 lerio
462 3017 588 3082 credere
606 3015 692 3094 libet,
715 3015 756 3078 ad
776 3015 840 3078 duo
859 3014 1025 3078 hominum
1045 3013 1145 3077 millia
1161 3013 1331 3077 damnavit.
1375 3015 1454 3077 ”Et

423 3189 583 3247 'parmisque
594 3187 667 3232 Gran.
680 3187 747 3232 Crer.
914 3190 925 3218 ¹
930 3183 1048 3245 fragat-itt
1065 3187 1105 3245 qai
1116 3185 1184 3231 Creu.
1198 3185 1292 3244 Kreyaa.
1309 3185 1386 3232 neth

419 3251 581 3310 ‘memorum
593 3251 665 3296 Gron.
678 3250 746 3296 crev.
914 3253 929 3280 ¹¹
940 3263 1042 3295 reuocare
1053 3263 1124 3296 morea
1137 3249 1231 3309 Kreyss.
1245 3249 1320 3296 Bekk.

232 3389 264 3437 49
280 3389 411 3436 mamam
430 3389 498 3434 simio
513 3383 602 3447 ploret]
629 3388 729 3442 inimici,
749 3403 807 3447 quoa
839 3389 1005 3447 sanctamque,
1017 3401 1087 3446 quam
1107 3397 1156 3434 tum
1176 3389 1259 3435 habuit
1277 3391 1340 3450 apud
1356 3391 1453 3452 judices

200 3453 327 3513 permultae
338 3452 428 3508 babuit,
437 3461 593 3498 exercuerunt
603 3465 665 3507 eum,
674 3461 698 3498 et
707 3452 756 3512 ipse
768 3467 807 3498 eos
839 3453 978 3507 orationem,
990 3452 1117 3510 reliquerit.

200 3517 301 3562 adarim
312 3517 453 3562 exercuisse
465 3515 578 3575 fatigavit.
871 3517 903 3562 52
920 3517 970 3562 Ser.
990 3516 1086 3562 Galbam
1104 3518 1135 3562 nd
1149 3518 1227 3576 popae·
1245 3517 1368 3564 adduerit
1379 3517 1450 3579 joa·-

232 3581 264 3626 50
283 3576 805 3641 &aestumatoctogesimameaaamagcm]
840 3577 910 3638 ettam]
931 3581 965 3625 De
986 3581 1030 3626 boe
1045 3580 1143 3638 judicio.
1166 3595 1212 3640 quo
1233 3581 1309 3627 Galba
1327 3583 1452 3630 absolutus

203 3644 239 3689 Ex
257 3645 306 3690 Cic.
324 3644 349 3689 in
370 3643 430 3689 Dial.
449 3645 479 3690 de
497 3645 550 3690 Sen.
573 3643 808 3698 n.10,(latonatus
841 3643 1010 3692 eat.*videin
1029 3645 1109 3703 primis
1119 3644 1165 3689 Cic.
1180 3644 1197 3690 1.
1210 3645 1239 3690 de
1251 3645 1316 3690 Orat.
1329 3645 1452 3702 mmet

200 3715 251 3754 erat
261 3715 387 3753 suncanto
398 3721 469 3766 quam
480 3709 509 3758 Q.
522 3707 607 3754 Fabius
621 3706 739 3753 Maximus
751 3721 807 3752 ron·
841 3707 895 3753 22&

200 3772 236 3817 sul
254 3771 356 3832 primum
373 3771 447 3818 sectus
465 3781 507 3817 est.
542 3773 618 3826 Unde,
634 3786 707 3831 quum
719 3779 809 3818 constet
872 3771 905 3816 53
924 3772 979 3817 Tam
996 3769 1151 3832 mutantem]
1174 3772 1225 3818 lloe
1243 3769 1324 3831 Lipsio
1341 3773 1451 3830 debetur,

200 3849 254 3880 eum
277 3843 395 3880 munuum
416 3834 488 3880 fuine
512 3835 537 3880 L.
563 3835 651 3880 Marcio
672 3835 808 3890 Censorino,
841 3849 914 3892 quum
926 3835 950 3879 in
963 3835 1053 3894 scriptis
1065 3835 1204 3894 quibusdam
1221 3837 1338 3896 legeretur
1345 3852 1451 3898 prm-

203 3899 243 3945 M'.
265 3898 355 3946 Manlio
374 3899 438 3944 Coss.
459 3913 521 3944 anno
548 3899 624 3957 primo
644 3899 705 3944 tertii
726 3899 807 3944 Punici
840 3899 926 3952 tamin
939 3899 1166 3958 vulgarispeteatem.

200 3964 263 4018 belli,
285 3971 422 4022 aequaretur
443 3975 498 4007 eum
518 3962 603 4008 vixisse
623 3975 696 4007 annos
716 3969 807 4008 tantum
871 3963 902 4008 ct
921 3963 1450 4023 amora.1·¹taoena‚quea1agaam-

201 4027 305 4086 qoinqne
323 4035 348 4073 et
369 4025 494 4086 octoginta.
528 4026 574 4072 Sed
594 4025 706 4071 nimirum
727 4027 807 4072 bivias
840 4027 888 4072 latu
900 4023 994 4086 suerat]
1012 4027 1036 4072 ls
1055 4041 1112 4072 sane
1131 4027 1368 4074 adrerauacetooem
1385 4029 1450 4076 mire

200 4091 252 4138 allis
268 4091 400 4137 auctoribus
420 4103 475 4136 usus
492 4099 533 4136 eat.
569 4090 664 4134 Nemea
679 4090 807 4148 initaque
840 4103 893 4135 cum
904 4091 986 4136 ceteris
998 4105 1045 4136 non
1057 4091 1163 4138 debebat.
1194 4091 1268 4136 Docet
1279 4091 1341 4136 enim
1354 4092 1449 4138 Plutar-

200 4169 254 4201 rnor
266 4163 467 4214 sequuntur‚eurn
479 4167 567 4200 annum
581 4153 692 4212 quoCato
702 4154 807 4199 Servium
841 4153 897 4198 cbua
916 4153 940 4198 in
958 4155 1010 4200 Cat.
1026 4155 1122 4213 blaJ'ore,
1140 4156 1201 4201 eirca
1220 4155 1295 4208 initia,
1307 4157 1336 4200 ab
1356 4155 1401 4201 boc
1422 4157 1450 4203 L.

200 4221 299 4264 Galbam
311 4219 435 4272 accusarit,
447 4217 486 4276 qui
506 4217 602 4262 ultimus
621 4218 671 4276 ejus
683 4218 736 4262 vite
755 4217 807 4274 suit,
842 4217 923 4263 Flacco
932 4218 1045 4264 Catonem
1055 4219 1157 4277 primurn
1168 4221 1193 4265 ln
1205 4219 1311 4266 notitiam
1323 4220 1449 4266 bominum

200 4283 377 4342 nonagesimum
404 4289 512 4328 numerat
536 4281 623 4327 Livius.
664 4281 723 4325 'l'oto
751 4295 807 4340 ergo
840 4281 978 4340 productum
997 4295 1056 4336 erae,
1080 4291 1104 4328 et
1123 4285 1173 4342 aJus
1192 4283 1295 4328 maxime
1317 4283 1402 4341 opibus
1425 4294 1449 4330 et

200 4347 362 4407 quinquennio
373 4347 488 4406 discrepat
507 4353 585 4392 nmter
596 4359 611 4391 a
622 4344 735 4390 Cicerone
746 4346 807 4391 eirca
838 4345 913 4404 gratia
924 4346 1112 4391 commendatum
1124 4347 1211 4406 primos
1223 4348 1322 4392 bonores
1335 4347 1433 4406 cepisse.

199 4418 292 4456 etatem
304 4411 406 4458 Catonia.
872 4410 903 4454 55
920 4411 950 4455 Bt
964 4410 992 4454 L.
1006 4409 1132 4456 Postumiae
1146 4408 1244 4472 prator]
1264 4412 1327 4457 Anni
1347 4413 1447 4472 prioris:

230 4474 260 4521 bl
280 4476 401 4522 ’σαωιιιι
418 4477 512 4530 dicem,
530 4476 578 4534 ipae
597 4488 640 4533 pra
658 4487 681 4518 aa
700 4475 805 4528 orarem,
837 4487 864 4518 ac
876 4472 971 4518 tortasse
983 4474 1004 4518 ei
1017 4473 1142 4533 imperinm
1163 4475 1187 4520 in
1205 4475 1268 4520 bunc
1284 4489 1375 4521 annum
1394 4491 1448 4536 pro-

199 4535 370 4598 mptamque]
391 4537 454 4584 Reus
465 4539 547 4595 sadus,
559 4537 608 4598 ipae
621 4551 664 4597 pro
675 4551 699 4584 se
710 4537 805 4594 dixerit,
838 4547 944 4596 rogatum
957 4537 1037 4582 funerat
1073 4537 1395 4600 Quodaiitaeasetproetor
1410 4541 1448 4586 blo
