3118 5002
237 383 302 448 370
808 363 900 430 τιτι
932 361 1049 428 mvn

240 541 269 588 u.
281 541 307 588 c.
319 537 373 587 sat.
401 521 516 587 lionrm
529 523 740 584 eonvenersnt
753 516 862 601 oopiee.
906 513 1019 579 Castra
1031 521 1104 577 ante
1117 511 1231 578 urbem
1244 515 1349 600 ponit,
1364 537 1494 582 ornnes-

240 605 268 652 Α·
281 605 307 680 9·
321 603 372 658 ¹⁷¹·
402 627 463 692 que
478 611 614 668 armatos
628 601 649 634 ⁸⁸
659 602 692 666 in
707 622 819 686 eampo
837 597 963 664 stmxit.
1006 597 1028 633 ¹¹
1039 597 1173 662 Summa
1191 599 1335 662 omnium
1378 601 1495 664 uadra-

401 685 941 857 imminutis
981 683 1326 852 “turmis
1356 685 1495 833 ...eu

401 797 514 922 deinde
528 864 560 920 et
568 855 688 920 viribus
698 861 730 918 et
739 853 849 918 robore
861 851 973 932 aetstis‚
983 871 1022 915 ex
1033 851 1120 915 omni
1131 859 1332 915 oaetratorum
1343 875 1494 932 numero,

401 943 465 1006 duo
479 949 568 1004 erant
582 946 742 1025 agemmm
763 939 869 1002 lmno‘¹
891 937 901 1000 i
926 936 952 1000 si
974 935 1130 1034 legionem
1143 935 1307 999 vocabant.
1353 937 1494 1002 Praefec-

401 1035 451 1091 tos
466 1025 625 1089 habebant
640 1025 838 1088 Leontium·
856 1029 888 1086 et
1006 1042 1017 1082 r
1063 1041 1119 1083 um
1139 1019 1350 1104 ''Eulyestas
1396 1023 1494 1087 Cete-

401 1131 509 1174 rorum
522 1117 733 1186 caetratorum,
753 1107 849 1171 trium
862 1107 959 1170 ferme
980 1042 1113 1168 millum
1131 1105 1307 1182 hominum,
1330 1105 1399 1168 dux
1422 1117 1494 1171 erat

402 1195 589 1280 Antiphilus
618 1193 796 1256 Edessaeus.
846 1191 987 1268 Paeones,
1016 1197 1048 1252 et
1076 1211 1115 1252 ex
1149 1188 1171 1222 '⁰
1186 1189 1318 1252 Parorea
1347 1199 1380 1253 et
1413 1191 1494 1255 Par-

403 1277 578 1364 strymonia
604 1279 692 1360 (sunt
713 1285 818 1339 autem
841 1295 878 1338 ea
904 1275 972 1337 looa
998 1273 1140 1358 subjecta
1159 1273 1312 1356 Thraciae)
1338 1283 1371 1337 et
1395 1277 1494 1360 Agr-i-

403 1385 488 1442 anes,
502 1361 649 1427 admixtis
662 1361 755 1425 etiem
775 1359 794 1394 '¹
804 1359 979 1423 ‘lbraoibus
994 1357 1114 1436 incolis,
1129 1357 1226 1420 trium
1239 1357 1374 1421 millium
1389 1359 1493 1424 ferme

403 1449 458 1511 eti
483 1447 509 1512 si
521 1447 726 1533 expleverunt
739 1465 916 1507 numerum.
959 1443 1144 1506 Armaverat
1158 1449 1419 1526 eontraxeratque
1433 1466 1493 1509 eos

403 1533 447 1596 Di
470 1553 504 1596 as
534 1533 640 1608 Poeon,
670 1529 725 1613 qui
752 1529 981 1592 adolescentem
1010 1525 1208 1590 Demetrium
1232 1526 1399 1591 occiderat.
1446 1529 1492 1593 Et

402 1623 593 1680 armatorum
608 1615 672 1676 duo
687 1613 784 1676 millia
795 1613 962 1675 Gallorum
976 1619 1074 1690 erant,
1089 1610 1239 1696 praefeoto
1250 1611 1491 1696 Asclepiodoto.

402 1699 454 1762 Ab
480 1699 633 1762 Heraclea
653 1719 692 1760 ex
713 1695 823 1760 Sintiis
844 1695 906 1760 tria
921 1695 1020 1760 millia
1031 1695 1190 1759 Thracum
1205 1693 1375 1759 liberorum
1392 1719 1492 1762 suum

401 1783 514 1845 ducem
539 1781 706 1844 habebant.
750 1779 950 1844 Cretensium
968 1801 1027 1866 par
1040 1801 1120 1866 pene
1133 1799 1285 1842 numerus
1298 1801 1373 1844 suos
1390 1781 1492 1846 duoea

401 1865 610 1948 sequebaturr
633 1865 752 1928 Susum
768 1865 1013 1928 Phalasarneum
1029 1871 1061 1928 et
1075 1863 1199 1950 Syllum
1212 1861 1400 1928 Gnossium.
1445 1868 1492 1930 Et

401 1949 558 2012 Leonides
572 1949 831 2013 Laeedaemonius
844 1948 1026 2034 quingentis
1040 1969 1080 2012 ex
1099 1947 1234 2026 Gracia,
1257 1949 1358 2012 mixto
1379 1953 1492 2034 generi

400 2033 576 2112 homiuum,
590 2041 733 2118 praeerat
770 2033 861 2120 Regii
874 2033 902 2097 is
916 2033 1039 2118 generis
1053 2033 1227 2111 ferebatur3
1242 2032 1342 2111 exsul,
1357 2033 1491 2098 damna-

400 2125 454 2182 tus
472 2117 630 2203 frequenti
652 2117 784 2182 coneilio
799 2119 1000 2196 Achaeorum,
1014 2117 1113 2180 literis
1127 2117 1168 2180 ud
1183 2115 1297 2180 Persea
1311 2117 1490 2202 deprensis.

401 2201 583 2266 AEtolorum
598 2209 630 2266 et
644 2201 839 2280 Boeotorum,
859 2201 914 2286 qui
933 2223 998 2265 non
1012 2201 1181 2286 explebant
1194 2200 1267 2286 plus
1282 2222 1379 2348 quam
1395 2205 1490 2288 quin-

442 2295 570 2352 utorum
596 2307 706 2350 omnes
728 2307 908 2364 numerum,
937 2285 1025 2370 Lyco
1054 2285 1191 2349 thaeus
1215 2305 1282 2370 pras
1295 2293 1386 2350 ectus
1413 2297 1490 2352 erat.

433 2393 453 2434 x
467 2371 517 2435 his
531 2369 637 2435 mixtis
652 2379 701 2434 tot
738 2371 916 2456 opulorum,
932 2377 981 2432 tot
998 2369 1142 2454 gentium
1164 2369 1297 2448 auxiliis,
1319 2370 1489 2436 duodecim

400 2455 498 2518 millia
511 2462 701 2518 armatorum
715 2393 813 2518 lerme
823 2453 1048 2518 efficiebantur.
1083 2451 1238 2538 Equitum
1249 2473 1286 2516 ex
1298 2461 1367 2518 tota
1378 2455 1490 2520 Mace-

400 2538 495 2600 donio
510 2545 707 2600 contraxerat
721 2539 782 2600 tria
795 2538 902 2602 millia.
945 2537 1083 2602 Venerat
1096 2538 1207 2601 eodem
1223 2537 1333 2622 Cotys,
1356 2539 1489 2604 Seuthes

400 2619 495 2698 filius,
520 2641 575 2682 rex
600 2619 704 2704 gentis
724 2621 933 2706 Odrysarum,
957 2643 1030 2685 eum
1052 2620 1137 2684 mille
1161 2621 1289 2685 delectis
1313 2624 1489 2706 equitibus,

399 2703 468 2787 pari
482 2703 578 2766 ferme
615 2703 735 2766 editum
751 2725 892 2768 numero.
915 2705 1068 2769 Summa‘
1078 2705 1176 2771 totius
1187 2705 1342 2770 exercitus
1355 2708 1490 2794 triginta

399 2807 514 2852 novem
536 2787 580 2850 mi
606 2787 634 2851 'a
657 2788 801 2872 peditum
822 2795 921 2866 erant,
945 2799 1081 2873 quatuor
1101 2789 1255 2876 equitum.
1298 2790 1384 2854 Satis
1414 2815 1490 2856 cou-

399 2870 513 2950 stabat,
534 2869 556 2904 '¹
567 2873 741 2936 secundum
756 2893 829 2936 eum
844 2873 1026 2954 exercitum,
1063 2895 1136 2937 uem
1151 2875 1292 2958 Magnus
1307 2875 1491 2941 Alexander

399 2955 433 3020 in
454 2955 564 3105 mili
587 2955 719 3044 hajecit,
743 2979 917 3044 numquam
937 2958 1032 3022 ullius
1041 2895 1266 3025 blaoedonum
1280 2959 1364 3044 regis
1379 2962 1489 3046 copias

399 3049 505 3106 tantas
555 3063 627 3105 isse.

442 3127 519 3190 Lll.
542 3127 658 3191 Sextus
677 3133 710 3190 et
722 3125 889 3190 vicesimus
914 3147 1016 3190 annus
1036 3124 1197 3212 agebatur,
1216 3147 1256 3190 ex
1278 3147 1341 3210 quo
1364 3129 1489 3212 petenti

459 3271 536 3316 ⁰sdd.
549 3272 596 3318 tris
608 3271 703 3330 Kreyss.
716 3271 792 3318 Bekis.
931 3268 944 3306 ὖ
956 3273 1000 3320 dso
1011 3273 1084 3320 stillis
1094 3280 1178 3320 arants
1194 3289 1274 3335 ogssso
1284 3276 1342 3322 hue
1354 3275 1423 3322 nau.

649 3335 890 3383 ttmmoattao.
1029 3331 1259 3384 ‘immitam

266 3453 299 3501 dd
315 3453 538 3516 Isoasspostrssritl
557 3455 642 3504 llelius
653 3458 771 3506 rideretur
782 3461 843 3508 Gro·
906 3461 938 3517 72
954 3463 1079 3511 &endan
1097 3479 1147 3512 sssss
1163 3467 1285 3513 san-dm·
1301 3481 1366 3527 qae-
1385 3465 1487 3528 Mogses

235 3519 431 3566 novisisstrssit.
874 3523 1016 3587 Abantia]
1042 3527 1079 3574 Its
1096 3527 1199 3587 loquitur
1219 3529 1306 3586 Livius,
1325 3530 1392 3590 qussi
1411 3531 1485 3577 Alex·

266 3580 299 3636 ⁶7
326 3582 415 3630 Suasa
436 3578 543 3644 mian]
572 3583 614 3630 Vel
635 3583 674 3632 hio
696 3585 842 3646 intelligendi
873 3589 942 3636 andri
963 3591 1078 3638 exereitus
1101 3590 1177 3638 Persei
1197 3593 1274 3652 ropiss
1296 3593 1333 3640 sel
1351 3603 1485 3652 superasset

235 3643 343 3690 suntsoli
356 3645 500 3704 pedites‚vel
513 3661 623 3695 numerus
639 3649 700 3696 male
718 3659 842 3712 conceptus
874 3653 1232 3714 numeronelcerteequssset.
1257 3657 1353 3703 Comtst
1363 3665 1444 3703 tsmeo
1456 3673 1484 3704 es

235 3714 278 3766 est,
290 3707 461 3770 legendumque
472 3711 626 3774 quodraginta
637 3715 684 3760 trio
692 3715 771 3762 stillio.
790 3715 841 3762 Vid.
874 3716 1012 3776 scriptorum
1023 3718 1127 3764 omnium
1139 3733 1262 3774 consensu,
1274 3719 1349 3779 ipsum
1361 3719 1430 3766 illum
1443 3736 1483 3766 es·

235 3769 279 3816 hoe
290 3771 340 3830 ipso
352 3773 427 3831 eapite
439 3787 518 3819 versus
530 3775 608 3822 noem.
874 3780 971 3826 ercitum
983 3781 1051 3827 Orbis
1062 3781 1200 3828 domitorem
1209 3783 1287 3828 minus
1297 3783 1398 3828 militum
1407 3783 1483 3830 hahu-

267 3833 299 3880 68
316 3833 416 3894 Hippios
429 3835 555 3898 Baroeaess]
573 3839 634 3884 Olim
646 3839 756 3888 Beraessr
773 3848 800 3887 ut
818 3849 842 3888 et
873 3841 926 3896 isse,
938 3857 1008 3902 quam
1016 3851 1073 3903 quot
1088 3859 1167 3891 secum
1179 3845 1277 3893 Persem
1292 3847 1398 3892 duoebst.
1428 3847 1483 3892 Plu-

234 3897 295 3942 inirs
311 3897 431 3956 legebatur
442 3901 574 3960 Antiphilus
585 3903 700 3950 saumas
715 3917 757 3962 pro
768 3905 841 3951 Edes-
873 3905 953 3952 tsroho
971 3915 1066 3954 auctore
1087 3908 1111 3954 io
1134 3907 1278 3964 Alessndro.
1294 3911 1413 3969 copiarum
1433 3913 1483 3970 ejus

233 3975 298 4007 saess.
332 3961 463 4022 Utrumque
481 3977 565 4010 nomen
584 3965 684 4012 correxit
700 3967 763 4014 idem
776 3968 842 4027 Sigo-
874 3983 997 4016 numerum
1009 3971 1049 4030 qul
1058 3971 1187 4018 maximum
1196 3973 1402 4028 edidere,trsduot
1411 3973 1483 4020 fuisse

235 4023 294 4070 nius.
872 4039 972 4092 quatuor
982 4043 1006 4080 et
1017 4034 1113 4094 triginta
1131 4035 1229 4081 millium
1248 4035 1362 4096 peditum,
1374 4037 1482 4096 equitum

265 4087 297 4137 is
314 4085 447 4150 Ealpsstos]
466 4089 599 4152 Turnebus,
609 4091 741 4153 Elpnioius.
771 4093 840 4141 Forte
872 4103 979 4154 quatuor.
1012 4097 1126 4152 lustinus,
1139 4097 1153 4145 l.
1166 4099 1208 4145 xt.
1220 4113 1239 4144 c.
1248 4099 1272 4153 6,
1283 4100 1381 4158 triginta
1395 4101 1444 4146 duo
1461 4102 1482 4146 ei

233 4151 364 4212 Lyseestas.
398 4153 557 4200 Grouovtus.
872 4159 976 4218 peditum
988 4161 1063 4208 millis
1075 4161 1163 4218 tribuit,
1175 4170 1275 4220 quatuor
1286 4162 1359 4208 mihis
1370 4171 1394 4208 et
1411 4165 1481 4222 quin·

264 4215 296 4267 70
322 4213 435 4277 Parma]
463 4217 513 4262 lios
532 4229 616 4262 nomeu
638 4231 668 4264 es
689 4217 710 4264 si
733 4220 838 4266 vocobull
870 4229 953 4281 gentos
964 4224 1069 4283 equites:
1088 4239 1157 4284 qusm
1175 4227 1314 4271 sententiam
1327 4226 1482 4286 rideturipse

231 4279 342 4337 exprimit
374 4280 491 4339 regionem
524 4280 641 4326 montibus
675 4282 837 4342 propinquam.
870 4293 961 4332 secutus
978 4301 1028 4334 esse
1052 4287 1139 4342 Livius,
1160 4288 1175 4334 l.
1200 4284 1241 4334 lX.
1265 4303 1284 4336 e.
1305 4287 1341 4336 ta.
1386 4289 1440 4336 vid.
1460 4299 1482 4336 et

232 4340 403 4404 Parstrymonia
414 4344 477 4403 regio
487 4351 522 4390 est
534 4343 564 4388 ad
576 4343 731 4403 Strymonem.
871 4347 1014 4396 Freinshem.
1037 4351 1076 4411 qui
1096 4365 1126 4396 ex
1152 4351 1233 4410 priscis
1253 4355 1413 4400 monumentis
1433 4369 1482 4399 rem

263 4403 292 4456 71
319 4407 468 4454 ‘Thracibus
486 4403 576 4468 umus]
605 4407 733 4454 Thracibus
754 4409 793 4468 qui
814 4409 837 4456 in
870 4413 995 4472 diligenter
1005 4414 1148 4475 exsequitur,
1161 4415 1241 4474 Suppl.
1254 4415 1278 4460 in
1291 4417 1409 4472 Curtium.
1422 4419 1436 4464 Ι.
1452 4417 1482 4463 ΙΙ.

230 4467 360 4574 ίΑιῖἰὶιιιιιιιιι
379 4471 498 4528 regionem
515 4470 660 4527 haurierant,
673 4471 750 4531 ibique
770 4471 837 4520 bsbi·
870 4489 888 4520 α
899 4475 922 4522 :s

285 4545 299 4574 n
313 4563 317 4573 .
