3108 4982
478 317 567 396 nna.
591 331 663 396 xo.
701 330 797 396 cnr.
822 332 944 396 xnvn
1355 344 1418 408 235

159 478 405 562 munufactum,
422 480 545 546 decreto
565 488 663 545 earet:
685 501 758 546 aeae
772 481 847 564 quid
859 481 903 546 ud
914 501 965 546 eor
978 481 1065 548 udor
1078 493 1254 566 accurreret,
1268 499 1297 547 u.
1307 499 1333 548 c.
1345 501 1401 556 ota

159 571 290 647 caperet,
306 567 467 646 comperet,
473 564 605 646 faceret,
618 563 640 597 ⁸⁸
649 567 794 628 odverm
808 567 844 628 id
855 569 1152 646 embammatum,
1175 572 1256 651 quod
1267 565 1295 612 b
1304 565 1331 613 ⁰·
1347 564 1400 622 ¹⁷⁰·
1415 567 1418 574 ’

159 650 198 712 1..
210 651 352 727 AEmiliq
370 651 425 712 Cu.
436 649 540 712 Belin
554 651 724 713 mmulibm
738 651 775 714 de
790 649 996 731 ludiafactum
1006 658 1092 716 ercet.
1135 654 1254 718 Decre-

159 739 250 796 verat
271 732 304 795 id
324 740 454 796 cenatus
475 741 606 831 propter
628 734 745 796 effusos
766 741 902 812 sumtus,
922 735 1022 798 factos
1042 735 1075 798 in
1097 735 1189 800 ludos
1202 738 1252 802 Ti.

163 815 343 914 Sempronii
356 816 468 896 aedilis,
486 837 541 900 qur
556 835 666 902 graves
681 837 745 880 non
760 817 855 881 modo
872 817 972 882 Italiae
986 839 1023 882 ac
1037 819 1130 884 aociia
1144 821 1252 888 Latini

163 900 311 978 nominis,
326 901 382 964 ced
396 901 492 964 etiam
505 900 676 986 provinciis
691 901 828 964 externis
841 901 976 966 fucrant.

206 985 310 1048 XLV.
348 984 463 1048 Hieme
488 1005 525 1048 eo
549 1003 633 1048 anno
658 984 730 1048 nive
753 1006 837 1049 saeva
859 993 891 1048 ct
915 985 1002 1050 omni
1025 992 1250 1136 tempestatum
1264 1001 1345 1051 ulem·

161 1089 275 1152 genere
290 1068 371 1132 fuit:
394 1069 531 1147 arbores,
546 1089 618 1152 quae
632 1068 778 1134 obnoxiae
793 1069 831 1132 fri
873 1069 962 1134 ribus
981 1079 1067 1150 aunt,
1110 1083 1250 1138 euaserat
1261 1082 1330 1114 '‘V’‘

160 1161 311 1216 cunctas:
334 1161 367 1216 et
381 1173 419 1216 ea
432 1161 502 1216 tum
515 1153 687 1237 eliquanto,
705 1174 800 1237 quam
816 1091 902 1232 ulloaq
915 1155 1039 1238 longior
1052 1156 1121 1221 fuit.
1143 1157 1251 1242 itaque

159 1235 324 1300 “Latinas
352 1257 428 1300 mox
456 1237 562 1300 cubito
589 1245 696 1302 coorta
723 1245 756 1300 ct
784 1237 989 1302 intolerabilia
1017 1247 1189 1325 tempestas
1215 1243 1248 1308 in

159 1329 269 1385 monte
291 1321 451 1384 turbavitr
472 1321 719 1405 instaurataeque
742 1329 819 1384 aunt
840 1342 879 1384 ex
901 1322 1026 1386 decreto
1049 1325 1248 1408 pontificum.

160 1405 283 1468 Eadem
296 1413 469 1490 tempestas
484 1413 517 1468 et
530 1405 564 1468 in
579 1405 737 1490 Capitolio
757 1405 877 1490 aliquot
899 1405 990 1490 signa
1013 1407 1034 1441 ⁸⁵
1043 1410 1215 1474 constravit
1223 1411 1248 1488 ¹¹,

159 1489 408 1573 fulminibusque
424 1490 588 1574 complura
601 1489 671 1554 loca
685 1490 890 1569 deformavit3
912 1491 1013 1554 aedern
1032 1491 1054 1556 J
1056 1492 1123 1556 ovio
1136 1494 1247 1558 Tarra·

160 1573 253 1651 cinae,
273 1572 404 1638 “aedem
426 1575 542 1638 Albam
571 1574 703 1659 Capuae,
731 1582 918 1659 portamque
947 1575 1142 1640 Romanam:
1164 1579 1247 1644 muri

158 1656 268 1742 pinnae
282 1657 401 1742 aliquot
414 1657 492 1722 locis
507 1659 647 1722 decusaae
662 1667 762 1722 erant.
807 1659 888 1722 Haec
908 1658 992 1722 inter
1030 1660 1150 1746 rodigio
1164 1685 1247 1727 nun-

156 1741 275 1805 ciatum
290 1750 322 1806 ct
337 1743 377 1806 ab
393 1743 502 1821 Reate,
515 1743 671 1828 tripedem
690 1749 802 1807 natum
825 1743 959 1808 mulum.
1003 1682 1056 1809 gb
1071 1766 1108 1809 en
1123 1747 1246 1811 decem·

155 1825 225 1904 viri,
250 1827 326 1890 'usai
348 1827 433 1890 adire
459 1827 557 1891 libror
581 1827 716 1907 edidere,
741 1827 859 1912 quibus
883 1827 956 1892 Diis
979 1836 1012 1892 et
1035 1839 1114 1913 quot
1132 1831 1246 1896 hostiis

154 1849 403 1975 uertdmretura
426 1917 459 1974 et
483 1911 525 1975 ob
549 1911 737 1976 fulminibus
757 1911 920 1998 complura
936 1912 1005 1977 loca
1019 1913 1191 1978 deformata
1204 1917 1246 1980 ed

153 1995 256 2058 aedem
279 1995 371 2060 Jovis
395 2003 433 2059 ut
456 1995 644 2080 supplicatio
666 1996 750 2060 diem
773 2017 875 2060 unum
896 2005 989 2062 essct.
1032 1998 1117 2062 Ludi
1132 1999 1245 2064 deinde

152 2079 253 2142 votivi
268 2079 310 2146 0.
322 2079 426 2144 Fulvii
441 2080 580 2144 consulis
634 2101 652 2144 r
666 2080 732 2145 dieo
748 2081 856 2144 decem
869 2103 985 2166 magno
995 2082 1148 2167 adparatu
1159 2085 1244 2150 facti.

155 2161 336 2226 censorum
351 2163 424 2228 inde
446 2164 574 2228 comitia
590 2102 716 2228 libiam
739 2165 835 2229 creati
857 2165 906 2230 M.
926 2165 1077 2229 AEmiliua
1101 2168 1148 2231 Lc
1172 2169 1244 2232 idua
1256 2183 1376 2231 cenum

154 2247 301 2330 pontifex
326 2247 481 2312 maximus
507 2257 540 2312 ct
567 2249 616 2312 M.
637 2249 769 2312 Fulvius
796 2247 953 2326 Nobilior,
974 2248 1030 2332 qui
1058 2270 1097 2313 ex
1171 2252 1244 2316 tolia

152 2331 414 2417 triumphaverat.
450 2333 539 2398 Inter
553 2334 612 2397 hoc
627 2333 710 2396 viroa
725 2332 847 2396 nobiles
861 2331 1032 2396 inimicitiae
1046 2341 1145 2412 erant,
1159 2356 1244 2420 saepe

152 2417 265 2480 multia
292 2413 342 2480 et¹
357 2416 390 2480 in
416 2426 528 2480 senatu
557 2425 590 2481 et
618 2418 659 2480 ad
688 2416 844 2502 populum
867 2414 1055 2481 ”atrocibus
1080 2417 1243 2486 celebratae

153 2501 389 2565 certaminibus.
433 2501 579 2566 comitiis
594 2501 756 2580 confectis,
776 2510 814 2565 ut
827 2500 979 2565 traditum
994 2501 1170 2586 antiquitus
1184 2512 1243 2584 cat,

154 2604 300 2648 censores
322 2585 355 2650 in
379 2585 502 2670 Campo
525 2587 566 2650 ad
586 2607 671 2650 aram
686 2586 802 2650 Martis
817 2585 901 2650 cellis
916 2585 1079 2650 curulibus
1093 2589 1243 2652 consede·

154 2678 252 2747 runt3
270 2690 332 2754 quo
345 2678 476 2755 repente
490 2671 591 2755 princi
616 2692 649 2734 es
665 2680 846 2734 senatorum
862 2691 936 2734 cum
949 2671 1073 2756 agmine
1087 2681 1243 2738 venerunt

152 2753 306 2818 civitatis:
329 2755 412 2819 inter
426 2777 507 2838 quoa
522 2755 564 2821 Q.
604 2755 724 2820 cecilius
739 2755 892 2820 Metellus
907 2756 1003 2820 verba
1015 2755 1100 2822 fecit.

195 2839 319 2904 XLVI.
341 2841 413 2904 Nou
435 2841 521 2903 oblili
542 2861 654 2919 mmm,
677 2861 823 2919 conarer,
846 2861 899 2904 ooo
908 2842 1015 2922 paullo
1037 2848 1108 2905 uate
1123 2841 1241 2905 abuni-
1256 2843 1344 2920 betrui

151 2943 239 2987 cerro
247 2927 361 3006 populo
375 2926 511 2988 Romano
525 2926 659 2988 mommo
670 2927 784 2988 uoatm'e
791 2927 972 3005 proepoettoc
991 2944 1073 2987 erac:
1098 2932 1128 2988 et
1147 2946 1202 2988 uos
1221 2911 1367 3022 ‹1⁰02ssssssss

151 3009 237 3070 nobie
250 3015 280 3072 el
294 3010 459 3088 admouet-i,
478 3015 508 3072 ct
525 3012 600 3092 νομί,
620 3030 680 3073 uon
697 3029 750 3072 ooo
763 3029 783 3070 α
797 3008 882 3070 uobis
903 3008 1019 3070 debere.
1047 3009 1242 3070 iudicandum
1370 3005 1377 3020 ‘

152 3097 255 3156 tumen
278 3099 333 3171 cat,
360 3094 435 3175 quid
454 3114 554 3157 omnm
576 3095 666 3158 borma
687 3095 720 3156 iu
744 3093 827 3156 untia
846 3096 900 3154 cul
918 3090 1068 3171 obfendat,
1090 3097 1144 3154 aur
1161 3098 1242 3154 certe

151 3183 302 3240 mutatum
329 3179 446 3241 malim.
489 3180 632 3260 Siupulm
661 3197 751 3259 quum
778 3178 939 3252 intuemur,
968 3176 1016 3238 M.
1040 3175 1163 3253 AEmiu,
1195 3176 1240 3239 M.

150 3261 250 3338 mavi,
265 3264 411 3326 mmincm
423 3263 512 3326 bodie
528 3265 562 3326 iu
581 3263 704 3326 ciuitate
726 3261 877 3339 habemur,
900 3279 997 3342 quern,
1019 3260 1048 3322 ci
1070 3279 1242 3323 revocemur

150 3346 185 3407 iu
198 3345 389 3426 euffropimm
403 3349 527 3410 cellmua
542 3348 627 3411 vobit
638 3348 803 3428 proehtum
822 3365 896 3408 eme.
930 3343 1017 3407 ambo
1039 3365 1129 3426 prtum
1150 3345 1243 3406 umal

151 3431 347 3509 amptum,
368 3451 595 3511 uouporaumun
609 3453 670 3494 unu
688 3432 798 3510 uereri,
815 3449 852 3494 mc
871 3431 950 3492 mole
973 3431 1142 3510 comparati
1160 3431 1243 3506 sitia,

150 3533 208 3575 uec
233 3519 350 3577 tamum
372 3516 542 3595 reipublice
554 3517 667 3596 prosit,
689 3515 770 3597 quod
789 3514 924 3578 omuibus
938 3514 1023 3575 uobis
1038 3515 1156 3595 eprepie
1167 3513 1240 3592 plu-

150 3599 238 3675 cctr'a,
262 3619 362 3678 qucum,
385 3599 467 3680 quod
486 3601 566 3662 ulter
589 3601 680 3662 alleri
704 3599 881 3680 duplicem,
900 3603 1016 3662 uocem.
1058 3599 1241 3662 Inimicitiae

344 3759 490 3827 ¹praemunit
503 3767 597 3827 Kreym.
608 3768 684 3814 Bell.
814 3761 821 3799 ¹
833 3773 855 3814 et
867 3765 912 3812 del.
925 3767 998 3812 Gron.
1011 3766 1078 3812 Creu.

182 3923 216 3972 63
232 3925 347 3974 Aduerrur
359 3928 616 3985 ldrcuaturcomultum,
627 3925 698 3990 quod]
725 3929 761 3976 De
793 3935 829 3974 ert
844 3943 887 3974 mr
905 3929 978 3975 cubito
993 3935 1076 3986 coorta,
1095 3929 1152 3978 atriu
1170 3931 1281 3978 nimirum
1302 3928 1402 3976 nubibur

149 3989 195 4034 boc
207 3991 409 4038 cenntncconrultc
420 3993 480 4038 nibil
492 4007 534 4039 ruo
545 3993 595 4039 loco
603 3993 663 4038 dixit
675 3993 762 4038 Licino.
794 3992 879 4038 coelurn
891 3993 1074 4040 obscurantibus.

149 4053 287 4112 optandum
305 4063 366 4100 canet
385 4055 487 4115 utquid
504 4071 532 4102 co
551 4057 670 4102 decretum
685 4055 763 4110 fucrit,
826 4055 859 4101 aa
875 4051 1039 4117 'CamlrcuttJ
1059 4057 1136 4116 uagi·
1164 4055 1384 4116 luceretpmtrunit

148 4117 282 4162 accuratior
293 4119 438 4178 explicaret.
473 4119 542 4166 Nunc
560 4121 585 4166 id
602 4121 764 4165 tantummodo
827 4117 859 4166 tu
876 4119 1051 4174 AEdcmdltcn
1065 4121 1148 4180 t'upuae
1180 4121 1237 4166 linc
1255 4117 1316 4163 adca
1332 4131 1403 4176 cupra

148 4180 397 4238 apparetobdamire
408 4183 507 4229 voluisse
518 4183 760 4230 l'ntreccfl'uclcludo-
790 4186 840 4244 Jam
862 4183 982 4230 nominata
1001 4193 1036 4230 cat
1057 4197 1071 4230 ι
1095 4183 1167 4238 livio,
1189 4183 1204 4228 l.
1221 4179 1323 4226 xxxta.
1342 4194 1361 4225 c.
1379 4182 1402 4228 u.

149 4257 204 4288 rum
215 4245 354 4302 camplitum,
369 4245 409 4304 qui
424 4247 474 4306 Jcm
491 4261 573 4306 graver
589 4261 639 4293 cmc
655 4246 722 4293 acciit
739 4253 763 4293 ct
795 4245 913 4294 'Portum
941 4247 1070 4303 ftomam,
1101 4259 1154 4306 qun
1180 4257 1234 4290 mox
1261 4243 1402 4300 nominetur,

149 4305 276 4365 provincii·
288 4305 438 4368 incipiebant.
795 4309 899 4367 intellige
911 4319 1001 4368 portum
1013 4311 1075 4356 urbia
1084 4309 1169 4367 Capua
1180 4307 1265 4352 dictum
1274 4307 1403 4354 Romam.

182 4368 215 4415 64
231 4369 330 4417 batim
347 4369 408 4432 nor]
437 4371 499 4428 Mor,
519 4373 543 4419 id
562 4381 605 4428 cat,
623 4373 692 4433 paulo
711 4381 763 4432 post
827 4373 858 4427 07
875 4373 997 4420 Armatam
1015 4373 1133 4419 mamare
1150 4365 1322 4430 mennatum]
1340 4370 1403 4416 Con·

147 4431 254 4477 lricmcm
272 4443 386 4490 eructum,
406 4435 502 4484 Latinas
514 4437 582 4482 ferina
593 4469 614 4483 ..
627 4469 633 4482 .
646 4443 764 4497 tempestus
792 4439 884 4498 jectum
893 4435 981 4493 Sigonii
991 4434 1218 4491 Gronovioprobntn.
1242 4433 1402 4480 vunonem·

147 4496 479 4546 mmalomormmm.
506 4499 763 4561 Niclt'crtelegcndurn
796 4501 847 4562 plur
858 4513 901 4560 pro
913 4501 1027 4547 atteritur
1037 4495 1119 4544 habuit
1129 4497 1213 4544 cautu
1224 4503 1297 4546 utror.
