3086 4952
404 365 492 430 LlB.
514 365 658 431 XXXV.
696 365 792 430 CAP.
814 367 962 432 XXVII.
1341 377 1378 436 21

129 511 262 574 missurn
289 511 506 576 adtuendam
537 512 648 576 urbem
676 513 882 594 amitteretur,
907 535 1001 579 naves
1028 518 1218 582 Achaeorum
1233 533 1365 582 uasta

129 595 271 659 deduxit,
1232 598 1298 644 Xe.
1311 597 1364 646 182.

169 679 300 744 XXVI.
338 678 584 765 comparaverat
612 689 644 744 et
665 689 819 765 tyrannus
848 682 1002 746 modicam
1025 685 1156 749 classem
1178 689 1220 751 ad

127 763 338 848 prohibendo,
363 765 390 827 si
415 785 479 848 qua
502 765 639 828 obsessis
666 766 744 828 mori
767 767 1037 847 submitterentur,
1062 770 1218 853 praesidia,

127 857 192 912 tres
204 855 308 912 tectas
324 869 432 926 nares,
445 856 478 911 et
497 848 629 926 lembos,
641 848 662 880 ¹¹
670 849 858 934 pristesqua,
871 851 987 914 tradita
1000 859 1103 916 vetere
1119 854 1217 919 classe

126 953 166 995 ex
178 933 298 996 loedere
315 933 478 996 Romanis.
523 933 648 996 Harum
662 955 815 997 novarum
825 942 895 998 tum
903 935 1031 999 navium
1046 937 1217 1020 agilitatem

126 1025 164 1080 ut
177 1017 387 1101 experiretur,
402 1016 497 1080 simul
509 1025 567 1080 ιιιΙ
581 1016 687 1080 οιιιιιίι
701 1017 776 1082 satis
790 1027 864 1104 epte
877 1019 919 1082 ed
932 1029 1089 1084 certamen
1100 1031 1216 1102 essent,

126 1108 296 1186 provectos
311 1101 346 1164 in
368 1101 469 1164 altum
513 1100 633 1164 uotidie
654 1101 805 1186 remigem
823 1102 1018 1187 militemque
1043 1105 1216 1171 simulacris

126 1185 248 1248 navalis
262 1207 383 1270 pugnae
397 1123 570 1264 exercebat,
585 1185 619 1248 irr
634 1206 671 1248 eo
684 1194 772 1249 ratus
785 1185 865 1250 verti
886 1209 976 1273 spem
991 1188 1173 1269 obsidionis,
1189 1192 1216 1255 si

125 1269 276 1354 presidia
298 1269 457 1332 maritima
475 1269 711 1334 interclusisset.
766 1271 887 1334 Praetor
910 1272 1110 1352 Achaeorum,
1134 1275 1217 1340 sicut

124 1354 325 1417 terrestrium
340 1353 548 1417 certaminum
560 1362 627 1416 arte
646 1353 790 1438 quemvis
813 1355 968 1419 clarorum
991 1357 1216 1442 imperatorum

124 1437 176 1500 vel
190 1459 254 1501 usu
266 1437 318 1501 vel
331 1437 459 1523 ingenio
474 1437 630 1522 aequabat,
644 1438 689 1501 ita
702 1438 791 1502 rrrdis
801 1438 835 1502 in
849 1461 883 1502 re
897 1440 1092 1520 navalierat3
1107 1443 1216 1522 Arcas,

123 1522 376 1586 mediterraneus
391 1523 496 1600 homo,
511 1531 712 1586 externorum
727 1523 821 1586 etiam
834 1523 988 1604 omnium,
1002 1524 1063 1588 nisi
1077 1527 1163 1609 quod
1183 1527 1216 1591 in

126 1605 223 1670 Creta
236 1599 409 1692 praeiectus
427 1605 614 1670 auxiliorum
635 1606 831 1686 militaverat,
845 1607 986 1692 ignarus.
1030 1609 1129 1673 Navis
1150 1620 1217 1676 erat

125 1690 334 1773 quadriremis
349 1698 453 1768 vetus,
497 1699 589 1776 capta
608 1691 700 1754 annis
714 1691 874 1776 octoginta
896 1701 979 1771 ente,
994 1713 1094 1778 quum
1107 1694 1128 1728 '⁴
1139 1694 1216 1758 Cru-

124 1773 185 1836 teri
199 1795 332 1838 uxorem
349 1775 492 1838 Nicaeam
505 1775 566 1838 sb·
581 1775 749 1860 Naupacto
765 1775 955 1840 Corinthum
968 1779 1104 1842 veheret.
1120 1779 1216 1864 hujus

125 1857 210 1920 fama
221 1868 330 1922 motus
348 1859 462 1939 (fueret
475 1859 559 1922 enim
572 1859 679 1923 nobile
692 1859 725 1922 in
741 1859 839 1924 classe
853 1861 939 1945 regia
953 1862 1114 1945 quondam
1128 1863 1216 1928 navi-

158 1945 225 2024 um)
242 1943 359 2006 deduci
372 1943 413 2008 ab
424 1943 520 2027 AEgio
528 1951 655 2028 putrem
664 1943 732 2028 jam
741 1945 913 2008 admodum
923 1953 956 2009 ct
966 1954 1123 2010 vetustate
1138 1947 1215 2010 dila·

166 2035 254 2125 ntem
264 2027 373 2112 jussit.
417 2027 489 2090 Hac
501 2035 571 2125 turn
586 2027 733 2113 praetoria
758 2049 837 2093 nave
854 2030 1051 2113 precedente
1071 2031 1214 2110 clessam,
1227 2053 1306 2099 crure
1316 2052 1366 2098 vin-

124 2132 226 2194 quum
241 2133 276 2174 ru
289 2133 327 2174 ea
341 2111 501 2175 Patrensis
515 2111 591 2175 'l'rso
605 2111 774 2196 prefectus
789 2113 897 2176 classis
910 2115 1086 2193 veheretur,
1101 2115 1215 2180 obcur-
1226 2117 1287 2161 citur
1302 2115 1380 2162 Phil*-

124 2203 239 2258 rerunt
253 2216 272 2258 a
287 2194 408 2280 Gythio
423 2196 587 2260 Laconum
601 2217 717 2260 nevess
739 2203 772 2260 et
785 2197 888 2282 primo
902 2198 1010 2262 statim
1023 2199 1154 2262 incursu
1175 2200 1216 2262 ad
1227 2193 1327 2240 pumen.

122 2301 245 2342 novem
259 2287 293 2342 et
304 2280 427 2342 firmam
439 2301 551 2344 navem
563 2289 666 2358 vetus,
681 2301 753 2364 quae
767 2302 831 2365 per.
839 2302 872 2343 se
886 2281 957 2364 ipsa
969 2283 1117 2344 omnibus
1131 2304 1216 2345 com-

122 2363 268 2448 pagibus
282 2383 396 2446 aquarn
411 2364 571 2450 acciperet,
587 2365 711 2427 divulsa
724 2373 791 2427 est:
814 2363 961 2447 captique
976 2385 1095 2442 omnes,
1111 2365 1166 2448 qui
1183 2365 1216 2429 iu

123 2469 207 2512 nere
231 2457 332 2510 erant.
359 2456 461 2511 cetera
485 2449 603 2527 classis,
628 2446 777 2533 praetoria
809 2467 888 2511 nave
912 2446 1037 2527 emissa,
1062 2457 1217 2532 quantum

124 2553 263 2615 quaeque
278 2531 373 2596 remis
384 2531 494 2612 valuit,
508 2534 668 2618 fugerunt.
694 2531 763 2617 ipse
778 2531 996 2617 Philopoemen
1009 2532 1043 2596 in
1058 2533 1120 2597 levi
1141 2555 1216 2619 spe-

125 2617 280 2680 culatoria
302 2637 381 2680 nave
406 2617 509 2702 fugite
541 2639 601 2680 nec
625 2625 698 2681 ante
723 2616 808 2700 fugae
830 2615 938 2697 finem,
954 2615 1080 2700 ”quam
1106 2618 1216 2681 Patras

124 2709 259 2764 ventum
282 2705 359 2780 esti,
381 2701 466 2765 fecit.
509 2701 599 2765 Nihil
624 2722 661 2764 ea
688 2722 739 2764 res
764 2701 905 2764 animum
930 2699 1075 2765 militaris
1099 2701 1169 2780 viri,
1184 2711 1217 2765 et

124 2785 246 2849 mrrltos
270 2785 390 2870 experti
412 2807 515 2865 casus,
528 2785 688 2849 inminuit.
715 2784 793 2868 quin
808 2792 927 2863 contra,
941 2785 968 2848 si
993 2785 1026 2849 in
1049 2807 1083 2850 re
1103 2785 1216 2865 navali,

124 2869 219 2932 cu'us
239 2878 324 2933 esset
348 2870 488 2956 ignarus,
513 2869 716 2948 obfendisset‚
729 2891 766 2933 eo
790 2869 863 2953 plus
883 2869 917 2932 in
942 2890 989 2948 ea,
1003 2891 1139 2954 quorum
1153 2891 1217 2934 usu

124 2962 264 3100 adfieret,
258 2975 346 3102 1ἑρει
360 2963 484 3034 nactrrs,
496 2954 591 3019 breve
605 2954 639 3018 id
653 2961 788 3040 tyranno
803 2953 956 3038 gaudium
980 2975 1013 3016 se
1027 2953 1214 3018 effecturum

188 3059 260 3101 rma
300 3047 325 3102 t.

167 3122 318 3188 XXVII.
339 3123 373 3186 N
374 3122 451 3200 obis,
467 3145 567 3222 quum
599 3144 727 3223 raspera
739 3123 841 3186 elatus
855 3143 889 3185 re
899 3132 924 3200 ¹²,
933 3129 1003 3184 turn
1018 3142 1107 3207 spem
1122 3120 1215 3184 etiam

125 3205 214 3270 baud
227 3207 359 3270 'dubiam
373 3215 496 3286 nactus,
508 3145 666 3294 mhlJam
680 3229 700 3272 a
714 3207 792 3271 mari
812 3205 944 3292 periculi
958 3207 1034 3286 fore,
1050 3213 1082 3270 et
1104 3213 1216 3270 terres-

125 3297 189 3354 tres
204 3291 316 3388 aditus
327 3291 471 3355 claudere
485 3301 664 3440 oppqrtune
683 3291 808 3389 positisu
818 3291 974 3377 praesidiis
987 3291 1099 3408 vqluit.
1123 3291 1216 3389 tertia

125 3382 216 3458 parte
245 3395 408 3460 caprarum
436 3375 477 3441 ab
505 3377 667 3441 osrdrone
698 3375 811 3461 Gythu
838 3375 985 3454 abducta,
1041 3376 1083 3439 ad
1113 3375 1215 3440 Pleras

154 3509 272 3555 'Hm
282 3515 308 3555 st
318 3525 423 3557 amaran
434 3517 481 3558 trust
492 3513 581 3559 muse
591 3513 717 3573 agilitatem
728 3514 875 3573 experiretur,
886 3513 953 3559 sisrsl
962 3514 1035 3559 onnia
1047 3513 1119 3558 Gron.
1132 3513 1199 3558 (ξιον.

154 3575 192 3619 's
206 3572 302 3632 Kreyss.
316 3573 391 3620 seu
527 3575 577 3623 ‘sit
588 3576 661 3622 (troc.
673 3577 740 3622 Creu.
879 3577 895 3608 ¹¹
905 3591 930 3623 rr
940 3577 1013 3624 elatas
1025 3575 1121 3635 Kreyss.
1133 3575 1211 3621 seur.

155 3699 188 3746 Β
207 3697 351 3762 Pristesqss]
377 3701 458 3749 Pristis
477 3711 513 3750 est
539 3718 614 3764 genas
641 3703 736 3763 navigii,
769 3711 872 3750 exstaret
888 3703 1061 3763 Polybiilocus,
1078 3703 1201 3749 undebsec
1215 3701 1378 3762 proculdubio

126 3765 192 3824 errius
215 3777 302 3810 mea
326 3765 432 3826 plerique
454 3767 508 3814 duci
530 3767 613 3814 voluat
632 3781 646 3814 s
667 3769 738 3814 verbo
771 3767 852 3813 Livius
863 3768 985 3826 excerpsit.

126 3827 209 3874 (imos
218 3823 360 3890 rpimsoo.
802 3830 833 3877 8⁴
852 3829 980 3889 'Cratsrss
1010 3829 1079 3876 lianc
1101 3830 1223 3876 cretarum
1246 3828 1378 3876 Gronovius

155 3890 189 3938 Β
207 3890 359 3951 massis
375 3894 557 3954 megistum
569 3909 636 3955 quase
648 3893 738 3941 Crateri
769 3893 887 3940 existimat
908 3893 979 3941 luisse
1000 3893 1074 3939 lilium
1099 3891 1212 3940 Demetrii
1236 3892 1377 3946 Policrrets,

126 3951 228 4014 m]
246 3955 386 4001 Plutarchus
404 3955 429 4002 in
447 3956 738 4017 Philopoemeneeamns·
769 3955 864 4003 hstrem
886 3956 998 4016 Antigoni
1020 3957 1119 4003 Gonstn
1140 3957 1200 4016 regia
1226 3954 1377 4003 Macedonia.

125 4031 176 4064 seru
187 4019 346 4078 qnsdrsq'lnts
353 4026 409 4066 sate
418 4020 583 4080 suniscsptam
592 4020 662 4066 luisse
674 4020 738 4075 dicit,
770 4021 818 4067 lies
828 4019 879 4080 ipse
888 4035 971 4080 pamm
983 4027 1044 4066 nota.

126 4095 176 4138 sec,
188 4095 237 4142 qus
248 4083 371 4128 censione
387 4083 413 4129 id
431 4082 516 4129 lurtum
527 4083 605 4140 tuerit,
616 4091 736 4130 memorat.
800 4083 832 4130 85
851 4083 922 4134 Quosr
934 4085 1018 4130 Patras
1036 4089 1123 4131 sentus
1137 4079 1181 4145 sit]
1198 4083 1284 4129 Victor.
1295 4080 1378 4136 codes,

126 4143 195 4193 Qud
210 4145 240 4192 sd
260 4145 327 4192 illurn
347 4146 579 4206 craterum‚qniiric
595 4147 736 4200 uomlamur.
768 4153 907 4194 mirmur.

125 4209 216 4266 ιειίπει,
233 4217 315 4256 censet
333 4209 475 4264 Gronovius,
494 4211 513 4256 si
532 4225 601 4257 verus
626 4211 656 4256 sit
678 4209 738 4256 hirii
801 4209 833 4256 dd
849 4211 889 4256 Aa
905 4205 996 4270 Pleias]
1015 4209 1066 4257 lloo
1084 4224 1169 4256 nomen
1189 4215 1323 4266 canapium
1334 4213 1377 4254 est.

126 4285 313 4383 mgr-m
323 4272 405 4383 Αὶιιὶἑω
423 4271 499 4382 qbppp
519 4273 632 4383 ltlsmurii
649 4273 738 4382 qulicr·
772 4273 889 4383 lisqrsius
903 4274 1022 4383 erirBtimst
1038 4269 1378 4397 spmoduprdivppqqqrglifltprulg

181 4367 189 4392 ‚
347 4351 363 4382 n
497 4351 526 4384 ns
538 4353 558 4383 ι
576 4351 601 4383 re
627 4351 637 4382 s
684 4351 736 4382 are·
799 4353 812 4383 rr
832 4351 870 4383 um
879 4351 929 4384 esse
961 4352 1015 4390 cros,
1023 4351 1052 4382 cu
1062 4351 1088 4382 us
1099 4349 1145 4395 opp

127 4398 208 4454 desit,
218 4403 286 4462 calm
301 4351 558 4447 cntarlorlhentiorrem
578 4351 666 4447 regunt
682 4399 737 4446 Plu·
769 4351 900 4460 i‘Polybio,
919 4399 936 4444 l.
948 4401 976 4445 V.
988 4409 1039 4445 turn
1050 4415 1064 4446 s
1076 4396 1191 4443 Paussnis
1208 4395 1232 4442 ln
1251 4395 1378 4448 beronicis,

128 4464 345 4511 maturitatis
355 4459 411 4526 supi
419 4459 587 4527 portuque,
595 4471 618 4511 et
627 4463 738 4524 Prologus
770 4471 881 4523 tanquam
893 4463 963 4510 ricini
975 4462 1051 4510 licrlls
1066 4467 1089 4507 et
1102 4459 1193 4515 heusis,
1205 4473 1257 4520 quse
1268 4460 1312 4508 hor
1328 4461 1378 4508 loco

128 4525 164 4572 Ἀ
185 4528 255 4590 Trogi
275 4527 392 4590 Pompeii.
427 4527 475 4574 Res
492 4529 575 4576 clarior
596 4527 662 4581 loros.
684 4527 739 4574 siis
771 4528 928 4576 nominsutur.
