3108 4982
405 305 493 372 LlB.
516 305 682 380 xxxlx.
718 305 815 370 cAP.
839 307 936 372 XXI.
1305 317 1366 379 211

111 455 412 541 minligures
430 455 625 542 provinciam
643 456 800 542 proticisci
822 457 1371 543 parabetstribaumilli-uoaao.1

110 543 173 607 bus
187 541 335 628 peditum
349 542 577 619 Romanorum,
592 549 722 605 cenurm
736 541 967 627 quinquaginta
979 542 1150 626 equitibus,
1171 551 1205 609 et
1216 538 1245 587 Α*
1257 539 1284 586 ⁰³
1296 538 1350 588 ¹⁸⁰·

8 657 13 676 ›
112 627 255 711 quinque
276 625 418 690 millibus
433 625 541 688 Latini
555 626 692 690 nominis
707 625 862 712 peditum,
883 627 1028 690 ducentis
1043 627 1203 711 equitibus

112 711 146 775 in
161 711 423 796 supplementum
438 711 587 794 acceptis.
631 711 753 774 Eadem
767 711 938 795 provincia,
952 711 1036 776 idem
1051 733 1203 777 numerus

112 795 259 880 peditum
285 793 493 880 equitumque
522 802 555 858 et
582 794 711 880 collegas
740 796 885 859 decretus
913 803 990 860 erat.
1033 796 1202 866 Exercitus

112 886 312 964 mepenmt,
337 896 419 962 quos
445 877 550 962 priore
573 899 658 942 anno
684 878 722 943 C.
738 879 911 944 Flaminius
935 888 968 943 et
987 880 1036 944 M.
1051 881 1202 946 AEmilius

113 963 260 1027 musuleo
283 963 474 1028 babuerunt.
510 962 589 1026 duas
612 971 766 1047 praeterea
783 963 923 1062 legiones
945 985 1043 1028 novas
1057 985 1097 1028 ex
1112 986 1202 1028 sena·

113 1047 312 1111 tusconsarlto
327 1047 462 1110 scribere
471 1044 555 1131 jussi
569 1055 663 1110 sunta
677 1055 711 1111 et
722 1047 835 1132 viginti
845 1048 944 1112 millia
952 1049 1097 1133 peditum
1108 1049 1201 1114 sociis

114 1139 146 1195 et
158 1131 281 1195 nomini
296 1131 412 1194 Latino
426 1131 632 1216 imperarunt,
653 1139 686 1194 et
703 1131 825 1218 equites
843 1132 929 1196 mille
948 1141 1116 1212 trecentos,
1137 1133 1158 1168 '¹
1168 1142 1201 1198 et

8 1247 12 1258 ·
112 1215 172 1280 trio
196 1215 296 1280 millis
317 1215 466 1314 peditum
495 1216 721 1294 Romanomm,
747 1216 900 1279 ducentos
929 1217 1060 1300 equites.
1095 1225 1201 1282 totum

113 1301 200 1363 hunc
224 1308 408 1378 exercitum,
429 1307 546 1384 praeter
568 1300 718 1388 legiones,
739 1300 773 1362 in
798 1300 1056 1385 supplementum
1081 1301 1199 1400 Hispa-

112 1384 232 1448 niensis
255 1383 412 1448 exercitus
436 1383 510 1447 duci
532 1383 687 1469 placebat.
723 1383 829 1467 itaque
859 1383 1004 1448 consules
1031 1385 1109 1448 dum
1138 1385 1200 1470 ipsi

112 1468 344 1551 quaestionibus
368 1467 622 1553 inpediebantur,
650 1469 688 1532 Τ.
703 1468 862 1534 Maenium
891 1469 1026 1532 delectui
1053 1469 1199 1532 babendo

136 1552 332 1616 raefecerunt.
377 1551 528 1616 perlectis
555 1551 796 1636 quaestiouibus,
825 1553 912 1638 prior
942 1553 983 1620 Q.
998 1551 1139 1616 Marcius
1165 1550 1352 1630 ianlflfflu‘

113 1573 145 1699 i.
270 1637 424 1722 Apuanos
445 1644 495 1700 est
515 1637 686 1722 proiectus.
729 1637 818 1700 Dum
836 1636 965 1722 penitus
980 1636 1043 1700 ”in
1057 1615 1362 1726 abditoslssissfflbm

113 1719 225 1799 sdtsas,
246 1741 316 1805 quae
330 1721 460 1785 latebrae
483 1720 742 1819 receptaculaque
757 1742 883 1807 semper
899 1721 961 1784 illis
978 1721 1114 1800 fuerant,
1127 1743 1199 1808 per·
1211 1751 1302 1791 ventus

112 1804 275 1889 sequitur;
295 1805 330 1869 in
352 1814 583 1890 preoccupatae
604 1805 770 1890 angustiis,
784 1806 854 1872 loeo
876 1806 986 1890 iniquo
1000 1807 1197 1872 estcircum-

112 1896 236 1954 ventus.
269 1898 407 1974 quatuor
420 1889 518 1953 millia
531 1889 670 1954 militum
688 1890 822 1970 amissa3
844 1898 877 1954 et
896 1890 1029 1976 legionis
1051 1893 1199 1956 secundae

111 1973 202 2058 signa
221 1973 293 2053 tria,
313 1973 462 2038 undecim
476 1973 589 2038 vexilla
612 1973 733 2038 socium
755 1974 862 2038 Latini
883 1975 1020 2038 nominis
1038 1975 1073 2038 in
1093 1983 1199 2060 potes-

113 2065 212 2121 tatem
234 2058 375 2122 bostium
397 2067 564 2138 venerunt,
584 2067 616 2122 et
636 2079 724 2122 arma
745 2059 857 2137 multe,
879 2081 962 2142 quae,
982 2059 1057 2142 quia
1076 2059 1199 2146 inpedi-

110 2151 222 2205 mento
241 2141 435 2226 fugientibus
454 2165 512 2228 per
530 2143 688 2207 silvestres
708 2143 835 2208 semitas
855 2151 955 2222 eram,
969 2143 1088 2226 passim
1099 2143 1199 2227 jacta-

110 2225 242 2288 bantur.
276 2225 365 2310 prius
432 2227 529 2291 uendi
543 2227 679 2312 Ligures
701 2227 809 2306 linem,
832 2247 928 2310 quam
950 2226 1035 2312 fugae
1054 2227 1199 2308 Romani,

110 2309 267 2374 lecerunt.
311 2247 440 2390 Canidi,
464 2311 520 2375 ubi
539 2312 680 2412 primum
698 2331 738 2374 ex
758 2311 899 2373 hostium
922 2329 997 2394 agro
1018 2309 1127 2388 evasit,
1148 2332 1200 2388 ne,

110 2403 269 2478 quantum
294 2393 465 2460 deminutae
484 2418 585 2482 coprae
609 2397 723 2474 forent,
744 2395 918 2478 adpareret,
936 2395 971 2456 in
990 2392 1067 2456 locis
1079 2394 1199 2492 pacatis

110 2478 285 2542 exercitum
307 2479 437 2544 dimisit.
481 2481 557 2544 Non
580 2488 688 2544 umen
712 2479 877 2544 obliterare
904 2479 1021 2542 famam
1046 2499 1092 2542 rer
1118 2478 1200 2542 male

110 2569 212 2708 gqstae
235 2563 349 2648 potuit
385 2585 461 2628 nam
484 2565 594 2645 saltus,
622 2564 709 2629 unde
738 2585 811 2629 eum
840 2563 975 2649 Ligures
1004 2563 1199 2649 fugaverant,
1212 2571 1289 2648 sarug

155 2645 257 2710 mcius
271 2655 319 2710 est
332 2649 373 2712 ad
413 2648 518 2713 llatus.
1212 2635 1322 2684 “mm

155 2731 252 2794 XXI.
276 2731 343 2796 Sub
386 2753 450 2796 unc
474 2733 628 2798 nuncium
648 2753 687 2796 ex
708 2731 885 2832 Ligustinis
899 2733 1065 2818 vulgatum
1088 2731 1197 2811 literae,
1212 2741 1310 2818 assiu·

110 2837 151 2878 cx
173 2815 330 2901 Hispania
353 2817 485 2882 mixtam
512 2817 628 2902 gaudio
657 2818 818 2881 butinam
847 2817 1032 2896 adferentes,
1059 2817 1198 2881 recitata>
1212 2805 1326 2915 ΒΨ·

109 2907 197 2964 sunt
248 2901 286 2964 C.
315 2901 454 2981 Atinius,
483 2902 539 2986 qui
565 2901 694 2966 biennio
723 2910 796 2965 ante
823 2908 942 2986 praetor
965 2901 1000 2964 in
1029 2923 1098 2964 eam
1125 2883 1250 2985 pro-⁸³⁸
1281 2900 1289 2914 '

108 2983 246 3048 viudm
269 2985 430 3069 proiectus
448 2994 525 3066 erat,
546 3007 620 3052 cum
636 2985 799 3050 Lusitanis
813 2985 847 3048 in
863 3005 937 3068 agro
957 2985 1086 3048 Astensi
1100 2984 1199 3067 signis

108 3067 245 3132 conlatis
265 3070 430 3154 pugnavit.
466 3071 507 3134 ad
531 3091 587 3134 sex
612 3069 712 3134 millia
731 3069 872 3134 hostium
890 3075 966 3131 sunt
987 3089 1082 3132 wear
1105 3066 1200 3130 ceteri

8 3197 10 3206 .
109 3151 185 3231 lissi,
210 3153 321 3237 fugati,
345 3153 518 3239 castrisque
543 3154 641 3218 exuti.
683 3155 737 3218 Ad
760 3153 915 3239 oppidum
935 3151 1048 3216 deinde
1070 3153 1199 3216 Astram

109 3235 363 3321 obpugnandum
377 3238 517 3324 legiones
532 3239 630 3304 ducit.
666 3238 699 3302 id
712 3259 839 3322 quoque
855 3237 940 3301 haud
960 3237 1062 3301 multo
1080 3235 1198 3321 majora

109 3321 280 3385 cadmiae
293 3322 387 3407 cepit,
402 3344 498 3407 quam
512 3331 631 3387 castra:
647 3323 712 3402 sed,
726 3323 804 3386 dum
815 3321 972 3386 incautius
984 3321 1070 3386 subit
1078 3342 1197 3398 muros,

109 3403 194 3468 ictus
208 3427 248 3470 ex
261 3406 390 3470 vulnere
405 3416 480 3492 post
494 3409 562 3472 dies
576 3428 695 3492 paucos
710 3408 851 3472 moritur.
895 3406 1010 3470 Literis
1035 3407 1074 3469 de
1096 3413 1197 3469 morte

108 3489 313 3574 propraetoris
328 3491 476 3570 recitatis,
492 3501 620 3556 senatus
630 3492 753 3556 censuit
762 3489 964 3569 mittendum,
979 3491 1034 3575 qui
1043 3491 1083 3554 ad
1094 3489 1197 3558 Lunae

108 3583 241 3657 portum
265 3574 303 3638 C.
317 3574 527 3660 Calpurnium
544 3585 713 3662 praetorem
736 3583 996 3658 consequeretur;
1018 3574 1197 3638 nunciaret·

108 3679 184 3740 que,
200 3665 346 3721 senatum
359 3681 487 3743 aequum
502 3681 639 3739 censere,
653 3681 693 3722 ue
708 3659 775 3723 sine
789 3659 921 3744 imperio
932 3657 1094 3742 provincia
1104 3665 1197 3736 esset,

108 3751 267 3806 maturare
282 3763 356 3806 eum
369 3745 535 3828 proficisci.
565 3745 688 3810 Quarto
703 3743 763 3823 die,
778 3743 834 3827 qui
848 3741 965 3806 missus
979 3749 1057 3822 erat,
1070 3741 1197 3806 Lunam

108 3825 207 3890 venit.
241 3827 352 3912 paucis
365 3835 440 3891 ante
454 3827 567 3892 diebus
580 3827 774 3912 Calpurnius
791 3827 953 3912 profectus
977 3833 1053 3890 erat.
1097 3825 1141 3890 Et
1163 3825 1197 3890 in

109 3909 253 3974 citen'ore
269 3911 427 3996 Hispania
441 3913 480 3976 L.
492 3912 636 3976 Manlius
658 3911 823 3992 Acidinus,
859 3910 894 3972 ui
915 3911 1025 3972 eodem
1044 3917 1196 3996 tempore,

109 4015 173 4078 quo
188 3993 226 4059 C.
241 3995 382 4075 Atinius,
396 3995 431 4060 in
444 3997 639 4081 provinciam
654 3995 741 4074 ierat,
756 4015 831 4060 cum
873 3993 1011 4060 eltibcris
1034 3993 1099 4060 acie
1121 4016 1195 4064 cou-

557 4145 566 4180 t
576 4147 654 4194 obdito
664 4143 737 4192 Gran.

139 4293 171 4350 78
187 4295 220 4343 aa
236 4297 284 4343 tric
301 4297 375 4344 nauta
391 4297 493 4357 peditem
504 4297 660 4352 Romoaomm
673 4299 716 4342 da·
751 4296 808 4342 dum
823 4295 942 4344 insederat
957 4294 1119 4342 Gronovianss
1138 4291 1260 4346 editiones,
1273 4303 1357 4350 nempe

105 4367 180 4406 mter
194 4356 294 4421 mter]
313 4361 410 4420 Supple.
426 4363 573 4421 scripssranr,
593 4375 666 4420 quum
686 4361 717 4406 da
751 4361 872 4407 incidite.
905 4360 1056 4406 Correxlmus
1073 4371 1103 4404 en
1118 4353 1359 4402 aliissdidonibuaet

106 4423 220 4470 Rornams
231 4434 329 4482 agatem
347 4437 402 4480 non,
414 4425 563 4484 mmet.
751 4423 781 4470 Vl
795 4424 910 4474 teodiec.

136 4487 169 4542 79
185 4488 216 4536 In
234 4489 325 4536 abduce
339 4483 424 4548 saltu]
444 4487 474 4534 Et
486 4487 525 4534 bic
543 4501 636 4548 quoque
648 4499 715 4534 meu·

1048 4543 1103 4604 1²2
