3086 4952
400 399 488 464 ΜΒ.
512 399 654 465 XXXV.
679 400 774 466 CAP.
803 403 898 468 XXI.
1316 407 1354 468 17

102 550 193 612 rium.
229 549 387 627 additum,
400 549 434 612 iu
451 547 709 634 supplementum
727 558 764 614 ut
784 559 920 634 quatuor
934 551 1031 614 miliia
1046 550 1190 635 peditum
1205 568 1232 613 υ.
1244 569 1270 614 c.
1283 565 1338 614 ooo.

103 635 318 697 Romanorum
333 634 556 712 scriberentur,
570 643 603 696 et
615 643 745 697 centum
759 635 990 720 quinquaginta
1002 636 1142 720 equites3
1157 644 1190 698 ct
1204 631 1231 677 Α·
1242 633 1269 678 ⁰·
1283 631 1335 679 ¹⁹²·

102 718 192 780 sociis
211 719 324 782 eodem
346 719 489 802 quinque
511 717 610 781 millia
631 719 777 803 peditum
799 720 1038 804 imperarentur,
1059 720 1189 782 ducenti

100 803 332 888 quinquaginta
346 802 479 886 equites.
523 801 584 866 Cn.
600 803 742 866 Domitio
757 812 845 866 extra
860 803 993 882 Italiam,
1015 825 1078 888 quo
1098 825 1188 866 sena-

101 897 152 949 tus
164 887 354 965 censuisset,
375 885 539 972 provincia
552 887 666 966 evenit,
682 888 721 951 L.
734 888 886 954 Qrdnctio
899 888 1003 952 Gallia
1016 897 1049 952 et
1062 887 1189 951 comitia

101 969 255 1034 babendo.
299 972 455 1036 aratores
484 971 598 1034 deinde
649 971 802 1036 rovindas
832 973 952 1036 sortitis
985 972 1035 1036 M.
1055 972 1187 1035 Fulvius

100 1053 311 1118 Centumalus
321 1055 487 1134 urbanam,
502 1055 541 1118 L.
558 1054 626 1118 Scri
669 1056 741 1119 nius
756 1056 838 1120 Libo
850 1056 1058 1142 peregrinam,
1076 1057 1115 1119 L.
1123 1057 1187 1120 Va-

99 1139 195 1201 lerius
204 1139 321 1224 Tappo
333 1139 481 1219 Siciliam,
489 1138 531 1205 Q.
542 1139 688 1202 Salonius
697 1140 789 1204 Sarra
800 1141 986 1220 Sardiniam,
997 1142 1045 1204 M.
1057 1140 1187 1203 Baebius

98 1223 290 1308 Tamphilus
315 1223 504 1308 Hispaniam
529 1223 713 1303 citeriorem,
734 1226 774 1287 A.
792 1225 909 1288 atilius
932 1226 1085 1290 Semnus
1105 1223 1187 1287 ulte-

99 1308 225 1370 riorem.
271 1307 335 1371 Sed
362 1308 412 1371 bis
441 1308 566 1372 duobus
594 1308 733 1393 primum
762 1309 1045 1386 senatusconsulto,
1073 1309 1186 1371 deinde

99 1391 203 1476 plebis
219 1392 314 1454 etiarn
330 1392 408 1455 scito
468 1401 613 1456 rmutatae
658 1393 806 1456 rovinciae
830 1401 915 1456 sunt.
957 1393 1055 1456 Atilio
1077 1392 1186 1455 classis

98 1485 131 1538 et
147 1475 349 1554 Macedonia,
364 1477 421 1540 13ae
444 1476 476 1539 io
491 1477 609 1540 Bruttii
646 1477 750 1540 ecreti.
794 1477 949 1540 Flaminio
964 1477 1056 1540 Fulvi
1098 1498 1138 1538 ue
1152 1476 1186 1538 in

101 1559 271 1644 Hispaniis
285 1569 491 1645 prorogatum
505 1561 682 1646 imperium.
726 1561 835 1625 Baebio
849 1561 928 1624 Tam
952 1561 1017 1624 bilo
1037 1560 1071 1624 in
1118 1569 1186 1623 rut·

99 1645 162 1707 tios
176 1645 250 1708 duae
263 1644 402 1729 legiones
417 1645 561 1724 decretae,
575 1667 647 1728 quae
659 1645 764 1744 priore
784 1667 867 1709 anno
886 1667 925 1708 ur
988 1667 1016 1709 ae
1033 1643 1184 1708 fuissent:

100 1727 122 1762 ‘²
133 1739 167 1792 et
181 1731 242 1792 utb
255 1729 349 1792 sociis
359 1730 471 1793 eodem
484 1729 582 1792 millia
596 1729 738 1827 peditum
752 1729 932 1814 quindecim
946 1729 1185 1828 imperarentur,

99 1813 336 1982 ῗηέᾙῗιῗ,
348 1813 928 1976 iqffivddiuidiiinibiilii
943 1833 1185 1982 ttttt‘tlt
1197 1812 1297 1936 iiii

99 1989 219 2058 ament,
233 1989 265 2044 et
280 1982 414 2045 scribere
429 1981 555 2045 navales
570 1981 680 2046 socios.
723 1982 768 2045 Et
787 1983 970 2046 consulibus
985 1982 1185 2067 imperatum,

99 2071 138 2127 ut
152 2065 181 2128 ei
198 2066 263 2128 duo
281 2065 379 2128 millia
397 2065 519 2130 socidm
539 2087 576 2129 ac
599 2065 705 2130 Latini
731 2067 878 2146 nominis,
902 2075 935 2130 et
955 2066 1040 2130 mille
1063 2066 1185 2150 pedites

98 2149 236 2213 dareat⁶
252 2151 411 2213 Romanos
418 2151 443 2214 ⁴¹.
473 2149 519 2214 Hi
532 2149 596 2214 duo
632 2159 760 2214 ractores
774 2159 806 2214 et
820 2151 884 2214 duo
898 2150 1063 2228 exereiaa,
1073 2159 1186 2214 terres-

98 2233 158 2296 tris
191 2233 385 2332 navalisque,
411 2234 559 2298 adversm
587 2173 705 2313 riibin,
734 2243 841 2320 aperte
858 2235 925 2318 jam
948 2235 1186 2318 obpugnantem

97 2317 207 2380 socios
267 2317 335 2401 pub
347 2318 490 2396 Romani,
505 2317 691 2382 dicebantur
703 2319 817 2402 parari.
860 2317 1010 2380 Ceterum
1030 2317 1042 2378 l
1099 2315 1126 2378 ti
1146 2317 1187 2378 ad

98 2401 221 2465 Antioc
246 2423 302 2464 um
317 2401 404 2464 missi
414 2403 693 2487 exspectabantur:
708 2409 771 2479 et⁸,
786 2400 972 2486 priusquam
986 2398 1008 2462 ii
1022 2419 1055 2462 re
1080 2398 1087 2412 '
1106 2407 1186 2478 sent,

99 2495 246 2550 vetuerat
261 2485 322 2549 Cu.
336 2487 512 2550 Domitium
527 2486 689 2551 consulem
705 2495 833 2549 senatus
847 2485 887 2549 ab
901 2483 979 2548 urbe
994 2483 1151 2547 discedere
1160 2483 1178 2548 ¹.

143 2569 243 2634 XXl.
267 2571 458 2634 Praetoribus
474 2571 586 2635 Fulvio
600 2579 632 2634 et
646 2570 821 2648 Scribonio,
843 2569 970 2654 quibus,
990 2577 1028 2632 ut
1036 2567 1092 2654 jus
1103 2568 1187 2632 dice-

99 2663 172 2718 rent
188 2655 311 2734 Romae,
324 2655 486 2742 provincia
498 2663 575 2734 erat,
590 2655 753 2740 negotium
772 2657 892 2733 datum,
915 2662 962 2732 ut,
982 2661 1097 2752 praeter
1117 2673 1186 2716 eam

98 2739 245 2818 classem,
267 2741 318 2803 cui
336 2741 455 2804 Atilius
478 2741 672 2826 praeliaturus
694 2749 770 2818 erat,
793 2748 922 2802 centum
945 2758 1186 2836 qulnqueremes

100 2833 259 2908 pararent.
304 2825 378 2888 Priu
417 2847 491 2888 uam
506 2825 617 2888 consul
630 2835 842 2910 praetoresque
855 2823 888 2886 in
901 2821 1077 2908 provincias
1089 2821 1187 2906 profi·

100 2909 305 2986 ciscareutur,
320 2847 510 2994 supiiiicatio
524 2909 586 2972 fuit
599 2931 657 2994 pro
681 2909 688 2923 '
714 2909 815 2972 'orum
829 2929 949 2971 caussa.
982 2905 1119 2990 Capram
1131 2927 1187 2968 sex
1199 2909 1314 2971 nortgn

101 2994 213 3057 boedos
228 3015 294 3056 uno
308 2994 387 3057 soetu
401 2995 546 3072 edidisse,
561 3015 600 3057 ex
616 2994 730 3057 Piceno
743 2993 929 3056 nunciatum
945 2998 1010 3052 est:
1026 2999 1058 3052 et
1071 2989 1188 3052 Arretii

101 3099 239 3162 puerum
252 3087 364 3142 natum
379 3079 586 3142 unimanum=
602 3077 758 3146 Amiterni
777 3077 799 3112 ⁶⁸
809 3085 892 3140 terra
901 3073 1038 3159 pluisse:
1054 3073 1188 3136 Formiis

101 3171 227 3246 portam
242 3183 433 3247 murumque
448 3164 487 3226 de
502 3163 582 3226 coelo
598 3171 698 3226 mota:
721 3171 753 3225 et
772 3161 870 3245 (quod
885 3157 1020 3223 maxime
1039 3156 1187 3238 terrebat)

101 3247 242 3310 consulis
272 3247 333 3311 Cn.
355 3247 489 3312 Domitii
518 3247 631 3312 bovem
659 3247 812 3324 locutum,
843 3263 945 3309 noua
975 3262 1070 3306 cava
1101 3261 1188 3305 nrm.

102 3331 290 3394 Ceteromm
301 3331 520 3430 prodigiorum
535 3353 646 3395 caussa
660 3330 873 3416 supplicatum
891 3337 957 3392 ests
980 3327 1094 3390 bovem
1114 3347 1188 3388 cum

101 3437 176 3478 cura
190 3437 310 3479 servan
325 3417 427 3500 alique
448 3416 607 3502 aruspices
633 3416 802 3479 'usserunt
844 3411 977 3490 liberis,
998 3410 1188 3508 ”infestiore

100 3521 196 3584 quam
211 3500 317 3586 priore
331 3501 442 3586 inpetu
457 3499 574 3564 inlatus
589 3439 671 3578 urbi,
690 3499 754 3563 duo
777 3505 902 3583 pontes,
925 3495 1058 3560 oedificra
1077 3493 1188 3570 multa,

102 3586 237 3648 maxime
252 3585 336 3648 cirea
348 3593 473 3670 portam
488 3585 741 3662 Flumentanam,
761 3581 881 3646 evertit.
925 3580 1044 3644 Sarum
1066 3579 1189 3674 ingens,

101 3669 163 3732 sive
178 3669 350 3746 imbribus,
364 3669 429 3733 sive
443 3679 639 3768 motuterrae
652 3668 780 3765 leviore,
799 3687 895 3750 quam
910 3673 948 3762 ut
962 3663 1079 3762 alioqui
1093 3669 1189 3759 sentr-

102 3754 449 3923 narraras
460 3753 650 3923 ..13qu
651 3745 1189 3921 taruannensis

103 3923 247 3986 siliarum
263 3933 385 4007 strages
399 3923 482 3985 facta
496 3931 553 3986 est.
599 3921 787 4004 Priusquam
803 3920 841 3983 L.
853 3917 1024 3983 Quinctius
1035 3913 1146 3978 consul
1156 3913 1189 3976 in
1202 3893 1299 4003 ξ’ἰζξξῖ·

103 4007 296 4092 provinciam
309 4007 497 4092 perveniret,
514 4008 555 4074 Ο.
567 4005 731 4070 Minucius
745 4004 779 4066 in
792 4023 867 4086 agro
879 4001 993 4066 Pisano
1004 4021 1078 4064 cum
1092 3998 1189 4082 Ligu·
1204 4019 1315 4068 uineas.

132 4153 181 4203 *aa
192 4165 217 4204 et
229 4157 303 4203 Gran.
315 4157 385 4204 cm.
517 4157 724 4204 ‘mli-deuel
737 4155 801 4201 End.
938 4147 1163 4198 *maderent

101 4223 184 4277 pedm
199 4221 278 4267 maa.
392 4226 439 4268 'et
449 4221 494 4267 del.
507 4221 580 4267 Gron.
592 4221 659 4267 Cres.
769 4213 904 4265 ‘discedere
914 4217 944 4263 ab
955 4217 1010 4262 arbe
1022 4213 1097 4261 uest.

132 4331 163 4386 07
184 4328 341 4392 Utetacr'a'r]
362 4331 577 4391 laegspotlurcum
587 4331 713 4384 Gronovia
1204 4383 1227 4396 Η

104 4397 242 4442 sanandis.
745 4393 843 4452 impetu,
858 4405 929 4450 quam
946 4403 992 4450 quo
1011 4390 1083 4450 priua,
1100 4399 1162 4432 anno
1179 4397 1210 4429 scr
1243 4397 1255 4428 a

134 4457 165 4505 Β
183 4459 255 4506 Tmo
270 4454 370 4519 fian]
399 4459 468 4504 Unus
484 4471 498 4504 a
517 4459 584 4504 MSS.
604 4455 715 4504 Gronorii
747 4455 815 4510 rlore,
835 4455 909 4500 amnis
929 4453 979 4499 urbi
997 4453 1074 4498 illatus
1093 4449 1174 4493 bremt.
1209 4447 1261 4492 Vid.
1277 4461 1355 4508 supra,

106 4535 157 4566 cm
179 4523 305 4577 Victorino,
324 4531 350 4568 et
373 4521 478 4568 anan·
499 4523 610 4579 editione,
632 4529 716 4572 terrun
748 4519 801 4566 ali.
835 4519 894 4564 Tan.
907 4517 981 4564 Faber
1000 4515 1055 4573 legit
1071 4507 1270 4573 insertamque·
1278 4513 1355 4572 priore

105 4587 193 4644 plain.
226 4586 258 4632 lit
268 4587 301 4633 ric
312 4587 435 4633 interdum
449 4585 535 4634 Livius.
748 4583 915 4641 maainpetu.

190 4665 269 4714 vol..
285 4667 343 4712 111.
1146 4655 1166 4700 0
