3108 4982
486 294 574 360 LIB.
599 293 674 358 XL.
701 293 797 358 cAP.
822 293 903 359 XII.
1309 301 1371 362 255

108 449 171 522 Qui
187 447 261 510 linc
274 443 418 525 ”intepri
437 447 468 506 et
490 442 603 504 einceri
616 441 747 504 Romam
769 448 850 519 eunt,
865 443 1041 524 Pbiliopum
1054 463 1155 526 nepem
1175 463 1209 506 re
1223 461 1252 508 u.
1263 463 1289 508 c.
1301 461 1355 516 nro

105 533 223 596 bebere
239 529 405 605 medentes,
429 527 537 589 imbuti
557 527 643 589 illinc
666 531 696 590 ct
719 526 824 607 insecti
837 527 984 590 Romame
1004 528 1208 590 delenimentis
1221 526 1249 572 Α·
1262 527 1288 572 ⁰·
1303 526 1355 573 ¹⁰2

105 618 248 680 redeunt.
291 614 467 676 Demetrius
479 611 519 674 iit
541 631 619 674 uuuc
640 613 742 674 omnio
764 617 819 674 eet.
851 631 918 673 eum
932 611 1003 692 jum
1017 632 1127 694 nepem,
1140 613 1207 676 uiuo

101 708 210 785 putre,
225 699 391 780 adpellant.
435 697 557 759 Hoecti
578 696 731 778 indipnor,
746 695 928 758 uudiettdum
949 701 995 759 eet
1018 697 1133 774 rtotim,
1147 716 1208 760 non

110 786 151 848 ob
166 786 239 846 aliie
252 784 359 860 totum,
374 781 430 844 ted
442 782 534 844 etium
549 801 569 842 o
590 786 631 857 te,
649 785 755 860 potor,
770 779 948 861 cupiditatis
972 782 1060 862 repni
1082 782 1205 844 crimen.

111 871 218 950 ”Epo
232 867 355 944 vernei
377 868 411 928 in
433 865 532 928 medio
549 867 688 945 ponitur,
703 885 764 928 non
784 885 923 946 opnoeco.
952 885 1038 946 quem
1059 865 1137 928 enim
1151 884 1206 928 euo

114 955 181 1018 loeo
196 971 304 1030 moveo,
318 957 352 1013 ut
368 951 432 1031 ipre
444 951 477 1012 in
492 949 556 1029 o‘ue
570 951 666 1012 locum
676 949 861 1012 mmcedumt’
887 949 970 1012 Umtr
979 956 1050 1012 nnte
1058 969 1105 1012 me
1111 955 1206 1030 poter

114 1043 183 1101 ert.-
205 1044 245 1114 et,
259 1042 294 1099 ut
308 1035 362 1098 diu
375 1036 426 1112 eit,
439 1035 522 1098 Dece
535 1053 619 1114 rupo.
663 1034 823 1114 Superstes
835 1031 873 1109 (³¹
885 1040 915 1098 et
928 1035 974 1096 ito
987 1035 1055 1112 eim,
1067 1035 1096 1096 ri
1110 1053 1205 1096 mere·

115 1123 179 1199 bor,
193 1127 227 1184 ut
252 1122 316 1202 ι’ρεε
339 1139 385 1182 me
409 1139 472 1182 eme
494 1119 579 1195 uelit)
596 1118 802 1218 hereditatem
820 1120 917 1200 repni,
940 1119 1078 1199 eiputer
1092 1119 1204 1218 trudet,

113 1203 1205 1370 imnidiiibitiifflriffffl‘niibb‘iiffi

112 1377 257 1456 portium.
303 1373 412 1436 Obetut
422 1371 529 1452 frater
542 1373 650 1453 rumor,
665 1372 709 1433 od
731 1391 818 1453 quem
831 1371 915 1452 jure,
938 1372 1092 1434 uoluntate
1112 1373 1205 1434 etium

110 1461 226 1540 patrie,
239 1477 364 1539 repnum
371 1457 517 1538 pertinet.
545 1457 702 1520 Tollotur:
725 1475 785 1518 non
792 1457 913 1536 primur
927 1453 1205 1537 repnumfcnterno

117 1543 197 1606 crede
206 1545 332 1624 petiero.
374 1543 473 1604 Poter-
485 1561 587 1620 reneu,
601 1547 632 1604 et
646 1540 716 1622 filio
739 1542 821 1603 eoluc
843 1540 977 1617 orbotue,
992 1540 1029 1602 de
1052 1559 1086 1602 re
1106 1541 1204 1621 mepte

118 1628 245 1703 timebit,
267 1647 355 1708 quom
379 1631 414 1689 ut
432 1625 496 1706 filii
519 1646 620 1689 necem
641 1627 816 1688 ulciscetur.
858 1625 990 1690 Romani
1013 1625 1203 1703 letabuntur,

108 1713 293 1793 probabunt,
308 1709 469 1799 defendent
473 1709 604 1792 fuctum.
647 1711 705 1773 He
725 1729 794 1791 rper
811 1711 944 1788 incerte,
952 1715 1056 1790 poter,
1069 1709 1125 1772 red
1143 1729 1203 1772 non

114 1798 220 1860 inunee
233 1801 312 1858 runt.
340 1797 387 1858 ito
407 1796 486 1858 enim
498 1815 530 1858 te
543 1815 593 1858 ree
606 1795 713 1858 babet:
729 1795 900 1875 periculum
915 1796 984 1857 nitu
991 1795 1162 1876 propellere
1183 1813 1204 1857 o

114 1902 160 1944 me
166 1887 266 1962 potet,
275 1881 431 1962 puniendo
446 1899 505 1958 ece,
521 1881 572 1962 qui
587 1881 631 1942 od
649 1899 696 1942 me
709 1879 948 1960 interficiendum
954 1878 1077 1960 sermm
1090 1899 1203 1942 tunne-

113 1973 204 2029 runt:
227 1967 256 2028 ri
262 1963 401 2046 facinori
414 1983 517 2027 eonem
529 1966 717 2044 rucceererit,
730 1969 856 2027 mortem
869 1983 967 2028 nteom
988 1964 1068 2028 idun
1082 1969 1116 2026 tu
1128 1983 1203 2045 per-

114 2055 435 2216 tqutlppuppgffi
448 2131 574 2196 dicendi
589 2131 686 2196 finem
702 2132 834 2195 Perseus
843 2131 928 2209 fecit,
938 2130 1074 2216 conjecti
1083 2151 1202 2210 eorum,

115 2217 172 2301 qui
187 2217 328 2294 ederant,
341 2217 422 2280 oculi
436 2217 469 2280 in
485 2217 685 2280 Demetrium
700 2225 786 2293 eunt,
795 2216 883 2278 velut
896 2215 1062 2278 confestim
1073 2236 1203 2298 respon-

115 2323 212 2365 surus
227 2308 321 2364 esset
365 2300 507 2365 ”deinde
532 2301 588 2364 diu
614 2301 675 2364 mit
699 2299 859 2364 silentium
869 2303 888 2377 ¹,
913 2319 1014 2382 quum
1038 2298 1203 2383 perfusum

114 2387 192 2450 iletu
207 2385 371 2471 adpareret
384 2385 532 2450 omnibus
546 2385 634 2470 loqui
650 2405 714 2448 non
729 2405 832 2483 posse.
875 2383 1018 2448 Tandem
1028 2381 1104 2446 vicit
1116 2382 1204 2446 dolo-

114 2493 184 2618 zitu-
197 2469 918 2636 iilsrbtmlbmitbsebrituudmbbcibembbtbffliiib
931 2475 1030 2616 atdibi·
1046 2467 1203 2616 imoebrcbi:
1218 2559 1328 2606 Defensio

108 2602 201 2722 pavit
230 2575 408 2704 amiciri
450 2578 643 2704 animm
665 2641 800 2703 urunt
827 2641 861 2702 m
887 2575 1014 2702 ulium
1029 2573 1203 2719 'pinum
1218 2624 1338 2672 menn.

114 2745 205 2788 umor
217 2745 299 2788 mene
313 2727 458 2788 lacrimae
470 2731 626 2806 ruoperto-r
639 2725 695 2788 tibi
700 2723 788 2805 fecit.
816 2723 838 2755 ¹⁸
848 2743 937 2806 quum
951 2725 1025 2804 ipre,
1039 2743 1079 2786 etc
1092 2743 1150 2804 quo
1165 2723 1204 2786 nb

114 2811 212 2873 Romo
225 2809 315 2887 redii,
322 2829 384 2891 per
398 2811 516 2872 ocmtlto
531 2829 598 2872 cum
612 2811 676 2872 ruit
690 2810 847 2890 conloquio
866 2809 930 2871 diet
951 2814 1108 2888 noctesque
1129 2809 1204 2870 inei-

115 2895 237 2968 dietur,·
258 2895 340 2956 ultro
353 2895 429 2956 nribi
442 2915 503 2957 non
516 2895 706 2957 iuridiotmir
724 2895 821 2970 modo,
836 2891 892 2955 ted
910 2893 1039 2955 lotronie
1053 2891 1205 2971 ommsslerti

115 2985 145 3042 et
162 2981 364 3060 percuerorit,
389 2979 518 3060 speciem
542 2979 651 3042 induit.
695 2979 837 3040 Peniculo
865 2995 920 3038 tuo
946 2981 976 3038 tc
1000 2981 1142 3051 enter-ret,
1169 2980 1205 3037 ut

114 3062 346 3142 irmouiosrntri
355 3083 416 3144 per
430 3063 564 3126 eumdem
579 3069 609 3125 te
622 3067 755 3126 maturet
763 3059 940 3142 perniciem.
958 3057 1133 3140 persupium
1146 3059 1205 3120 tibi

115 3149 604 3230 moqunmpentiumereeoit,ut
626 3166 734 3229 eponc
757 3143 841 3227 opud
861 3149 892 3208 te
909 3142 1205 3224 quidemquidquom

277 3279 286 3313 ²
297 3283 337 3328 dte
348 3283 462 3328 tiburtium
467 3279 519 3342 suit
530 3281 603 3328 Gron.
619 3281 687 3328 (trev.
825 3277 967 3340 ”juberetur
978 3277 1045 3324 crer.

148 3401 182 3450 33
198 3405 213 3436 ⁶
225 3403 314 3464 integri
324 3411 348 3452 et
365 3401 460 3465 meri]
480 3405 541 3452 Pure
558 3412 645 3459 mente,
656 3411 727 3463 etque
759 3404 914 3463 teelecrymn
927 3402 1096 3462 permitterent.
1120 3403 1149 3450 ln
1161 3405 1253 3466 iiequn
1264 3422 1368 3468 tequnn·

115 3469 146 3512 eb
158 3467 221 3512 omni
232 3481 323 3514 veneno
334 3481 458 3528 pravorum
470 3469 620 3514 conciliorum
632 3468 727 3514 intuere.
759 3475 798 3513 tur
809 3467 847 3512 edi
860 3467 1000 3519 cnmrimue,
1011 3482 1078 3528 quum
1089 3468 1165 3516 dicere
1168 3469 1298 3530 juberetur,
1310 3487 1368 3533 qno·

148 3529 181 3576 34
199 3529 249 3590 ligo
260 3533 350 3585 cermel
361 3533 468 3578 iemedtu
478 3528 582 3592 ponitur]
602 3531 652 3590 Ego
664 3545 727 3584 reto,
760 3529 829 3576 modo
846 3530 935 3575 hebent
954 3530 1002 3575 dnn
1022 3531 1089 3578 MSS.
1102 3531 1151 3578 lec
1165 3533 1284 3581 Gronorio
1302 3537 1368 3592 niter,

116 3594 136 3639 ti
156 3593 199 3638 iile
217 3596 334 3639 renuntio
352 3595 487 3654 cupiditate
510 3595 576 3654 regni
598 3594 729 3640 communie
761 3594 820 3640 elter
843 3589 957 3648 iiceeriio,
987 3593 1092 3654 inspecti.
1126 3595 1228 3656 virgeo,
1251 3597 1366 3660 juberent.

116 3658 232 3702 embobnr
244 3657 392 3716 relinquitur,
402 3658 446 3703 nini
459 3659 500 3704 iiie
510 3658 534 3704 in
544 3671 582 3704 nte
591 3657 729 3703 nominatim
765 3657 823 3702 viee
835 3657 916 3708 codex,
922 3655 1023 3717 juberet.

116 3717 246 3774 confertur,
257 3733 309 3764 eern
321 3721 346 3766 in
357 3735 395 3768 me
406 3722 490 3768 cedere
500 3735 576 3782 nego:
594 3721 653 3766 nihii
665 3721 689 3766 in
702 3733 730 3767 ee
794 3719 825 3773 37
842 3719 1120 3780 'Simulutirtuerynrieln
1132 3724 1226 3772 utuntur
1235 3721 1368 3786 punition]

118 3783 183 3842 qnod
195 3783 224 3826 ed
237 3797 275 3828 me
287 3783 403 3842 pertinent
413 3799 523 3844 egnoeeo.
763 3783 882 3829 simulati·
898 3781 1028 3842 martirque
1045 3783 1161 3844 lucrymit,
1175 3803 1232 3847 qum
1244 3789 1304 3836 indit
1321 3803 1369 3835 non

149 3846 184 3891 33
201 3843 255 3892 ‘Et
275 3848 309 3892 ilc
328 3844 383 3908 einr]
412 3849 664 3897 triturantium
683 3847 732 3893 tole
764 3846 904 3905 deprecandi
924 3847 1019 3905 periculi
1041 3847 1076 3894 tui
1099 3863 1177 3900 enine.
1196 3853 1258 3912 quod
1278 3853 1369 3898 nullum

117 3909 292 3956 conditionem
305 3909 422 3970 iepecptc
435 3919 460 3957 ut
473 3919 590 3971 tuperrtee
606 3911 666 3971 petri
679 3911 731 3966 eim,
764 3919 806 3964 ert,
828 3909 870 3955 red
892 3917 918 3956 ut
940 3910 1015 3965 citeri,
1037 3911 1095 3958 mihi
1122 3913 1219 3971 militet,
1242 3915 1369 3975 perniciem

117 3971 137 4016 ei
149 3975 265 4027 merebor,
278 3981 304 4019 ut
323 3973 374 4034 ipre
393 3988 431 4020 me
448 3975 599 4035 ruperetitem
617 3975 661 4020 eibi
680 3987 731 4020 ecee
764 3981 860 4019 creeret.

118 4035 185 4080 reiit.
794 4037 826 4082 33
845 4035 917 4085 Quum
934 4039 982 4097 ipre
1000 4067 1062 4084 ··..
1082 4041 1209 4096 insidietur,
1225 4043 1284 4086 ultro
1300 4037 1369 4102 mibi]

150 4097 184 4144 33
202 4097 289 4146 Deinde
312 4101 353 4146 diu
379 4100 491 4147 tiberium
505 4097 563 4160 suit,
586 4115 653 4162 prum
679 4115 733 4160 per·
768 4099 798 4146 iit
810 4099 848 4146 hic
858 4101 926 4146 eiiter
937 4101 1110 4160 distinguimur,
1120 4117 1190 4161 qnnm
1200 4103 1304 4163 plerique
1313 4104 1371 4150 editi

111 4157 271 4222 sunjein]
297 4163 441 4210 Mutarimue
452 4165 733 4223 interpunctionem,qure
766 4171 857 4210 notent.
877 4163 919 4210 iiae
931 4164 994 4210 eninr
1005 4179 1071 4212 roret
1080 4167 1139 4211 ultro
1149 4169 1204 4213 milri
1217 4167 1282 4212 nobie
1291 4179 1371 4212 necet·

118 4225 143 4270 in
155 4225 226 4270 editi·
242 4225 340 4272 finiebat
351 4241 445 4273 tentum
457 4237 509 4288 poet
521 4227 571 4274 hnc
580 4229 650 4274 verbe
661 4229 731 4274 eilrn·
764 4227 825 4272 reric
837 4227 891 4272 rire
902 4237 957 4274 runt
968 4229 1137 4288 coniungenda
1146 4243 1199 4274 eum
1208 4231 1278 4274 verbu
1289 4231 1371 4277 induit.

117 4285 236 4348 tieufult.
272 4289 403 4336 ideoenint
420 4291 461 4337 din
479 4291 600 4338 nitentium
612 4291 665 4348 snit,
677 4291 732 4350 quie
765 4291 813 4340 Qui
833 4291 957 4336 insidietur
978 4291 1044 4346 mihi,
1064 4292 1084 4337 it
1105 4291 1155 4349 ipre
1175 4305 1213 4336 me
1232 4291 1372 4340 inridierum

117 4353 246 4410 eppnrebut
268 4353 378 4400 omniunt
400 4355 544 4400 Demetrium
574 4355 732 4414 proepediente
764 4363 865 4399 recurat.
899 4355 934 4400 De
947 4355 968 4399 vi
986 4363 1010 4400 et
1028 4355 1169 4414 proprietate
1181 4355 1242 4401 rocie
1253 4356 1314 4403 ultro
1324 4357 1372 4406 rid.

117 4415 175 4460 fletu
194 4415 257 4474 ioqui
277 4429 325 4462 nnn
345 4431 420 4476 poete,
431 4431 458 4464 ne
475 4417 574 4478 proinde
593 4425 732 4477 exspecten-
765 4427 812 4464 not.
824 4419 864 4474 39,
877 4419 933 4464 edi.
948 4417 966 4462 l.
978 4418 1031 4464 nb

117 4479 183 4534 dum,
196 4479 272 4526 donec
285 4479 386 4526 liberum
397 4481 418 4526 ei
432 4481 494 4528 rneir
506 4496 573 4528 nrum
593 4495 730 4527 exerceren-
