3094 4954
214 297 291 378 res

291 462 347 510 m.

213 463 242 510 U.
254 463 280 510 0.

212 527 242 574 Δ.
253 527 280 574 0.
294 527 346 576 189.

211 1277 293 1326 Achai
305 1280 330 1327 io

213 1343 360 1390 moeuoema·

211 1406 261 1452 nto·
273 1407 360 1455 bellum

210 1470 225 1514 d
227 1483 329 1518 eeeee
331 1480 347 1520 t

810 291 902 356 'I'I'II
925 289 1038 354 LIVII

375 444 511 509 maxime
535 451 642 510 autem
663 441 878 508 consternavit
899 447 1091 518 cosmatus,
1112 438 1138 502 si
1157 438 1254 503 semel
1295 440 1384 506 rimis
1406 441 1466 506 im-

375 529 670 676 eretur
826 462 1294 674 ricmiri
1314 524 1465 674 aas

375 661 642 782 Furentesigitur
655 635 710 775 irpis,
731 696 862 780 triginta
882 692 1064 756 hominibus
1085 713 1124 756 ex
1145 692 1290 771 factione,
1312 716 1385 758 cum
1399 659 1464 778 qui

374 781 576 846 consiliorum
591 781 696 864 aliqua
709 780 841 844 societas
856 775 1085 875 Philopoemeni
1098 784 1193 860 atque
1208 777 1371 841 exsulibus
1384 789 1462 860 erat,

373 865 557 945 interfectis,
586 866 802 942 decreverunt,
833 861 1079 926 renunciandam
1111 861 1293 924 societatem
1323 863 1462 942 Achaeis,

374 949 557 1034 legatosque
585 949 744 1034 extemplo
774 947 1010 1046 Cephalleniam
1039 945 1221 1022 mittendos,
1252 945 1307 1030 qui
1336 949 1461 1012 consuli

375 1034 424 1096 M.
435 1034 557 1113 Fulvio,
571 1033 688 1118 quique
701 1035 853 1096 Romams
866 1031 1125 1094 Lacedaemonem
1137 1029 1287 1093 dederent
1294 1055 1304 1108 3
1320 1043 1461 1095 orarent-

374 1139 436 1201 que
460 1139 544 1216 eum,
563 1126 608 1266 pp
632 1117 753 1266 replipet
775 1117 808 1180 in
832 1116 1084 1262 P⁰¹⁰p⁰⁰ffi⁸1iff
1108 1114 1158 1212 ad·
1175 1114 1287 1212 urbem
1311 1115 1460 1262 ffidae-

374 1224 566 1350 mXXXlll.
589 1221 1062 1370 Idmubillblgediillbllpfflhoeos
1076 1219 1458 1361 ιιξιιιιιιιιΙέίιῧαιιιιξιιῗΠοιιιιιιιιιιι

374 1370 559 1448 civitatium,
574 1392 646 1454 quae
661 1371 730 1456 ejus
745 1368 869 1434 concilii
892 1375 991 1446 erant,
1005 1388 1162 1430 consensu
1176 1365 1296 1430 bellum
1311 1367 1460 1432 Lacedae-

373 1454 487 1519 moniia
509 1455 664 1518 indictum
679 1463 737 1518 est.
773 1475 813 1516 ne
834 1453 992 1536 extemplo
1007 1459 1177 1548 gereretur,
1198 1451 1299 1514 hiems
1314 1451 1458 1536 inpediit.

375 1539 615 1603 Incursionibus
630 1548 735 1602 tamen
750 1537 865 1622 parvis,
875 1536 1031 1599 latrocinn
1043 1535 1144 1620 magis
1158 1555 1253 1618 quam
1264 1535 1337 1599 belli
1352 1537 1458 1616 modo,

372 1644 438 1688 non
461 1631 544 1688 tarra
566 1631 702 1700 tantum,
724 1622 781 1686 sed
807 1621 902 1684 etiam
923 1621 1058 1684 navibus
1085 1619 1223 1682 armari
1245 1620 1324 1683 fines
1347 1641 1458 1684 eorum

371 1707 495 1770 vastati.
539 1706 603 1770 llic
622 1705 780 1770 tumultus
795 1705 959 1768 consulem
980 1705 1014 1768 in
1031 1703 1106 1768 Pelo
1130 1725 1286 1767 onnesum
1300 1705 1456 1784 adduxit;

367 1790 525 1875 jussuque
539 1790 608 1854 e'us
623 1790 698 1854 Elin
714 1789 846 1854 concilio
871 1789 1001 1867 indicto,
1017 1789 1065 1852 La
1151 1789 1250 1852 monii
1272 1789 1313 1852 ad
1332 1789 1457 1874 discep-

370 1875 503 1939 tandum
564 1874 629 1939 citi.
672 1875 794 1958 Magna
806 1873 851 1936 ibi
872 1895 937 1936 non
952 1873 1139 1958 disceptatio
1154 1873 1259 1952 modo,
1273 1873 1329 1936 sed
1343 1873 1457 1938 etiam·

370 1957 529 2024 altercatio
550 1959 621 2023 fuit.
654 1958 707 2024 cui
729 1957 851 2037 consul,
866 1979 967 2040 quum
989 1957 1059 2037 alia,
1075 1957 1151 2022 satis
1166 1960 1187 1992 ¹⁸
1197 1957 1361 2022 ambitiose
1384 1981 1456 2043 par-

370 2049 435 2106 tem
457 2051 624 2128 utramque
647 2043 793 2122 fovendo,
814 2043 934 2106 incerta
962 2041 1188 2127 respondisset,
1211 2064 1275 2105 una
1304 2043 1456 2106 denunci-

371 2127 486 2206 atione,
496 2136 534 2192 ut
545 2128 629 2192 bello
643 2127 848 2206 abstinerent,
856 2127 956 2190 donec
972 2128 1108 2190 Romam
1122 2127 1241 2211 legatos
1256 2127 1297 2190 ad
1309 2136 1455 2192 senatum

244 2279 250 2290 ,
281 2215 313 2262 '⁸
370 2211 541 2294 misissent,
561 2213 658 2278 finem
677 2212 828 2298 inposuit.
872 2211 1042 2296 Utrimque
1062 2211 1176 2296 legatio
1200 2210 1296 2274 missa
1319 2213 1456 2276 Romam

205 2293 220 2323 ²¹
233 2291 263 2324 ¹¹¹
280 2293 310 2325 ¹¹⁸
371 2305 429 2361 est.
465 2297 589 2362 exsules
610 2319 736 2382 quoque
752 2296 1064 2362 moedaemoniorum
1088 2317 1178 2360 suam
1203 2317 1345 2360 caussam
1370 2297 1455 2382 lega-

204 2406 235 2451 ...r
259 2419 289 2452 un
303 2421 337 2454 ur.
370 2381 551 2466 tionemque
586 2383 713 2446 Achaeis
749 2382 965 2466 injunxerunt.
1008 2381 1193 2465 Diophanes
1230 2389 1262 2444 et
1289 2381 1454 2465 Lycortas,

371 2465 632 2550 Megalopolitani
663 2466 766 2544 ambo,
791 2466 893 2551 princi
916 2488 950 2529 es
978 2465 1143 2550 legationis
1166 2465 1357 2530 achaeorum
1386 2467 1454 2530 sue-

368 2558 453 2615 runt.
485 2549 551 2632 qui,
564 2549 752 2613 dissidentes
768 2549 802 2612 in
817 2489 988 2635 republica,
1002 2559 1072 2613 tum
1086 2571 1212 2634 quoque
1227 2549 1355 2614 minime
1371 2551 1453 2615 inter

368 2653 401 2696 se
435 2633 657 2696 convenientes
693 2633 851 2698 orationes
881 2635 1070 2700 habuerunt.
1114 2633 1299 2719 Diophanes
1328 2637 1452 2700 senatui

366 2715 627 2800 disceptationem
642 2717 785 2782 omnium
799 2739 906 2782 rerum
928 2719 1150 2804 permittebatr
1172 2741 1226 2784 eos
1240 2719 1359 2804 optime
1375 2741 1450 2784 con-

367 2801 533 2865 troversias
560 2799 643 2866 inter
670 2801 806 2866 Achaeos
843 2824 880 2866 ac
906 2803 1164 2868 Lacedaemonios
1192 2803 1339 2868 finituros
1371 2827 1450 2868 esse.

366 2885 521 2970 Lycortas
541 2908 580 2952 ex
602 2887 770 3036 praeceptis
793 2887 1039 2973 Philopoemenis
1063 2887 1255 2974 postulabat,
1271 2897 1309 2952 ut
1323 2889 1449 2954 Achaeis

364 2991 404 3034 ex
432 2971 548 3036 foedere
577 2993 614 3036 ac
641 2971 704 3058 legi
726 2993 765 3035 us
794 2973 871 3052 suis,
894 2995 967 3057 quae
995 2973 1185 3052 decressent,
1207 2995 1298 3058 agere
1324 2973 1448 3038 liceret:

364 3055 603 3140 libertatemque
619 3056 679 3121 sibi
701 3057 875 3137 inlibatam,
888 3058 980 3142 cnjus
1001 3057 1063 3142 ipsi
1078 3065 1221 3122 auctores
1236 3067 1352 3136 essent,
1367 3081 1448 3143 prae-

365 3149 494 3204 starent
537 3141 667 3225 Magne
678 3140 873 3206 auctoritatis
888 3143 974 3239 apud
986 3142 1146 3206 Romanos
1161 3151 1231 3206 tum
1244 3163 1323 3228 gens
1335 3143 1448 3206 Achae-

364 3245 455 3288 orum
477 3231 562 3288 erata
594 3227 702 3290 novari
726 3233 833 3289 tamen
857 3225 936 3290 aihu
959 3227 998 3290 dc
1020 3227 1269 3294 Lacedaemoniis
1294 3225 1447 3325 placebat.

364 3315 504 3372 ceterum
525 3329 713 3394 responsum
732 3309 777 3373 ita
799 3310 985 3395 perplexum
1008 3311 1079 3390 fuit,
1094 3320 1132 3375 ut
1155 3319 1187 3374 et
1200 3311 1311 3374 Achaer
1326 3311 1386 3375 sibi
1408 3313 1447 3375 de

364 3393 592 3457 Lacedoemone
616 3393 806 3478 permissum
831 3395 1030 3479 acciperent3
1067 3405 1099 3460 et
1122 3395 1355 3460 Lacedaemonii
1380 3417 1447 3460 non

363 3477 470 3541 omnia
483 3497 631 3542 concessa
653 3477 691 3542 iis
714 3479 1005 3564 interpretarentur.
1040 3480 1099 3544 hac
1119 3488 1275 3566 potestate
1290 3480 1445 3544 inmodice

362 3561 474 3626 Achaei
488 3583 525 3626 ac
540 3563 676 3648 superbe
690 3563 740 3627 usi
755 3571 841 3628 suut.

405 3645 575 3712 XXXIII.
600 3648 692 3712 Philo
716 3649 831 3712 oemeni
845 3647 1050 3712 continuatur
1061 3649 1282 3734 magistratus:
1298 3649 1445 3733 quiveris

361 3728 462 3808 initio,
486 3731 627 3796 exercitu
651 3732 685 3796 in
710 3733 782 3810 cto,
804 3741 906 3796 castra
928 3733 962 3796 in
989 3733 1107 3798 finibus
1131 3733 1445 3798 Lacedaemoniorum

361 3813 478 3896 posuit.
513 3815 633 3914 legatos
648 3815 761 3880 deinde
782 3817 869 3880 misit
890 3817 931 3880 ad
951 3818 1167 3903 deposcendos
1182 3825 1326 3881 auctores
1341 3819 1444 3882 defec-

361 3895 466 3976 tionis,
478 3907 513 3962 et
526 3899 685 3964 civitatem
697 3901 730 3964 in
744 3921 821 3986 pace
835 3901 986 3981 futuram,
1001 3901 1027 3965 si
1042 3903 1076 3966 id
1089 3903 1237 3966 fecissent
1247 3907 1266 3982 ²,
1281 3901 1444 3987 pollicens,

361 3989 394 4050 et
414 3981 485 4046 illos
502 3984 582 4048 nihil
602 3985 722 4050 indicta
742 4007 854 4050 caussa
877 4007 1035 4071 passuros.
1079 3985 1247 4052 Silentium
1268 4009 1335 4086 prae
1356 3995 1445 4050 metu

360 4073 537 4130 ceterorum
552 4068 622 4132 suit.
657 4090 738 4154 quos
753 4071 941 4135 nominatim
965 4069 1202 4170 depoposcerat,
1218 4071 1279 4156 ipsi
1294 4093 1328 4134 se
1343 4069 1444 4133 ituros

359 4149 493 4240 professi
507 4159 603 4232 sunt,
625 4152 687 4217 fide
707 4162 836 4240 accepta
858 4155 898 4220 ab
922 4157 1044 4241 legatas,
1057 4155 1123 4220 vim
1137 4155 1329 4235 obfuturam,
1341 4155 1444 4218 donec

485 4322 679 4370 temonem.
802 4327 891 4372 'edan
901 4325 946 4370 dal.
957 4325 1033 4371 aean
1136 4319 1244 4384 'scobat
1255 4323 1315 4370 Ead.

399 4482 430 4532 1³
445 4481 581 4548 Ambitiosa]
600 4485 711 4544 Molliter,
722 4493 746 4534 ct
756 4488 927 4535 accommodate
938 4487 968 4536 ad
979 4487 1078 4548 gratiam
1090 4486 1239 4547 captandam.
