3094 4954
396 377 483 442 LIB.
507 377 705 444 XXXVIII.
737 376 832 444 CAP.
854 379 929 444 XV.

1305 389 1367 452 149

106 529 280 612 bdificatio
293 530 356 592 ista
370 549 429 590 aon
439 535 548 610 potest.
592 527 709 592 Pomm
726 537 781 610 est,
800 551 860 594 noa
873 529 1025 594 mutare
1039 532 1199 612 medens,
1214 553 1242 600 u,
1255 553 1281 600 ο,
1292 555 1347 603 50³,

107 637 202 715 §Im
212 634 273 696 per
291 615 406 696 legatos
420 613 625 694 smtraeeais
645 635 720 677 nos:
737 635 873 695 presens
885 625 899 654 ¹¹
920 635 1034 697 praepete
1048 617 1080 679 in
1095 619 1199 682 eadm
1213 617 1241 664 s.
1254 617 1279 664 (t
1295 618 1346 667 las.

106 700 288 782 mpadeatio
307 699 450 797 persistis
459 707 483 760 ¹.
529 699 664 796 Quinque
685 705 715 761 et
738 700 846 780 aipinti
869 701 984 798 tqlentq
1007 702 1198 780 tyrannidem

106 792 195 846 taam
205 785 430 882 ertaunreat?
446 781 650 880 ⁵¹·Qmaqeqta
660 803 733 880 ergo
741 783 856 845 taleam
864 803 923 845 ma
934 785 1034 847 tredan
1046 805 1196 864 erumnae,

100 865 700 1046 ...melpum
717 867 1197 1048 tuttelstet:

106 1035 195 1098 tione
217 1033 344 1118 inopiae.
379 1041 412 1096 et
435 1032 599 1118 paullatim
619 1033 773 1096 inliberali
792 1034 975 1118 adjectione,
998 1057 1084 1099 nunc
1103 1039 1196 1122 ”per

108 1119 350 1194 cavillationem,
365 1139 451 1180 nunc
465 1117 612 1202 precibus
626 1125 659 1180 et
672 1117 826 1180 simulatis
841 1119 997 1202 lacrymis,
1011 1119 1051 1182 ad
1065 1130 1194 1185 eentum

107 1203 230 1266 talenta
242 1211 291 1265 est
305 1201 487 1286 perductus.
524 1201 646 1286 adjecta
668 1201 776 1264 decem
799 1202 898 1266 millia
914 1202 1109 1268 medimmlm
1128 1207 1192 1270 fru-

105 1287 222 1351 menti.
266 1285 346 1348 Hoec
361 1285 467 1348 omnia
481 1285 563 1348 intra
578 1307 633 1348 sex
647 1285 714 1348 dies
728 1293 837 1348 exacta
844 1296 867 1351 Υ.

152 1371 229 1436 XV.
257 1371 289 1433 A
318 1368 437 1454 Cibyra
463 1391 521 1453 per
545 1391 636 1454 agros
659 1369 862 1433 Sindensium
891 1371 1045 1436 exercitus
1068 1373 1194 1453 ductim,

109 1464 388 1538 transgressusque
398 1452 571 1550 'Caularem
587 1475 722 1532 amnem,
736 1454 844 1538 posuit
858 1463 970 1574 castrq.
1001 1455 1130 1520 Postero
1144 1458 1194 1522 die

110 1537 1194 1710 {testlfttlttlttffitblt⁰ttmratfpfflt

111 1707 234 1784 urbem,
257 1715 345 1770 metu
367 1705 478 1802 ineolae
501 1705 661 1790 fugenmt.
704 1706 849 1770 Vacuum
874 1707 1066 1788 hominibus,
1088 1717 1120 1772 et
1145 1731 1194 1774 re-

110 1791 226 1854 fertum
241 1813 345 1854 rerum
359 1811 503 1854 omnium
519 1789 619 1875 copia,
640 1812 658 1854 o
682 1790 794 1876 pidum
813 1791 1020 1876 diripuerunt.
1056 1793 1130 1858 inde
1152 1795 1193 1860 ab

110 1875 205 1959 Lysis
220 1875 359 1938 fluminis
373 1875 493 1952 sonw,
508 1883 634 1959 postero
670 1875 697 1938 ie
712 1875 753 1938 ad
768 1875 960 1940 Cobulatum
974 1899 1100 1942 amnem
1119 1901 1193 1964 pro-

109 1960 219 2044 gressi.
261 1959 499 2022 Termessenses
513 1981 550 2022 eo
564 1965 704 2044 tempore
728 1960 960 2025 Isiondensium
981 1983 1094 2041 arcem,
1113 1963 1192 2027 urbe

108 2053 213 2128 capta,
240 2043 487 2128 obpugnabant=
510 2043 633 2122 inclusi,
661 2066 761 2128 quum
790 2045 850 2108 alia
878 2067 951 2130 spes
975 2047 1082 2110 arixilii
1105 2047 1194 2112 nulla

108 2137 204 2205 esset,
218 2129 337 2212 legatos
350 2129 391 2190 ad
404 2127 575 2206 consulem,
590 2137 715 2192 orantes
729 2151 832 2214 opem,
842 2129 1006 2194 miserunt.
1043 2151 1110 2194 eum
1123 2152 1194 2196 con-

99 2213 231 2294 jayibas
245 2233 282 2274 oc
297 2213 398 2274 liberis
412 2213 444 2274 in
458 2233 528 2276 erce
542 2215 672 2276 inclusos
691 2235 723 2276 se
747 2220 873 2276 mortem
893 2216 927 2276 ia
948 2215 1021 2292 dien
1041 2221 1095 2276 aut
1104 2215 1193 2294 serra

107 2303 166 2360 aut
185 2296 276 2377 same
297 2297 480 2376 patiendum,
503 2304 687 2378 easpectare.
729 2296 858 2360 Volenti
880 2297 1003 2360 consuli
1026 2318 1138 2360 caussa
1159 2299 1194 2362 in

110 2379 333 2466 Pamphyliam
370 2379 563 2444 divertendi·
590 2381 697 2444 oblata
724 2389 782 2444 est.
826 2379 995 2444 adveniens
1031 2381 1194 2446 obsidione

108 2465 312 2528 Isiondenses
332 2466 455 2528 exemit.
497 2465 662 2530 Termesso
683 2486 793 2550 pacem
812 2465 909 2543 dedit,
932 2467 953 2500 ⁵⁴
965 2465 1195 2550 quinquaginta

107 2549 236 2612 talentis
245 2548 366 2632 argenti
376 2549 531 2634 acceptis:
546 2549 621 2614 item
632 2549 802 2636 Aspendiis
812 2550 985 2634 ceterisque
997 2551 1193 2650 Pamphyliae

107 2633 247 2718 populis.
290 2633 341 2696 Ex
362 2634 437 2697 Pam
464 2633 549 2718 hylia
566 2633 689 2698 rediens
704 2635 744 2698 ad
759 2634 912 2698 iluviumb
927 2635 1068 2698 Taurum
1090 2657 1193 2720 primo

107 2719 172 2794 die,
187 2725 311 2802 postem
326 2718 367 2782 ad
383 2657 524 2802 Xybnen
542 2719 647 2814 (quam
662 2723 786 2802 vocant)
811 2717 932 2782 Comen
952 2719 1060 2804 posuit
1081 2729 1192 2786 castra.

108 2803 274 2866 Profectus
288 2803 361 2866 inde
377 2801 614 2866 continentibus
628 2803 793 2866 itineribus
814 2803 855 2866 ad
875 2803 1062 2868 Corrnassae
1080 2805 1192 2870 urbem

104 2888 259 2971 pervenit.
303 2887 407 2950 Darsa
431 2886 574 2972 proxima
595 2887 671 2950 urbs
693 2895 769 2950 erat.
804 2909 884 2964 eam,
907 2897 995 2950 metu
1019 2889 1193 2953 incolarum

104 2971 275 3050 desertam,
311 2972 416 3035 lenam
431 2971 573 3034 omnium
588 2993 693 3035 rerum
708 2971 798 3056 copia
810 2971 940 3034 invenit.
978 2973 1194 3055 Progredienti

103 3065 225 3141 praeter
246 2994 378 3203 pdbdes
399 3055 495 3140 legati
519 3055 558 3119 ab
582 3055 731 3141 Lysinoe,
753 3056 904 3118 dedentes
918 3054 1085 3132 civitatem,
1100 3077 1193 3118 vene-

102 3149 194 3204 runt.
264 3141 326 3204 nde
354 3140 389 3204 in
417 3161 528 3224 agrum
557 3139 809 3224 Sagalassenum,
838 3139 967 3203 uberem
996 3139 1192 3223 fertilemque

103 3224 194 3288 omni
222 3245 336 3309 genere
363 3225 503 3308 frugum,
531 3233 662 3288 ventum
691 3232 749 3288 est.
800 3223 920 3288 Colunt
948 3223 1072 3302 Pisidae,
1098 3224 1193 3310 longe

102 3309 220 3394 optimi
243 3309 326 3372 bello
350 3307 486 3392 regionis
510 3309 588 3392 ejus.
647 3331 725 3372 uum
744 3329 780 3371 ea
800 3330 850 3372 res
873 3308 994 3372 animos
1016 3309 1100 3388 iacit,
1122 3319 1195 3376 tum

103 3393 172 3478 agri
188 3393 388 3472 soecunditas,
403 3401 435 3455 et
449 3393 621 3458 multitudo
659 3393 812 3472 ominum,
827 3401 859 3456 et
872 3393 952 3457 situs
973 3393 1055 3457 inter
1075 3417 1193 3478 paucas

103 3477 241 3542 munitae
263 3477 362 3540 urbis.
405 3476 537 3555 Consul,
561 3477 635 3560 quia
653 3477 741 3540 nulla
762 3477 876 3562 legatio
896 3479 936 3541 ad
962 3479 1058 3542 finem
1075 3487 1193 3564 presto

103 3564 220 3639 fuerat,
242 3561 418 3644 praedatum
442 3561 475 3626 in
500 3583 592 3645 agrm
616 3561 712 3626 misit.
748 3569 818 3624 tum
839 3561 967 3624 demum
984 3563 1082 3626 fracta
1096 3563 1193 3648 perti-

103 3646 195 3710 nacia
209 3655 268 3722 est,
284 3653 321 3708 ut
332 3644 353 3676 ⁵⁸
363 3645 436 3708 serri
450 3645 563 3730 agique
577 3667 626 3709 res
640 3667 713 3709 suas
727 3645 885 3709 viderunt.
928 3646 1055 3730 Legatis
1077 3647 1192 3727 missis,

103 3731 191 3816 pacti
213 3729 446 3812 quinquaginta
462 3729 599 3808 talentis
620 3737 654 3793 et
671 3729 692 3764 ⁵⁶
702 3729 815 3814 viginti
837 3729 977 3794 millibus
997 3730 1192 3796 medimnim

137 3865 377 3924 “notantem
389 3865 536 3913 Groncnv.
638 3867 942 3926 ammoneremus!
963 3867 1028 3913 aad.
1061 3867 1192 3927 inpudentia

100 3937 199 3988 perun
210 3929 303 3988 Xreyas.
335 3931 576 3990 porrtastnpadentta.
591 3930 667 3976 peak.
769 3930 929 3979 taetaGron.
942 3930 1008 3976 Cres.
1139 3933 1193 3978 sad

103 3993 173 4052 hyrta
179 3989 368 4052 flans'm’ssoater
381 3993 475 4051 Kreyas.
490 3993 566 4039 Bekk.
629 3999 642 4026 ⁸
651 3995 779 4040 &muudi
791 3993 856 4040 aad.
921 3987 1026 4054 bfiam
1037 3995 1110 4046 Gran.
1123 3995 1190 4045 Cres.

104 4057 257 4102 ‘Carnam
267 4055 332 4102 aud.
372 4057 478 4104 Cornan
491 4057 566 4102 sekk.

136 4169 165 4216 bl
180 4171 310 4230 ‘hingala
317 4165 416 4230 talenta]
427 4169 517 4217 neren
524 4169 614 4230 argenti
622 4167 716 4224 ldfflb.
749 4169 835 4228 phano.

107 4233 202 4278 &aaa
211 4235 307 4286 tutata.
319 4247 410 4279 mareas
422 4233 494 4287 987⁶.
780 4233 813 4308 bf
832 4233 1002 4296 Quinquaginta
1011 4231 1116 4294 talentis]
1128 4233 1213 4280 Mareia
1223 4226 1292 4283 4687.
1301 4243 1354 4278 eum

136 4297 170 4342 Η
187 4295 258 4343 'Per
274 4293 452 4357 cavillationem]
472 4297 516 4342 I’er
533 4311 636 4342 morosas
646 4309 717 4355 argu·
749 4311 825 4342 unna
837 4297 859 4343 t.

103 4361 156 4412 tias.
169 4375 227 4418 quse
241 4361 303 4406 Galli
317 4361 417 4406 alelmus
428 4363 539 4407 elienses.
781 4361 812 4405 bb
829 4363 844 4394 θ
854 4361 921 4408 Ferri
931 4357 1027 4423 πεῖραι]
1046 4361 1098 4408 vit.
1115 4367 1163 4405 not.
1181 4359 1220 4412 21,
1231 4355 1262 4403 ad
1274 4355 1353 4404 XXII.

135 4423 168 4470 5³
187 4425 226 4470 At
244 4421 425 4484 Mandropoltn]
448 4424 550 4470 Multum
568 4422 607 4470 hie
624 4423 716 4470 vertant
748 4423 771 4470 8.

103 4489 192 4547 seripti,
203 4495 229 4534 et
245 4497 336 4534 veteres
354 4488 419 4534 editt.
452 4487 501 4534 Ine.
515 4488 647 4534 GronovIus
659 4487 716 4546 legit
780 4486 812 4534 bb
832 4487 920 4548 Viginti
932 4487 1030 4533 nlttttsu
1044 4483 1189 4545 adtenta]
1207 4484 1293 4532 Mediis
1306 4483 1355 4533 ao.

104 4551 249 4606 urm,
269 4553 353 4598 urbem
377 4549 470 4598 l'lsidln
492 4559 645 4598 mensutam
663 4551 716 4598 Ste-
748 4551 823 4596 manis
837 4549 1203 4608 120,⁰00,uostratlbnaffl,bw.
