3108 4982
219 311 281 376 188
807 295 901 362 ‘l'l'l'l
923 293 1039 360 LIVII

220 476 250 523 u.
260 475 287 522 c.
298 471 355 521 sos.
383 452 487 530 une,
499 447 617 533 quibus
632 445 757 531 scriptis
769 442 938 523 mantin,
952 463 1018 508 non
1039 440 1182 506 habeam.
1226 441 1302 506 Non
1317 439 1357 506 de
1378 463 1469 508 accu-

221 541 250 588 Α-
262 539 289 588 ⁰·
303 537 357 591 ¹⁸7·
384 543 487 601 satore
507 531 677 598 convenit:
700 529 753 594 nlii
767 529 817 594 M.
833 527 993 604 Navium,
1007 525 1061 590 alii
1083 525 1224 590 Petillios
1247 525 1333 590 diem
1354 527 1469 590 dixisse

386 619 547 684 scribunt=
569 637 635 680 non
650 615 689 678 de
710 621 863 698 tempore,
878 633 942 709 quo
960 611 1046 674 dicta
1067 609 1135 674 dies
1157 609 1219 674 site
1241 631 1308 674 non
1323 611 1363 674 dc
1376 634 1469 689 enno,

408 725 450 766 uo
478 709 623 766 mortuus
653 698 713 762 sit:
749 718 815 760 non
844 695 901 760 ubi
925 703 1081 774 mortuus,
1102 701 1159 758 aut
1182 695 1283 758 elatus
1312 695 1364 760 sit.
1407 695 1470 759 Alii

437 807 509 864 mae,
537 783 590 850 olii
618 781 741 848 Literni
770 787 803 844 et
828 788 1002 858 mortuum,
1030 787 1063 842 et
1090 779 1270 863 sepultumz
1303 779 1470 864 utrobique

386 876 594 936 monumenta
615 866 828 932 ostenduntur
848 871 881 928 et
902 871 1026 928 statute.
1069 863 1156 926 Nam
1170 873 1203 928 et
1215 863 1338 928 Literni
1358 885 1471 927 monn-

387 962 533 1020 mentum
560 957 831 1033 monumentnque
870 955 975 1012 statua
1004 947 1238 1032 superinposita
1269 948 1340 1027 suit,
1376 969 1472 1032 quam

388 1045 575 1123 tempestate
591 1035 777 1120 disjectnm⁰
795 1053 899 1118 nuper
911 1031 1049 1096 vidimus
1070 1031 1142 1116 ipsi.
1185 1031 1230 1095 Et
1252 1033 1362 1096 Romae
1383 1041 1473 1096 extra

388 1129 513 1209 portam
528 1121 691 1205 Capenam
704 1119 739 1182 in
755 1117 941 1202 Scipionum
954 1124 1161 1180 monumento
1175 1125 1239 1180 tres
1254 1124 1471 1180 summunt:

411 1227 525 1270 uarum
540 1205 612 1269 duoe
628 1205 665 1268 P.
679 1211 712 1268 et
726 1203 765 1266 L.
780 1201 966 1286 Scipionum
985 1201 1134 1264 dicuntur
1155 1221 1234 1279 esse,
1255 1200 1348 1264 tertia
1368 1206 1473 1285 poetae

390 1229 557 1357 &Ennii
600 1288 670 1352 Nec
692 1287 775 1352 inter
797 1285 858 1350 sori
881 1293 964 1350 tores
987 1305 1093 1350 rerum
1115 1285 1273 1370 discrepat
1291 1285 1404 1364 solum,
1417 1285 1475 1348 sed

391 1375 548 1440 orationes
576 1393 712 1457 quoque,
741 1371 769 1435 si
801 1393 834 1436 m
877 1393 897 1434 o
933 1369 943 1432 i
967 1391 1074 1432 sorum
1103 1377 1190 1448 sunt,
1219 1391 1291 1453 quos
1318 1369 1474 1448 feruutur,

393 1459 429 1524 P.
445 1458 602 1544 Scipionis
616 1465 648 1520 et
668 1456 718 1522 Ti.
740 1455 877 1520 Gracchi
898 1392 1069 1518 abhorrent
1091 1453 1174 1518 inter
1197 1475 1241 1517 se.
1284 1453 1385 1518 Index
1406 1475 1475 1516 ora-

392 1543 488 1642 tionis
515 1544 552 1640 1².
577 1539 734 1638 Scipionis
749 1561 874 1638 ‘nomen
900 1539 949 1602 M.
972 1537 1077 1636 Naevii
1095 1538 1215 1655 tribuni
1237 1537 1339 1623 plebis
1360 1537 1474 1602 habet:

392 1621 1477 1794 ttttttttttttt‘stttttttttlttttttltz

392 1794 518 1872 liorum,
532 1800 751 1858 accusatorum
765 1790 916 1869 Africani,
937 1799 994 1854 aut
1018 1791 1080 1854 diei
1101 1791 1194 1856 diotre
1209 1791 1358 1855 Afficano
1379 1791 1478 1854 ullam

392 1878 585 1941 mentionem
599 1877 705 1941 hahet.
747 1875 820 1938 Alia
839 1883 907 1938 tota
927 1875 1059 1940 serenda
1073 1876 1180 1940 fabula
1193 1885 1242 1940 est
1258 1875 1396 1939 Gracchi
1410 1897 1479 1939 ora-

392 1963 472 2027 tioni
495 1960 703 2026 conveniens:
725 1967 758 2023 et
781 1959 827 2022 illi
840 1968 984 2023 auctores
1007 1960 1160 2044 sequendi
1181 1967 1266 2038 sunt,
1290 1960 1356 2044 qui,
1378 1981 1478 2043 quum

393 2047 433 2112 L.
456 2047 563 2131 Scipio
588 2054 621 2110 et
645 2051 822 2144 accusatus,
836 2051 880 2142 et·
892 2045 1061 2142 damnatus
1083 2045 1126 2108 sit
1147 2044 1291 2130 pecuniae
1316 2053 1417 2129 oaptae
1438 2044 1478 2108 ah

392 2128 1288 2298 resumamus
1304 2137 1481 2310 utut

393 2321 467 2364 eum
481 2301 636 2379 Romam
657 2307 700 2378 et,
714 2319 815 2383 quum
829 2319 848 2360 a
862 2305 954 2382 porta
967 2305 1052 2360 recta
1066 2299 1107 2360 sd
1119 2299 1224 2362 forum
1240 2319 1273 2361 se
1284 2297 1481 2377 contuhsset,

393 2385 481 2482 quod
501 2385 535 2447 in
549 2383 675 2449 vincula
690 2384 764 2446 duci
776 2383 904 2446 frntrern
923 2382 1046 2445 dictum
1060 2391 1136 2461 erat,
1149 2381 1301 2467 repulisse
1316 2404 1335 2446 a
1349 2402 1481 2466 corpore

393 2468 660 2614 epuslitviatoramfr
680 2475 715 2564 et
736 2467 874 2613 triblplnis
889 2465 1272 2614 ιιι·εὶίιῐκει]ιῒ.ἱ1)ιιῗ,(Ξιιιῐιςὶίιιῑ
1297 2466 1360 2551 pie,
1384 2487 1482 2614 qipam

274 2697 277 2704 λ
394 2570 1482 2733 Ξοιίἱὶζῖῗηῗῗῗὲηωωῶωξέἓῗαὲξῗοωὲἓωῗἓῖῗῖξὲἓ

393 2727 540 2795 tremum,
565 2717 685 2801 'quum
709 2717 863 2781 auxilium
887 2719 926 2782 L.
960 2719 1101 2805 Scipioni
1134 2719 1330 2805 pollicetur·,
1362 2720 1482 2803 adjicit,

393 2801 610 2898 tolerabilioris
630 2801 766 2899 exempli
786 2823 899 2882 essen
921 2803 1050 2869 tribuno
1074 2804 1177 2891 plebis
1200 2805 1318 2890 potius,
1343 2825 1440 2887 quam
1464 2826 1484 2866 a

417 2893 526 2965 nuato,
540 2886 657 2950 victam
669 2887 768 2952 videri
790 2895 823 2950 et
842 2887 1045 2952 tribuniciam
1065 2899 1265 2974 potestatem,
1279 2898 1312 2954 et
1330 2889 1484 2973 rempub-

393 2907 486 3035 heom
502 2993 580 3036 esse.
624 2971 688 3036 Sed
712 2971 758 3035 ita
777 2973 860 3035 hanc
888 2993 987 3036 unam
1015 2973 1212 3120 inpotentem
1235 2974 1304 3060 ejus
1332 2972 1484 3058 injuriam

394 3055 511 3120 invidia
526 3063 644 3136 onerat,
660 3063 706 3136 ut,
727 3056 919 3141 increpando
943 3057 1029 3142 quod
1065 3057 1238 3142 egenerarit
1259 3066 1386 3121 tantum
1408 3079 1427 3120 a
1449 3079 1484 3121 se

394 3141 1484 3311 {ttehiddi}ttttltttttd‘tttttttttdttlt

395 3307 468 3370 darn
482 3307 522 3372 ab
537 3331 574 3372 eo
592 3331 635 3394 po
659 3310 759 3390 ulum,
775 3311 828 3389 ait,
843 3309 930 3394 quod
952 3330 1025 3372 eum
1048 3319 1239 3396 perpetuum
1263 3309 1427 3374 consulem
1451 3319 1485 3374 et

395 3391 579 3456 dictatorem
594 3332 688 3458 vehet
702 3395 812 3459 facere.
841 3393 1040 3480 prohibuisse
1056 3404 1176 3460 statuas
1201 3395 1262 3458 sibi
1283 3395 1317 3458 in
1342 3394 1484 3472 comitio,

394 3476 428 3540 in
442 3477 576 3557 Rostris,
593 3477 627 3542 in
651 3479 746 3558 curia,
760 3479 794 3542 in
808 3477 976 3564 Capitolio,
990 3478 1024 3542 in
1046 3480 1124 3544 cella
1145 3479 1168 3544 J
1169 3481 1236 3544 ovis
1257 3477 1344 3564 poni.
1373 3479 1485 3562 prohi-

394 3560 512 3640 buisse,
535 3585 576 3626 ne
599 3562 828 3642 decerneretur,
850 3572 887 3626 ut
910 3563 1014 3648 imago
1037 3585 1095 3628 sua
1116 3563 1301 3650 triumphnli
1325 3571 1444 3626 ornatu
1466 3584 1485 3626 e

395 3645 515 3731 templo
530 3647 552 3712 J
553 3647 621 3712 ovis
635 3647 748 3734 optimi
761 3647 891 3712 maximi
906 3648 1013 3712 exiret.

453 3785 468 3815 ⁰
477 3781 588 3844 deiectu
602 3783 677 3830 seru
794 3783 883 3830 ruodo
894 3783 939 3830 del.
952 3783 1011 3830 End.
1139 3783 1223 3830 tHaee
1234 3783 1309 3832 Gron.
1321 3783 1391 3832 cres.
1404 3783 1485 3830 Belli.

658 3852 669 3880 ¹
680 3849 730 3908 ipro
742 3845 819 3894 ueta
947 3847 1112 3908 murmur
1124 3847 1197 3894 Gron.
1210 3847 1277 3894 cres.

265 3964 280 4020 7
294 3965 431 4014 Nebulonem
439 3969 716 4031 nudandonagntom
724 3966 838 4030 emtor]
872 3978 1011 4017 terrentem.
1046 3971 1085 4018 Sic
1099 3971 1115 4018 1.
1134 3971 1189 4019 vlt.
1207 3985 1227 4020 e.
1246 3973 1270 4030 ὅ,
1286 3973 1426 4020 Corelliana.
1438 4005 1446 4020 .
1458 4003 1485 4020 ..

235 4029 314 4074 Unum
333 4044 363 4076 ex
381 4031 418 4076 hia
433 4033 495 4078 modo
505 4033 611 4090 relegant
626 4033 693 4079 MSS.
711 4033 803 4080 Thoan.
815 4041 839 4079 et
871 4049 914 4080 non
925 4035 998 4080 clotho
1009 4037 1112 4094 exempli.

235 4093 293 4138 Viet.
328 4094 359 4140 Et
376 4094 409 4141 ric
426 4109 487 4154 sepe
501 4095 579 4141 Livius
590 4096 615 4141 in
627 4097 838 4152 distributionibus,
903 4098 919 4145 9
938 4099 1011 4147 Quam
1022 4093 1375 4160 adlisus....pollioaretur]
1395 4099 1486 4145 Melius

237 4157 286 4202 Lib.
300 4157 344 4204 111.
362 4157 430 4214 αθῚ,
444 4157 521 4219 Virgis
532 4160 597 4214 cedi,
608 4161 651 4206 atti
662 4161 736 4206 securi
745 4159 836 4221 subjici.
867 4161 1004 4220 pollicetur:
1022 4163 1086 4222 quod
1105 4162 1177 4209 habet
1197 4163 1302 4210 Andreas
1321 4171 1346 4210 et
1364 4163 1416 4209 MS.
1430 4163 1487 4209 tto-

236 4219 262 4265 1..
276 4219 301 4265 V.
314 4235 332 4267 c.
346 4220 369 4276 8,
388 4223 460 4268 Pauci
477 4222 623 4281 reipublicae
639 4223 692 4269 huic
709 4229 776 4284 atque
793 4225 837 4278 tm,
869 4225 991 4283 guntinus.

234 4289 259 4328 st
270 4299 365 4345 puerque
375 4287 474 4332 studites
482 4287 589 4346 privatim
599 4292 641 4332 nat
652 4289 732 4346 gratia
742 4301 837 4347 occupo·
905 4285 935 4334 1⁰
952 4285 966 4312 ¹
976 4287 1021 4334 Pro
1040 4290 1209 4350 reprehensione
1225 4285 1344 4349 promi]
1363 4288 1404 4335 Ad
1422 4305 1486 4350 pen·

234 4354 321 4402 mur,
332 4349 424 4394 mot.
870 4351 968 4396 eandam
981 4351 1041 4398 hanc
1058 4359 1198 4412 presentem
1216 4353 1316 4399 recentia
1333 4353 1388 4400 laeti
1402 4367 1486 4414 repre·

266 4407 376 4470 durgis
396 4415 434 4470 pie
455 4427 521 4474 quon
541 4407 651 4472 civiliter]
676 4411 713 4459 Its
729 4419 756 4458 ut
773 4412 839 4472 pium
871 4413 1018 4461 hensionem.

235 4468 329 4519 tratrem
340 4485 419 4534 agam
431 4477 512 4537 magis,
524 4489 593 4536 quam
613 4475 687 4523 civem
704 4477 784 4536 legum
795 4479 838 4523 ob·
