3118 5002
138 385 201 448 808
699 378 791 444 'l'l'l'l
815 379 930 444 letl

140 551 170 598 υ.
180 550 206 597 c.
219 549 274 606 ota
301 529 386 594 dicto
394 527 556 593 audientes
571 529 695 592 futuros
708 527 801 592 esseh
816 527 965 608 dicerent,
976 527 1114 611 quumis
1125 547 1211 592 more
1222 527 1388 614 majorum,

141 615 169 662 a
181 617 208 664 c.
222 614 273 670 ut·
303 613 478 680 secundum
490 620 564 678 rota
577 613 611 676 in
626 611 784 761 caltiwfio
799 619 992 710 nuncupata,
1013 633 1086 728 cusp
1105 612 1279 692 lictoribus,
1298 614 1388 713 palu-

303 700 398 764 datus
411 697 570 783 protectus
585 697 625 762 ab
640 719 679 761 ur
733 697 1034 775 csset3fi1rens1ra‚
1085 706 1242 776 vocatum,
1282 719 1315 760 ιιι
1331 719 1389 783 pro

305 791 461 934 qiuaestore
485 781 600 846 Manlii
619 789 696 860 erat,
717 789 844 844 catesm
867 781 1022 878 poposcit,
1045 781 1170 845 vinctos
1194 803 1228 845 se
1254 719 1389 846 iunium

346 867 528 950 soliumque
555 866 706 964 minitans
735 867 869 964 itomam
896 885 1079 964 missurum.
1122 866 1174 930 Ab
1198 887 1235 930 eo
1263 887 1390 964 quoque

307 951 819 1120 ttimnttiitttiti,
835 951 1195 1112 {t‘iidlttiti
1208 961 1392 1098 stitit

308 1141 374 1184 nou
422 1119 575 1184 arandum
596 1117 741 1182 addebat.
786 1117 949 1181 Postremo
968 1117 1119 1202 fatigatus
1140 1117 1252 1182 consul
1270 1128 1303 1182 et
1317 1141 1392 1182 cou-

308 1213 397 1268 tumc
410 1203 428 1218 “
462 1203 671 1288 singulorum,
686 1211 719 1265 et
732 1201 945 1266 multitudinis
959 1203 1045 1281 (nam
1060 1202 1189 1286 insuper
1200 1203 1390 1285 inridebant)

309 1287 464 1366 ludibriis,
487 1309 566 1351 nave
590 1287 710 1364 eadem,
731 1307 795 1369 qua
807 1293 944 1363 venerat,
967 1285 1145 1370 Aquileiam
1167 1287 1269 1350 rediit
1314 1287 1393 1350 lude

310 1373 438 1458 couegae
453 1371 589 1458 scripsit,
603 1379 641 1434 ut
654 1369 790 1434 militum
808 1391 962 1433 novorum
976 1369 1004 1432 ei
1091 1370 1111 1448 ',
1131 1391 1202 1454 quae
1223 1371 1341 1456 scripta
1359 1372 1393 1434 in

312 1457 440 1522 latriam
454 1455 648 1542 provinciam
662 1463 755 1532 esset,
776 1454 921 1532 ediceret,
935 1455 988 1538 Aq
1012 1453 1114 1518 'eiam
1137 1465 1175 1518 ut
1192 1456 1394 1534 conveniret3

311 1563 352 1606 ne
366 1541 445 1626 quid
459 1561 492 1604 se
507 1541 618 1606 Βοιιιιε
633 1546 763 1616 teneret,
778 1559 842 1622 quo
857 1537 974 1616 minus,
988 1538 1071 1601 votis
1083 1539 1285 1624 nuncupatis,
1304 1540 1396 1624 palu-
1520 1543 1527 1550 '

311 1625 405 1690 datus
420 1624 461 1688 ab
475 1623 553 1686 urbe
564 1622 671 1686 exiret.
716 1621 797 1685 Haec
806 1621 935 1706 collegae
948 1621 1024 1686 obse
1046 1631 1158 1686 uenter
1171 1624 1261 1702 facta,
1277 1623 1397 1687 brevis-

311 1729 372 1793 que
387 1709 454 1772 dies
468 1707 509 1770 ad
523 1705 775 1770 conveniendum
789 1705 891 1768 edicta
905 1713 963 1770 est.
1006 1643 1158 1770 Claudius
1171 1729 1269 1792 prope
1287 1729 1397 1772 conse-

310 1801 405 1856 cutus
433 1799 483 1854 est
509 1791 615 1854 literas
642 1809 726 1852 suas.
770 1789 931 1852 Concionc
957 1789 1127 1854 adveniens
1154 1791 1193 1855 de
1218 1791 1341 1856 Manlio
1365 1801 1399 1856 et

311 1875 410 1942 Juuio
425 1874 542 1954 habita,
563 1895 628 1938 non
641 1873 725 1936 ultra
746 1873 889 1938 triduum
912 1883 1054 1938 moratus
1074 1876 1194 1954 Romae,
1216 1877 1398 1976 paludatus,
1517 1894 1522 1917 ¹

311 1981 385 2024 cum
407 1959 581 2037 lictoribus,
594 1958 739 2042 votisque
763 1957 797 2021 in
822 1957 980 2044 Capitolio
998 1961 1201 2045 nuncupatis,
1222 1984 1256 2025 ιιι
1269 1963 1399 2047 provin-

312 2045 403 2122 ciam,
418 2043 537 2128 “aeque
551 2065 587 2107 ac
600 2043 700 2128 psius,
713 2043 869 2128 praecipiti
884 2043 1040 2107 celeritate
1055 2043 1130 2110 abit.

356 2129 418 2194 xl.
442 2128 555 2192 Paucis
570 2136 643 2192 ante
657 2127 769 2191 diebus
783 2128 806 2193 J
808 2127 902 2190 unius
917 2127 1122 2212 Manliusque
1132 2128 1286 2214 oppidum
1300 2131 1322 2164 ‘⁸
1332 2131 1400 2194 Ne-

249 2291 252 2296 ,
314 2213 444 2278 sattium
454 2213 471 2293 ¹,
494 2235 558 2297 quo
581 2233 614 2276 se
638 2211 797 2298 principes
819 2211 975 2276 latrorum
993 2221 1026 2276 et
1045 2213 1173 2298 regorius
1195 2213 1263 2298 ipse
1278 2216 1320 2278 AE
1345 2215 1399 2280 ulo
1529 2289 1533 2297 Ι

165 2287 227 2382 ,⁰¹'⁰
244 2285 274 2317 ’¹'
313 2305 482 2384 receperat,
494 2297 929 2390 summariobpugnaruntl.
953 2297 1003 2360 Eo
1019 2297 1173 2362 Claudius
1186 2299 1309 2362 duabus
1322 2237 1400 2385 iegi-
1525 2310 1532 2329 ⁷

313 2384 429 2448 onibus
456 2383 547 2448 novis
583 2382 739 2461 adductis,
766 2389 871 2446 vetere
899 2382 1038 2445 exercitu
1068 2404 1141 2446 cum
1170 2383 1236 2447 suis
1263 2385 1400 2449 ducibus

313 2468 455 2547 dimisso,
476 2467 544 2552 ipsc
569 2465 723 2551 oppidum
745 2465 957 2545 circumsedit,
978 2474 1010 2530 et
1029 2467 1127 2531 vincis
1145 2467 1328 2566 obpugnare
1351 2469 1398 2532 in-

313 2551 433 2614 tendite
447 2572 635 2634 amnemque
646 2551 912 2634 praeterfluentem
927 2551 1053 2630 moenia,
1067 2551 1123 2636 qui
1137 2561 1170 2616 et
1183 2553 1400 2638 mpedimento

313 2633 574 2718 obpugnantibus
587 2641 707 2711 erat,et
724 2635 927 2716 aquationem
943 2635 1034 2699 Istris
1044 2637 1216 2722 praebebat,
1225 2638 1400 2702 multorum

151 2733 299 2795 rumroppt-
313 2718 436 2782 dierum
450 2739 544 2803 opere
559 2725 726 2802 exceptum
742 2739 824 2782 novo
837 2718 925 2782 alveo
943 2721 1065 2784 avertit.
1108 2722 1158 2785 Ea
1179 2743 1231 2786 res
1250 2723 1400 2788 barbmos

149 2800 270 2846 amomis.
312 2802 463 2866 miraculo
478 2801 591 2865 terruit
604 2801 754 2866 abscisae¹
777 2823 885 2886 aquaer
908 2813 941 2868 et
960 2827 1000 2868 ne
1018 2813 1088 2868 tum
1102 2806 1231 2890 quidem
1245 2829 1400 2872 memores

312 2887 410 2974 pacis,
431 2886 465 2951 in
480 2887 599 2951 caedem
613 2886 683 2972 conj
753 2909 785 2950 m
800 2909 838 2952 ac
851 2887 1022 2953 liberorum
1033 2891 1132 2970 versi3
1146 2891 1252 2970 etiam,
1262 2899 1300 2955 ut
1310 2913 1401 2978 spec-
1528 2888 1537 2900 “

312 2972 417 3038 merulo
440 2971 588 3036 hostibus
614 2979 680 3036 tam
717 2973 824 3038 oedum
847 2973 969 3038 facinus
996 2983 1089 3054 esset,
1113 2975 1217 3060 palam
1242 2976 1275 3040 in
1299 2977 1400 3040 muris

312 3057 485 3124 trucidatos
500 3057 751 3144 praecipitabant.
795 3059 884 3122 Inter
898 3058 992 3122 simul
1011 3059 1289 3146 complorationem
1310 3061 1401 3126 femi-

313 3165 426 3208 narum
440 3165 685 3228 puerorumque,
700 3143 795 3206 simul
809 3143 976 3208 nefandam
999 3144 1128 3223 caedem,
1148 3145 1274 3224 milites,
1296 3153 1401 3210 trans·

313 3227 412 3312 gressi
427 3249 565 3305 murum,
580 3227 734 3312 oppidum
748 3227 917 3292 intrarunt.
952 3228 1043 3314 cujus
1063 3229 1148 3329 capti
1166 3229 1340 3294 tumultum
1362 3241 1401 3295 ut

313 3331 353 3374 ex
365 3311 479 3396 pavido
494 3310 629 3374 clamore
642 3311 835 3396 fugientium
845 3312 966 3398 accepit
976 3335 1041 3392 rex,
1052 3315 1173 3412 trajecit
1183 3315 1264 3378 ferro
1276 3325 1400 3401 pectus,

314 3415 354 3458 ne
383 3393 474 3462 vivus
501 3415 538 3457 ca
577 3401 684 3458 retur:
707 3395 802 3458 ceteri
830 3397 926 3480 capti,
954 3406 1011 3462 aut
1037 3399 1142 3462 occasi.
1184 3399 1260 3463 Duo
1285 3399 1400 3464 deinde

314 3478 442 3564 oppida,
457 3477 520 3540 Mu
557 3486 622 3542 aet
637 3477 775 3558 Faveria,
790 3479 822 3544 vi
841 3489 934 3566 capta
953 3489 986 3546 et
1008 3483 1119 3547 deleta.
1164 3483 1284 3564 Praeda,
1305 3493 1343 3548 ut
1366 3485 1400 3549 in
1529 3513 1538 3526 ·

355 3571 409 3626 nte
429 3561 527 3648 inopi,
549 3583 605 3646 spe
625 3563 726 3662 major
742 3565 813 3644 tuit,
831 3573 864 3628 et
880 3565 984 3632 omnis
1006 3567 1161 3631 militibus
1179 3589 1328 3632 concessa
1341 3579 1400 3634 est.

315 3585 467 3731 asiaque
489 3647 587 3710 millia
613 3655 753 3733 capitum
782 3659 929 3714 sexcenta
950 3651 1080 3736 triginta
1107 3653 1171 3716 duo
1199 3653 1260 3718 sub
1284 3675 1401 3718 corona

315 3731 492 3796 venierunt.
513 3740 657 3797 auctores
670 3733 744 3796 belli
758 3733 854 3820 virgis
867 3735 951 3814 caesi,
965 3744 998 3798 et
1012 3736 1114 3800 securi
1128 3737 1279 3822 percussi.
1306 3737 1403 3802 latria

234 3846 240 3860 ·
315 3823 384 3880 tota
397 3816 494 3880 tuum
508 3817 697 3903 oppidorum
712 3818 833 3884 excidio
856 3827 888 3884 et
906 3828 1007 3884 morte
1021 3820 1104 3906 regis
1118 3829 1230 3908 pacata
1242 3830 1311 3887 ests
1333 3845 1401 3886 om-

343 3969 416 4024 hsess
428 3976 502 4022 tiron.
517 3977 585 4024 Cres.
704 3973 711 4011 ¹
722 3979 855 4027 Nessrts‘sss
866 3981 939 4028 oron.
951 3981 1018 4028 Crer.
1031 3983 1086 4042 mal.
1119 3983 1252 4031 Nesactium
1264 3983 1331 4032 cm.
1343 3985 1401 4032 min·

313 4041 408 4102 Kreyss-
421 4039 497 4087 ueta
657 4035 813 4104 koppsgssosst
825 4043 903 4092 askk.
1021 4037 1029 4077 ¹
1040 4047 1144 4094 Mos
1156 4047 1228 4094 (troo.
1236 4047 1305 4094 Cras·

147 4181 243 4248 jesu-es
260 4197 308 4232 ssss
326 4181 435 4229 dico-sat.
468 4179 541 4227 Vetus
559 4179 624 4227 enim
644 4181 763 4242 esemplsr
826 4183 859 4232 49
874 4183 949 4244 AEqss
967 4199 996 4231 ao
1012 4183 1090 4247 prtss]
1116 4186 1167 4233 tloe
1186 4187 1340 4232 substitutum
1358 4194 1403 4246 est,

153 4250 236 4297 babuit
247 4263 302 4304 esse,
313 4260 361 4294 non
371 4259 426 4292 sess.
794 4255 889 4293 sucmre
910 4247 1049 4304 Florebstto,
1066 4264 1109 4310 pro
1127 4251 1240 4297 mendosa
1257 4257 1303 4297 set.
1316 4251 1402 4298 codicis

186 4312 218 4359 td
238 4311 344 4359 Vocotsss
362 4311 402 4370 qsi
417 4323 461 4369 pro
476 4313 585 4369 questore
601 4307 685 4354 uasat
703 4315 762 4364 erat,
794 4311 910 4370 scriptura
920 4325 982 4372 aeqss
993 4315 1097 4374 osspliss.

154 4381 245 4424 mesos
253 4369 366 4436 poposcit]
380 4373 477 4420 Vocarit
484 4387 539 4418 suns
548 4371 588 4431 qui
596 4386 639 4432 pro
648 4381 762 4430 quaestore
826 4375 858 4420 dt)
874 4373 1019 4436 Nesarttsss]
1032 4377 1140 4436 Plerique
1149 4377 1205 4424 editt
1217 4377 1306 4423 bsbsnt
1315 4379 1402 4426 Nessi·

155 4439 239 4484 btsaltl
259 4447 318 4494 erat,
330 4445 354 4484 st
372 4437 440 4482 illum
458 4445 551 4484 estenss
569 4435 680 4496 poposcit.
714 4437 763 4487 Qui
795 4439 858 4484 tian-
892 4439 977 4486 Cellas.
988 4439 1004 4486 l.
1017 4439 1050 4486 11.
1063 4442 1149 4500 Geogr.
1162 4441 1218 4487 Ant.
1230 4455 1249 4486 c.
1260 4442 1284 4496 a,
1303 4451 1403 4488 conten·

156 4501 239 4548 ltsnllt
251 4501 353 4548 consulis
370 4507 472 4561 quastor
487 4499 571 4557 tuerat,
583 4500 689 4560 ejusdem
707 4515 762 4560 pro·
795 4501 830 4546 dit
840 4515 869 4548 es
882 4501 957 4548 Plinio
968 4511 993 4548 et
1006 4504 1130 4552 Ptolemae
1147 4517 1232 4552 nomeu
1251 4505 1322 4566 bajus
1338 4507 1404 4553 urbis

156 4563 258 4612 muts
268 4577 311 4624 pso
321 4573 438 4624 quators
450 4571 507 4612 esst.
795 4565 867 4613 tuisse
877 4566 1018 4614 Nssoctisss.
