3094 4954
426 346 514 412 LIB.
536 346 720 414 XXXVII.
750 347 846 416 uAP.
869 351 1000 418 XLIII.
1329 363 1391 429 117

129 498 222 576 bant,
236 497 404 560 adsuetum
413 495 482 581 jem
496 497 536 560 ab
550 497 667 561 Africis
681 496 773 562 bellis
784 506 817 562 et
827 499 925 562 vitare
939 500 1086 585 inpetum
1100 501 1224 584 belluae,
1239 519 1268 566 u.
1281 520 1307 567 c.
1318 521 1373 569 oua.

129 591 164 645 et
188 603 229 646 ex
251 591 430 644 transverso
455 589 512 644 aut
535 581 608 666 pilis
629 582 795 662 incessere,
821 590 886 662 eut,
911 583 939 647 ei
960 585 1092 670 propius
1118 587 1224 652 subire
1238 583 1265 628 A*
1279 583 1305 630 ⁰·
1320 585 1372 633 Μ

128 675 251 751 posset,
272 665 293 697 ³⁰
302 665 407 750 gladio
423 687 537 728 nervos
551 665 698 730 incidere.
740 667 764 731 J
765 689 816 730 am
829 667 934 730 medie
946 667 1027 732 acies
1041 669 1104 734 fere
1119 673 1222 736 omnis
1237 695 1316 742 Meu·
1327 697 1388 745 nere·

129 773 150 812 a
164 751 269 814 fronte
283 759 442 834 prostrata
455 759 531 826 erat,
545 759 578 812 et
593 749 734 814 subsidia
747 750 910 814 circumta
923 773 942 813 a
954 761 1043 836 tergo
1058 754 1222 819 oaedeban·
1235 768 1355 819 amm

129 845 204 898 tur:
229 855 329 917 quum
343 833 377 896 in
393 843 483 918 parte
496 833 556 895 alia
569 835 678 918 fugam
693 855 834 914 suorum,
856 843 889 898 et
908 857 1007 920 prope
1017 837 1085 921 jam
1099 839 1139 901 ad
1153 839 1222 924 ipso

130 929 234 982 meon
247 919 416 981 clamorem
432 918 617 1002 paventium
635 939 791 1002 accepere.
835 919 982 1002 Namque
1002 921 1180 986 Antiochus
1202 945 1222 988 a

130 1003 242 1066 dextro
251 1023 362 1080 cornu,
375 1023 476 1085 quum
487 1001 531 1064 ibi
542 1001 658 1064 fiducia
672 1001 811 1066 fluminis
821 1003 909 1066 nulla
920 1004 1060 1068 subsidia
1070 1015 1220 1086 cerneret,

129 1095 247 1170 praeter
269 1095 407 1169 quatuor
433 1094 554 1149 turmas
579 1086 734 1169 equitum,
756 1095 789 1148 et
813 1107 875 1164 eos,
899 1087 977 1150 dum
1002 1089 1163 1174 adplicant
1186 1113 1220 1154 se

129 1171 208 1248 suis,
222 1170 325 1255 ripam
340 1171 507 1248 nudantes,
528 1169 674 1268 inpetum
688 1169 722 1232 in
737 1180 943 1256 campartem
959 1194 1032 1235 cum
1047 1175 1171 1238 auxiliis
1187 1173 1357 1239 etelstanum

128 1255 334 1339 cataphracto
356 1253 500 1337 equitatu
523 1255 631 1317 recor.
667 1275 726 1317 nec
749 1275 768 1317 s
790 1255 894 1317 fronte
917 1264 1044 1320 tantum
1069 1257 1218 1338 instabat,
1231 1239 1383 1348 pprqqqom.

128 1339 197 1416 sed,
212 1339 377 1402 circumito
391 1359 411 1400 a
424 1337 554 1400 flumine
569 1359 679 1416 cornu,
688 1339 757 1422 jam
771 1338 812 1401 ab
826 1338 922 1402 latere
932 1341 1105 1425 urguebat3
1120 1342 1219 1408 donec
1232 1317 1314 1412 cuiue.

128 1423 231 1508 fugati
252 1423 376 1508 equites
397 1422 548 1507 primum,
572 1422 685 1486 deinde
698 1421 835 1508 proximi
849 1423 995 1509 peditum
1009 1425 1109 1490 effuso
1124 1447 1220 1491 cursu

128 1509 170 1571 ed
186 1517 290 1570 casm
303 1507 460 1591 compulsi
476 1513 562 1570 sunt.

172 1591 302 1654 XLIII.
326 1591 463 1654 Praeerat
476 1590 586 1654 castris
600 1590 650 1654 M.
666 1589 816 1654 AEmilius
830 1590 980 1655 tribunus
1000 1592 1148 1672 militum,
1171 1594 1221 1660 M.

128 1675 245 1760 Lepidi
257 1675 354 1754 filius,
364 1675 420 1760 qui
434 1683 508 1760 post
522 1695 641 1759 paucos
656 1685 777 1738 ιιιιιοεο
790 1676 934 1760 pontifex
948 1678 1106 1741 maximus
1118 1679 1220 1744 fuctus

128 1769 188 1824 est.
232 1760 277 1839 Is,
300 1780 364 1843 qua
384 1760 493 1844 firgam
516 1759 664 1824 cernebat
687 1780 827 1838 suorum,
853 1781 927 1824 cum
956 1762 1104 1846 praesidio
1133 1764 1221 1829 omni

127 1844 289 1924 obcurrit3
311 1851 344 1908 et
364 1851 447 1907 stam
464 1843 578 1928 primo,
597 1844 711 1908 deinde
731 1844 832 1910 redire
855 1844 888 1908 in
906 1867 1059 1931 pugnam,
1075 1847 1220 1932 jubebat,

127 1949 278 2012 pavorem
291 1936 324 1992 et
338 1937 465 2013 turpem
479 1929 588 2013 sugam
601 1929 777 2012 increpans.
820 1929 922 1993 Minae
937 1931 1050 1995 exinde
1064 1940 1164 2012 erant,
1185 1933 1221 1997 in

127 2013 301 2097 perniciem
316 2033 407 2076 suam
421 2033 521 2076 coecos
536 2033 636 2091 ruere,
657 2013 692 2075 ni
706 2013 791 2076 dieto
805 2022 961 2098 parerent.
988 2023 1150 2100 postremo
1165 2017 1221 2081 dot

128 2097 259 2182 signum
275 2097 351 2176 suis,
372 2105 410 2160 ut
424 2097 544 2182 primos
558 2097 748 2182 fugientium
763 2098 897 2176 caedant,
911 2099 1038 2162 turbam
1051 2099 1221 2184 insequen-

127 2181 214 2244 tium
241 2182 324 2244 Ierro
351 2189 384 2244 et
409 2181 593 2245 vulneribus
621 2181 656 2244 in
685 2182 793 2244 hostes
821 2182 976 2266 redigunt.
1029 2183 1093 2248 Hic
1120 2185 1222 2269 major

127 2265 229 2330 timor
240 2265 394 2328 minorem
406 2265 489 2330 vicit.
510 2265 640 2351 ancipiti
655 2266 756 2329 coacti
770 2274 860 2328 metu
874 2266 977 2351 primo
992 2267 1221 2349 constiterunt3

128 2350 247 2414 deinde
262 2357 295 2412 et
309 2349 370 2434 ipsi
384 2349 542 2414 redierunt
555 2350 589 2414 in
605 2371 758 2448 pugnam,
774 2359 807 2412 et
819 2349 970 2412 AEmilius
985 2371 1059 2412 cum
1071 2371 1129 2414 suo
1139 2373 1223 2436 prae·

127 2434 212 2498 sidio
229 2436 332 2516 (erant
344 2441 448 2498 autem
463 2435 528 2498 duo
541 2434 641 2498 milha
655 2435 795 2497 virorum
808 2433 950 2516 fortium)
968 2434 1066 2497 effuse
1077 2434 1222 2583 sequenti

126 2519 197 2603 regi
221 2519 332 2582 acriter
352 2519 476 2584 restitit.
519 2519 564 2582 Et
592 2519 733 2597 Attalus,
756 2518 912 2582 Eumenis
936 2519 1042 2598 frater,
1066 2541 1086 2582 s
1132 2527 1221 2584 extro

127 2625 242 2682 cornu,
257 2625 350 2687 equo
364 2603 481 2668 laevum
495 2603 636 2668 bostium
650 2603 754 2688 prImo
768 2603 882 2688 inpetu
896 2604 1042 2688 fugatum
1056 2604 1169 2683 fuerat,
1183 2613 1222 2668 ut

126 2688 170 2751 ab
194 2688 320 2752 sinistro
342 2689 451 2772 fugam
473 2710 604 2752 suorum
624 2695 658 2752 et
677 2688 854 2751 tumrdtum
876 2688 959 2752 circa
979 2697 1082 2752 castro
1092 2689 1172 2754 vidit
1186 2689 1220 2753 in

126 2781 269 2858 tempore
291 2795 365 2836 cum
387 2773 533 2836 ducentis
558 2772 718 2858 equitibus
739 2773 875 2837 advenit.
918 2773 1108 2853 Antiochus,
1129 2782 1218 2859 poet
1233 2780 1366 2856 neptuno

125 2879 224 2942 quam
239 2867 272 2921 et
286 2879 349 2936 eos,
365 2879 502 2942 quorum
516 2865 605 2942 tergo
619 2857 714 2921 modo
728 2857 858 2936 viderat,
871 2866 1050 2941 repetentes
1065 2881 1218 2942 pugnam,
1232 2843 1374 2954 22⁰?th

126 2952 160 3006 et
178 2941 271 3005 aliam
285 2951 317 3006 et
331 2965 350 3005 a
364 2942 475 3006 castris
491 2951 524 3005 et
542 2964 580 3006 ex
598 2941 663 3005 acie
679 2942 872 3005 adfluentem
893 2941 1020 3003 turbam
1044 2943 1219 3025 conspexit,
1291 2921 1315 2967 ⁸¹

125 3027 160 3090 in
177 3027 286 3112 fugam
303 3027 398 3091 vertit
414 3049 543 3111 equum.
587 3027 638 3089 Ita
656 3035 792 3110 utroque
812 3045 912 3088 cornu
927 3024 1061 3088 victores
1086 3025 1221 3088 Romani

125 3133 187 3197 per
206 3133 333 3176 acervos
353 3133 523 3196 corporum
540 3113 632 3195 (quos
646 3110 680 3173 in
694 3110 797 3174 media
809 3109 945 3172 maxime
960 3108 1025 3172 acie
1040 3108 1220 3172 cumulave-

125 3205 210 3274 rant,
233 3197 289 3260 ubi
312 3205 345 3260 et
364 3197 463 3259 robur
479 3196 722 3260 fortissimorum
737 3195 887 3273 virorum,
909 3203 942 3257 et
964 3215 1051 3257 orma
1068 3193 1220 3278 gravitate

125 3281 237 3364 fugam
252 3281 459 3428 inpedierant)
463 3288 611 3428 pergunt
621 3281 662 3344 ad
672 3287 774 3343 castra
784 3279 969 3364 dIripiendu
991 3277 1113 3362 equites
1124 3277 1219 3363 primi

126 3365 273 3429 omnium
319 3363 452 3442 amenis,
485 3365 575 3429 elude
589 3373 621 3428 et
636 3365 716 3428 alius
727 3364 887 3448 equitatus
898 3372 966 3428 toto
977 3363 1096 3448 passim
1107 3383 1219 3448 campo

127 3459 309 3533 sequuntur
336 3451 471 3527 hostem,
500 3458 533 3512 et
560 3457 747 3548 postremos,
776 3457 814 3512 ut
839 3469 983 3533 quosque
1003 3447 1109 3532 adepti
1132 3456 1219 3526 sunt,

127 3536 268 3597 cedunt.
326 3533 476 3596 Ceterum
503 3533 700 3618 fugientibus
727 3532 827 3617 major
853 3533 964 3618 pestis,
993 3531 1016 3566 ¹¹
1028 3532 1219 3606 intermixtis

127 3617 302 3703 qrmdrigis,
331 3617 580 3703 elephantisque,
609 3625 642 3681 et
668 3617 794 3680 camelis
824 3625 900 3696 erat,
930 3624 963 3680 et
989 3637 1048 3680 sua
1075 3615 1086 3678 i
1111 3637 1218 3680 sorum

126 3703 241 3766 turba:
265 3724 377 3786 quum,
399 3701 511 3766 solutis
538 3701 713 3780 ordinibus,
735 3701 823 3765 velut
846 3701 922 3766 caeci
946 3721 1043 3785 super
1097 3701 1142 3764 'os
1167 3700 1218 3764 alii

127 3795 268 3866 ruentes,
287 3787 417 3850 incursu
432 3786 608 3850 belluarum
627 3785 854 3850 obtererentur.
899 3785 939 3848 In
958 3784 1068 3848 castris
1092 3805 1218 3870 quoque

128 3871 254 3954 ingens,
269 3879 302 3934 et
315 3871 417 3956 major
436 3891 536 3956 prope
549 3892 646 3955 quam
659 3870 692 3933 in
706 3869 782 3948 acie,
797 3869 899 3932 caeder
913 3877 963 3932 est
972 3869 1066 3932 edita.
1098 3891 1172 3932 narn
1186 3877 1219 3932 et

127 3955 305 4042 primorum
319 3955 397 4041 suga
410 3955 444 4018 in
459 3963 562 4019 castra
576 3954 712 4018 maxime
728 3953 909 4032 inclinavit3
931 3961 963 4016 et
984 3953 1081 4039 hujus
1102 3953 1219 4018 fiducia

127 4040 353 4119 multitudinis,
369 4039 426 4124 qui
441 4039 474 4102 in
489 4039 638 4124 praesidio
652 4047 752 4117 erant,
766 4037 959 4124 pertinacius
973 4060 1032 4124 pro
1043 4039 1125 4103 vallo
1136 4061 1218 4126 pug-

128 4133 256 4188 narunt.
290 4124 406 4188 retenti
429 4123 463 4186 in
485 4123 586 4209 portis
599 4123 754 4207 valloque,
777 4143 849 4207 quae
869 4144 903 4185 se
926 4122 1038 4208 inpetu
1059 4123 1129 4208 ipso
1144 4145 1218 4208 cap-

363 4269 446 4333 ”scell
459 4272 533 4320 Gron.
546 4273 612 4320 orer.
805 4277 1050 4334 ‘’poetceneepuucoe
1061 4273 1126 4320 neu

159 4413 192 4460 δ)
208 4413 292 4460 Gladio
302 4427 382 4461 unu
393 4409 506 4472 reddere]
524 4411 614 4459 Nereo·
625 4411 740 4473 poplitum
805 4409 832 4456 81
852 4411 868 4443 ⁸
878 4407 1027 4470 Internum]
1046 4409 1158 4456 Libenter
1171 4407 1310 4457 adderemus
1320 4424 1380 4472 pre·

127 4477 291 4536 intelligimus.
772 4474 920 4534 positionem,
933 4477 961 4521 et
972 4473 1110 4520 terentem.
