3108 4982
402 314 492 380 LIB.
515 311 681 378 XXXIX.
713 312 808 380 CAP.
832 315 982 381 XXXII.
1321 321 1381 385 221

122 469 240 532 mmm
254 467 517 546 ripato,umqucm
528 466 674 528 nmmos.
717 464 802 548 Ipse,
817 485 892 529 cum
906 465 1068 551 equitibus
1083 466 1219 530 duarum
1232 485 1261 532 υ.
1273 485 1300 533 c.
1312 486 1367 540 nor.

123 551 291 636 legionum
314 549 494 634 paullulum
518 548 759 628 circumvectus,
773 549 806 612 in
830 571 968 614 cuneum
992 551 1143 628 hostium,
1163 547 1367 635 quite-1⁸⁶·

123 637 265 700 mediam
280 633 438 718 urguebat
455 633 564 711 adem,
579 633 620 696 ab
635 633 730 697 latere
750 634 891 697 incurrit.
926 634 946 667 ¹¹
959 635 1130 701 Quinctius
1145 657 1219 699 cum

125 720 195 784 suis
209 718 372 803 equitibus
387 718 522 780 alterum
534 717 675 781 hostium
689 717 773 780 latus
782 717 920 782 invadite
943 720 1000 782 sed
1010 719 1104 818 longe
1116 721 1219 783 acrius

127 803 338 888 Calpurniani
348 802 471 886 equites
485 801 683 886 pugnabant,
693 809 726 865 et
738 811 856 887 praetor
868 803 936 888 ipse
951 812 1023 866 ante
1035 804 1121 867 ahos.
1144 826 1218 868 nam

127 897 163 952 et
184 888 308 985 prImus
322 888 448 951 hostem
461 885 629 971 percussit,
644 893 677 948 et
690 885 735 948 ita
750 907 783 949 se
792 886 953 951 inmiscuit
966 888 1088 967 mediis,
1103 897 1141 952 ut
1155 889 1218 967 vix,

127 981 233 1036 umus
246 971 348 1057 partis
370 979 464 1048 esset,
478 969 566 1034 nosci
590 977 709 1054 posset.
735 979 768 1034 et
789 972 912 1056 equites
933 973 1080 1056 praetoris
1103 973 1218 1036 eximia

127 1057 256 1134 virtute,
266 1064 299 1120 et
312 1055 458 1140 equitum
472 1055 595 1140 pedites
610 1054 733 1117 accensi
747 1065 832 1118 sunt.
866 1057 974 1120 Pudor
984 1057 1083 1121 movit
1097 1057 1217 1143 primos

128 1141 340 1217 centuriones,
355 1139 411 1222 qui
431 1139 513 1202 inter
536 1139 599 1202 tela
619 1139 761 1202 hostium
784 1149 953 1223 praetorem
975 1151 1216 1226 conspexerunt.

129 1225 243 1308 Itaque
258 1245 393 1308 urguere
408 1223 573 1308 signiferos
588 1243 694 1307 prose
710 1224 855 1306 quisque,
864 1223 977 1308 jubere
992 1225 1105 1290 inferre
1117 1227 1217 1312 signa,

127 1319 162 1374 ct
176 1309 343 1372 confestim
364 1307 499 1371 militem
522 1307 622 1392 sequi.
666 1308 850 1372 Renovatur
864 1309 904 1372 ab
919 1309 1068 1373 omnibus
1090 1311 1216 1374 clamor.
1230 1322 1362 1369 Vincuntur

127 1393 258 1478 inpetus
273 1393 311 1456 lit
323 1392 412 1456 velut
426 1413 465 1455 ex
479 1393 639 1477 superiore
659 1391 739 1455 Ioco.
784 1393 883 1456 Haud
908 1415 999 1457 secus
1022 1416 1107 1478 ergo,
1122 1417 1217 1480 quam
1232 1388 1339 1448 Hispani.

127 1477 279 1542 torrentis
300 1477 408 1554 modo,
421 1477 564 1540 fundunt
586 1484 796 1560 sternuntque
820 1477 993 1561 perculsos,
1009 1478 1098 1541 ¹'nec
1123 1479 1219 1542 susti-

129 1582 207 1625 nere
218 1572 233 1601 ²
247 1561 297 1624 alii
311 1583 407 1646 super
421 1561 499 1624 alios
517 1561 687 1624 inserentes
710 1581 777 1624 sese
801 1569 947 1646 possunt.
992 1563 1168 1646 Fugientes
1184 1564 1218 1626 in

130 1654 235 1710 castra
248 1646 369 1730 equites
383 1645 541 1731 persecuti
557 1655 643 1723 sunt,
657 1653 689 1708 et
743 1646 850 1709 rmixti
862 1647 966 1710 turbae
979 1647 1121 1711 hostium
1135 1649 1219 1710 intra

129 1729 249 1795 vallum
263 1739 519 1816 penetraverunt.
548 1729 605 1793 ubi
620 1729 659 1793 ab
675 1751 709 1792 re
722 1730 793 1793 ictis
815 1731 849 1794 in
872 1732 1020 1817 praesidio
1043 1742 1218 1796 castrorum

128 1816 279 1901 proelium
294 1815 525 1878 instauratumr
541 1814 703 1898 coactique
711 1823 788 1877 sunt
803 1817 938 1879 Romani
952 1817 1073 1901 equites
1089 1818 1218 1881 descen-

128 1901 203 1964 dere
231 1921 272 1964 ex
292 1899 394 1984 equis.
437 1899 674 1963 Dimicsntibus
694 1899 743 1978 iis,
764 1899 846 1985 legio
875 1901 987 1984 quinta
1016 1923 1054 1965 su
1078 1902 1216 1966 ervenit:

128 1983 254 2064 deinde,
268 1993 307 2048 ut
328 2005 464 2068 quaeque
487 1991 668 2068 potuerant,
682 1983 781 2068 copiae
805 1985 996 2049 adfluebant.
1070 1987 1220 2050 aeduntur

188 2069 251 2132 sim
267 2068 406 2152 IIispani
420 2089 478 2153 per
492 2076 560 2132 tots
574 2077 695 2146 castra3
710 2089 768 2131 nec
801 2069 852 2132 lus
867 2091 962 2154 quam
972 2078 1108 2153 quatuor
1122 2071 1220 2134 millia

153 2152 301 2216 ominum
323 2153 511 2236 effirgerunt.
539 2153 613 2216 inde
636 2153 697 2216 tria
719 2153 764 2214 mi
789 2153 818 2215 'a
832 2154 905 2232 fere,
921 2153 976 2237 qui
1000 2175 1086 2216 arms
1099 2156 1219 2218 retinu-

128 2245 234 2315 erant,
249 2243 390 2299 montem
403 2237 618 2322 propinquum
632 2244 805 2321 ceperunt:
828 2237 913 2300 mille
935 2237 1114 2300 semiermes
1132 2260 1220 2301 max-

128 2321 194 2386 ime
209 2342 269 2406 per
282 2341 375 2405 agros
388 2320 484 2405 palati
497 2330 584 2386 sunt.
628 2321 732 2406 Supra
744 2320 876 2405 triginta
884 2321 1025 2406 quinque
1034 2321 1133 2384 millia
1147 2322 1220 2384 hos-

129 2405 213 2470 tium
233 2405 370 2484 fueraut,
388 2426 427 2468 ex
448 2406 565 2490 quibus
587 2415 654 2469 tam
675 2404 790 2490 exigua
811 2427 884 2490 pars
909 2427 1028 2506 pugnae
1054 2406 1220 2492 superfuit.

131 2490 225 2574 signa
252 2498 345 2575 capta
372 2499 501 2554 centum
525 2491 657 2589 triginta
676 2489 747 2554 tria.
791 2491 926 2554 Romam
950 2490 1088 2576 sociique
1109 2491 1220 2589 paullo

131 2575 209 2659 plus
230 2574 378 2654 sexcenti,
392 2583 425 2638 et
446 2575 686 2660 provincialium
708 2574 897 2640 auxiliorum
919 2585 1048 2640 centum
1063 2597 1220 2661 quinqua·

132 2657 223 2743 ginta
236 2659 333 2722 imme
352 2660 544 2724 cecidenmt.
573 2659 694 2723 tribuni
718 2659 857 2724 militum
880 2661 1022 2746 quinque
1047 2661 1163 2740 amissi,
1188 2667 1220 2724 et

197 2743 225 2806 ci
247 2745 370 2828 equites
396 2743 543 2823 Romani,
566 2743 737 2808 ”cruentae
758 2745 893 2810 maxime
919 2745 1058 2811 victoriae
1083 2745 1220 2832 speciem

130 2764 284 2892 &runt
329 2829 369 2892 In
386 2828 497 2893 castris
512 2828 663 2908 hostium,
672 2829 746 2912 quia
760 2829 838 2914 ipsis
853 2830 991 2914 spatium
1007 2851 1065 2894 sua
1079 2853 1220 2894 commu-

131 2912 240 2976 niendi
253 2935 319 2977 non
333 2913 446 2991 ficerat,
461 2921 657 2976 manserunt.
701 2914 763 2977 Pro
777 2915 927 2978 concione
941 2922 1069 2998 postero
1083 2915 1132 2976 die
1153 2914 1221 2976 lau-

131 2995 200 3060 dati
215 2997 386 3082 donatique
400 3019 420 3062 a
433 2997 472 3062 C.
489 2997 663 3084 Calpurnio
678 2998 800 3081 equites
823 2999 845 3030 ¹⁰
856 2998 1002 3082 phaleris.
1031 2997 1221 3082 pronuncia-

131 3081 254 3164 vitquc,
276 3103 387 3146 eorum
412 3081 548 3146 maxime
573 3103 670 3168 opera
694 3083 803 3146 hostes
827 3081 926 3161 fusos,
949 3089 1052 3145 castra
1073 3089 1166 3196 capta
1190 3089 1222 3144 et

131 3175 315 3251 expugnata
327 3187 407 3231 esse.
439 3167 611 3233 Quinctius
621 3167 700 3230 alter
712 3175 831 3252 praetor
840 3167 860 3202 ¹¹
873 3187 947 3230 suos
959 3166 1080 3250 equites
1094 3165 1104 3197 ¹
1127 3165 1222 3228 catel-

131 3250 172 3313 lis
187 3271 224 3314 ac
237 3250 344 3315 fibulis
358 3251 497 3315 donavit.
522 3251 631 3316 donati
646 3259 678 3315 et
692 3251 892 3315 centuriones
908 3273 946 3315 ex
959 3251 1125 3336 utriusque
1135 3271 1221 3314 exer-

131 3334 200 3398 citu
305 3335 384 3400 ultis
407 3335 542 3399 maxime
578 3336 613 3400 ui
626 3335 763 3400 mediam
778 3335 877 3400 aciem
891 3344 1073 3400 tenuerunt.

176 3418 209 3482 X
247 3419 328 3484 XII.
361 3419 518 3484 Consules
532 3358 707 3484 dilectibus
721 3421 862 3504 aliisque,
877 3443 950 3505 quae
966 3423 1076 3484 Romae
1091 3419 1221 3506 ogendae
1234 3421 1281 3496 aa
1297 3420 1321 3496 i?

131 3511 234 3582 erant,
249 3503 384 3589 peractis
397 3505 503 3584 rebus,
521 3504 554 3568 in
577 3505 712 3590 Ligures
756 3505 927 3569 rovinciam
951 3505 1123 3569 exercitum
1142 3505 1222 3567 dux·
1235 3484 1330 3595 Ἢ*

131 3597 239 3652 enmt.
283 3587 500 3674 Sempronius,
522 3610 541 3652 a
564 3589 645 3653 Pisis
670 3527 831 3674 proiictus
854 3590 887 3652 in
901 3591 1055 3675 Apuanos
1078 3563 1250 3674 Liguree‚⁸
1306 3579 1313 3593 ’

500 3739 516 3768 ¹¹
525 3737 634 3784 mtinen'
646 3736 741 3797 Kreyse.
754 3736 829 3784 Bekk.

167 3869 198 3926 Π
217 3871 325 3922 Quies
347 3887 397 3919 een
419 3873 467 3920 seis
492 3868 617 3934 equitltm]
644 3873 747 3924 Quinam
814 3873 844 3921 19
861 3869 1003 3934 'Grueetae]
1033 3869 1138 3918 Maxime
1159 3869 1265 3918 iecerunt
1285 3867 1387 3929 speciem

132 3945 191 3981 sunt
207 3935 242 3982 illi
257 3935 349 3994 equites
357 3937 445 3996 proprii
455 3936 556 3992 Quintil,
565 3951 639 3997 quum
648 3937 748 3984 duarum
780 3943 883 3983 eruenta
894 3935 1114 3992 victorin,maxi1ne
1125 3935 1149 3981 lo
1161 3948 1230 3981 musa
1240 3933 1336 3979 suerunt
1346 3945 1388 3976 eur

132 3999 254 4058 legionum
271 4000 363 4060 equites
375 3999 518 4060 culparetur
537 4001 632 4047 duxisse
650 4001 675 4047 In
693 4002 748 4047 hos·
781 4000 1144 4060 victoriseruentaJ'udiceretur.
1179 3995 1388 4052 litenImIneignes

133 4069 266 4123 oemeuprs
277 4063 386 4109 dicaturl
406 4063 453 4110 diii
467 4079 514 4110 non
525 4064 635 4111 ridentur
647 4064 748 4124 intelligi
780 4065 824 4110 viti
847 4065 925 4110 amlssi
947 4067 1022 4124 ardus
1048 4070 1104 4110 sunt
1128 4075 1199 4122 quarn
1221 4073 1263 4120 pro
1290 4070 1388 4104 nomem

133 4139 202 4186 posse
221 4141 293 4186 quem
310 4127 402 4186 equites
421 4127 492 4174 ancil:
521 4127 643 4188 quaesibi
665 4142 749 4188 nempe
782 4129 903 4175 damnum.

133 4191 248 4240 animia·
256 4191 426 4250 descripserat,
438 4205 512 4250 quum
523 4193 664 4252 legionarios
681 4193 749 4252 equI·
814 4193 846 4239 20
863 4187 980 4252 Piderit]
999 4191 1051 4237 Vid.
1065 4197 1112 4236 not
1125 4189 1148 4243 o,
1160 4187 1190 4234 ad
1202 4201 1221 4232 e.
1233 4183 1272 4238 to,
1283 4183 1299 4229 I.
1312 4181 1356 4228 IX.

133 4257 228 4314 teseJm
240 4253 329 4313 collega
342 4255 573 4302 Inhorresdueeret.
598 4257 749 4317 Optaremus,
814 4255 844 4303 21
863 4257 919 4302 Saos
927 4251 1026 4316 equites]
1045 4255 1091 4300 lios
1099 4251 1198 4311 equites,
1207 4261 1265 4308 quoa
1273 4247 1299 4292 ln
1309 4255 1389 4306 pugna

132 4325 161 4364 nt
172 4319 257 4364 dariae
269 4327 374 4364 mentem
385 4331 452 4364 suem
464 4320 594 4378 aperuisset
608 4320 697 4366 Lirim.
783 4319 1011 4366 eireasehebuerat.
1044 4317 1098 4362 Vid.
1107 4322 1154 4360 not.
1169 4311 1206 4366 17,
1217 4323 1295 4371 supra.

170 4381 200 4428 ts
217 4381 267 4430 Nee
277 4385 390 4430 eminere
401 4384 443 4428 clii
453 4397 521 4442 seper
531 4381 601 4444 ets'or]
622 4383 684 4443 Lege
696 4381 749 4429 aine
813 4383 844 4430 22
863 4378 969 4442 Colellr‘e]
994 4381 1023 4426 Id
1041 4387 1084 4434 eat,
1103 4375 1224 4432 mtennIIs,
1244 4387 1296 4434 qua
1311 4377 1389 4420 enent

132 4445 183 4492 ulle
198 4445 347 4492 dubitatione
361 4459 416 4491 com
431 4445 567 4494 Perizonio:
585 4463 627 4495 nee
641 4448 750 4496 sertim
781 4445 975 4508 proquibusdam
987 4443 1054 4504 qussi
1066 4440 1194 4500 torquibus.

132 4515 286 4570 ...petent
298 4523 384 4571 nempe
397 4509 507 4558 somni.
