3098 4958
156 321 221 384 408
567 321 660 386 rm
684 321 798 386 LIVll
822 321 910 387 LIB.
934 321 1065 388 XLIII.

179 511 187 588 :
217 479 291 591 :tt
320 468 1246 617 tttttlthttttittittttttttts
1267 471 1422 620 istst

322 636 427 700 Persei
442 637 611 700 submovit.
655 636 779 715 Cieros,
794 659 868 700 cum
879 636 1031 735 praesidio
1045 637 1242 735 inpigrorum
1260 637 1421 704 'uvenum

320 719 494 800 insecutus,
516 721 576 784 sub
589 720 748 784 radicibus
762 743 862 806 prope
877 721 970 784 inviis
984 729 1141 784 montrum
1155 723 1196 784 ad
1244 723 1250 736 '
1276 745 1294 786 e
1310 725 1420 788 homi-

320 827 398 868 uum
412 827 452 870 ex
465 805 589 890 agmine
603 805 745 890 inpedito
759 805 885 885 occidit,
906 805 947 868 ad
966 805 1121 870 ducentos
1134 807 1228 891 cepit.
1271 809 1419 893 Appius,

320 889 476 974 superatis
491 889 655 974 angrmtiis,
669 889 704 952 in
718 911 842 975 campo,
862 911 958 974 quem
981 889 1134 954 Emona·
1149 899 1273 970 vocant,
1295 894 1420 957 stativa

319 973 442 1038 dierum
455 993 629 1060 pauconsm
643 973 765 1038 habuit.
810 973 943 1038 Interim
962 973 1086 1054 Cieros,
1108 975 1254 1039 adsumto
1269 976 1290 1010 '¹
1303 977 1419 1042 Philo-

319 1067 428 1138 strato,
443 1058 499 1142 qui
512 1057 718 1143 Epirotarum
732 1065 860 1144 gentem
873 1057 1020 1137 habebat,
1034 1057 1068 1122 in
1083 1079 1195 1144 agnem
1208 1060 1418 1145 Antigonen-

319 1165 386 1208 sem
407 1142 613 1207 trmsoendit.
666 1143 858 1207 Macedones
892 1142 933 1205 ad
954 1143 1231 1240 depopulatione·
1254 1146 1416 1228 prosecti;

321 1227 531 1292 Philostratus
544 1247 619 1292 cum
632 1229 762 1292 cohorte
775 1249 833 1290 sua
846 1227 880 1290 in
894 1226 1017 1290 insidiis
1030 1226 1100 1290 loco
1109 1228 1244 1292 obscuro
1253 1232 1415 1295 consedit.

318 1313 352 1376 in
366 1312 489 1412 palatos
503 1312 706 1397 populatores
720 1333 821 1396 quum
835 1311 1014 1396 erupissent
1027 1311 1067 1374 ab
1081 1311 1262 1396 Antigonea
1284 1316 1414 1392 armati,

319 1397 477 1482 fugientes
506 1417 559 1460 eos
587 1405 812 1481 persequentes
837 1395 968 1460 effusius
991 1395 1025 1458 in
1050 1396 1164 1460 vallem
1186 1395 1341 1461 insessam
1368 1399 1414 1463 ab

318 1481 465 1546 hostibus
479 1480 689 1567 praecipitant.
711 1480 756 1544 ibi
769 1479 810 1543 ad
819 1479 904 1544 mille
914 1479 1036 1558 occisis,
1045 1489 1174 1544 centum
1185 1480 1283 1546 lerme
1293 1483 1413 1566 captis,

319 1565 438 1650 ubique
452 1587 601 1652 prospere
615 1573 705 1662 gesta
718 1585 762 1644 re,
776 1585 877 1712 propp
898 1563 1012 1628 stativa
1025 1563 1123 1649 appii
1145 1573 1248 1628 castra
1267 1577 1413 1646 movent,

319 1671 359 1713 ne
387 1672 450 1748 qua
472 1649 520 1713 vis
550 1649 642 1712 sociis
671 1648 738 1710 suis
764 1670 783 1711 a
878 1669 973 1712 mano
1001 1648 1141 1712 exercitu
1164 1649 1271 1712 inierri
1293 1652 1410 1735 possit.

318 1735 454 1818 Apsus,
481 1731 696 1816 nequidquam
723 1731 757 1794 in
786 1731 836 1796 his
862 1732 940 1796 locis
968 1741 1073 1796 terens
1101 1741 1239 1818 tempus,
1266 1735 1411 1798 dimissis

319 1757 560 1913 Clloonumque,
581 1825 614 1879 et
636 1815 663 1878 si
686 1815 741 1899 qui
766 1815 818 1878 alii
846 1816 988 1901 Epirotae
1017 1824 1117 1896 erant,
1141 1817 1306 1902 praesidiis,
1332 1841 1411 1884 cum

319 1901 436 1966 Italicis
464 1899 618 1963 militibus
645 1899 679 1962 in
709 1899 872 1984 Illyricum
900 1921 1072 1986 regressus,
1093 1923 1151 1986 per
1181 1903 1410 1968 Parthinorum

316 1985 416 2049 socias
430 1982 525 2048 urbes
539 1983 572 2048 in
587 1983 719 2048 hiberna
732 1984 887 2048 militibus
901 1985 1050 2064 dimissis,
1071 1985 1140 2070 ipse
1161 1987 1296 2050 Romam
1310 1990 1410 2052 saeri-

316 2069 379 2134 ficii
393 2091 506 2134 caussa
519 2068 622 2135 rediit.
652 2069 785 2132 Perseus
799 2090 839 2132 ex
854 2069 1060 2134 Penestarum
1069 2079 1164 2154 gente
1176 2071 1261 2134 mille
1271 2073 1408 2156 pedites,

315 2155 469 2219 ducentos
483 2153 605 2238 equites
617 2161 789 2232 revocatos,
804 2153 1026 2218 Cassandriam
1034 2155 1059 2232 ²¹,
1075 2155 1222 2240 presidio
1237 2164 1275 2219 ut
1288 2167 1408 2236 essent,

315 2240 411 2304 misit.
455 2239 507 2303 Ab
533 2237 651 2303 Gentio
674 2239 783 2302 eadem
807 2237 982 2302 adferentes
1006 2239 1176 2302 redies-rint.
1212 2261 1271 2304 nec
1290 2239 1407 2306 deinde

314 2325 392 2388 aiios
416 2333 511 2408 atque
533 2323 610 2387 aiios
632 2323 788 2386 mittendo
805 2330 926 2386 tentme
948 2343 1022 2386 eum
1041 2323 1172 2403 destitit,
1194 2345 1295 2408 quum
1308 2327 1407 2410 adpa-

314 2417 404 2483 reret,
422 2417 578 2492 quantum
593 2407 626 2470 in
641 2429 678 2471 eo
693 2406 833 2492 praesidii
846 2415 947 2485 esset;
969 2428 1028 2472 nec
1050 2415 1158 2472 tamen
1179 2408 1338 2494 inpetrare
1364 2411 1406 2474 ab

314 2494 420 2558 animo
444 2500 562 2576 posset,
585 2491 656 2554 ”ut
679 2491 846 2576 inpensam
867 2491 901 2556 in
922 2513 990 2556 rem
1012 2491 1143 2556 maximi
1156 2493 1319 2558 adomnia
1336 2517 1406 2560 mo-

313 2577 413 2640 menti
425 2573 701 2638 faceret****¹.

338 2733 468 2785 iPlasssolss
481 2735 576 2796 Kreyas.
587 2735 661 2782 seat.
795 2736 906 2784 taem
918 2737 990 2784 Gron.
1004 2738 1072 2784 Crer-
1104 2739 1207 2786 Meleona
1219 2739 1313 2799 Kreyss-
1327 2739 1405 2787 sesa

436 2811 443 2825 ·
550 2793 564 2834 Β
577 2799 739 2846 emanans·
751 2799 816 2845 taes
958 2795 1068 2861 ¹‚l'ssceret
1081 2801 1147 2848 aed.

146 2947 206 2977 sore.
241 2930 383 2978 Emendsrit
401 2927 534 2976 Gronovius
552 2941 581 2975 ea
600 2925 755 2974 Prelmhemii
787 2941 806 2974 e.
818 2927 988 2984 ldretulerit:
1000 2927 1292 2986 quaminl‘aoniaieeisse
1300 2929 1403 2990 aliquem

145 2995 268 3041 sententia.
788 3001 878 3036 motum
895 2991 1044 3044 existimavit,
1062 3000 1087 3037 et
1105 2993 1136 3037 ibi
1157 2993 1323 3052 interemptum
1344 3008 1404 3046 esse,

177 3059 209 3104 2⁰
225 3059 263 3104 Aa
273 3059 387 3105 obsidione
402 3051 524 3116 Phanotis]
543 3055 622 3102 Scribe
634 3055 755 3103 Pllssotea.
791 3055 825 3100 lla
838 3055 910 3114 igitur
921 3069 973 3114 qua
984 3055 1014 3100 ad
1026 3055 1091 3100 illum
1105 3056 1243 3101 Clondieum
1262 3065 1403 3116 spectarent,

146 3119 263 3168 Estenim
276 3117 386 3178 Φανότη.
420 3123 578 3166 Gnosovtus
789 3119 828 3164 hic
847 3119 960 3164 excidisse
981 3119 1078 3178 putarit.
1112 3119 1159 3165 Sed
1175 3133 1246 3178 quum
1261 3121 1402 3180 multopro·

176 3185 205 3231 Pl
225 3186 371 3240 Philostrato,
383 3187 422 3246 qai
434 3185 579 3244 Epirotarum
587 3189 676 3244 gestes·
688 3185 756 3230 lala·
789 3183 887 3228 habilior
898 3183 936 3236 sit,
948 3191 1055 3242 utsupra
1070 3183 1243 3238 eunomium,
1259 3184 1288 3229 de
1305 3185 1403 3230 Olonico

145 3246 196 3306 biit]
217 3249 267 3294 lloe
278 3251 402 3294 obscurum
414 3255 462 3298 est:
480 3255 503 3291 et
520 3255 590 3304 auget
607 3247 687 3292 mendi
706 3261 757 3292 sus·
789 3248 922 3305 conJectura
941 3246 1061 3300 Gronovii,
1080 3246 1120 3304 qui
1140 3247 1207 3291 iilum
1226 3247 1335 3292 eumdem
1352 3262 1403 3296 esse

144 3312 258 3369 piatonem
279 3312 303 3356 id
323 3312 386 3372 quod
402 3309 522 3368 sequitur:
540 3310 693 3354 Philostratus
709 3325 758 3355 essa
790 3323 843 3353 oum
858 3309 917 3355 Plorl
931 3309 1053 3354 Saiondico
1064 3309 1190 3355 arbitretur
1202 3319 1245 3364 est,
1262 3311 1326 3356 nulla
1346 3312 1402 3356 satis

143 3377 289 3420 cohortasset.
324 3373 361 3419 An
380 3373 443 3418 eninr
463 3371 612 3429 Epirotarum
632 3385 756 3429 genscon·
790 3371 874 3418 idonea
890 3373 978 3418 ratione
991 3373 1083 3418 ridetur
1096 3381 1235 3418 motusesse
1248 3374 1402 3432 Sigoniusut

143 3437 213 3481 tribui
237 3443 328 3496 poterat
349 3437 374 3481 in
397 3449 467 3480 unsra
489 3433 627 3480 cohorteml
669 3434 757 3493 begere
789 3435 948 3482 mutilumhie
965 3449 1016 3482 esse
1034 3437 1119 3482 librum
1136 3438 1295 3482 arbitraretur.
1330 3437 1402 3497 Dala-

142 3513 266 3558 possumas
285 3499 324 3546 iric
342 3499 489 3558 Epirotarum
508 3493 645 3559 trosp'sgm
661 3497 755 3544 sirecte
788 3497 834 3544 tius
847 3499 934 3558 sigonii
946 3499 1083 3546 auctoritate
1099 3508 1176 3545 motus
1194 3501 1294 3545 credidit
1312 3509 1335 3547 et
1353 3502 1402 3561 ipse

142 3563 175 3608 ilii
188 3563 301 3608 nominati
313 3571 367 3607 sunt
379 3575 399 3608 e.
409 3559 556 3620 praecedenti.
788 3561 826 3607 hie
843 3563 932 3621 aliquid
950 3563 1102 3617 intercidisse,
1123 3563 1268 3622 inseruitque
1287 3565 1331 3610 hoc
1353 3566 1403 3610 loeo

173 3625 205 3672 Ἠ
226 3627 257 3672 Ut
279 3627 398 3684 inpasssss
417 3627 441 3670 is
460 3639 506 3670 ress
524 3625 615 3670 assini
633 3625 665 3670 od
683 3626 756 3671 osssis
788 3625 1066 3684 rogationemaVoconio
1074 3627 1245 3685 promulgatam
1253 3635 1278 3672 et
1289 3629 1402 3687 perlatam

141 3685 362 3749 neumasiensi]
394 3687 438 3734 llic
459 3687 594 3734 astenseum
616 3695 755 3748 apposuerat
786 3689 1095 3734 decoireendismulienarn
1108 3688 1283 3736 hereditstihus.
1317 3693 1363 3737 Sed
1372 3692 1401 3737 de

142 3753 259 3812 Sigonius,
277 3752 339 3810 quod
355 3765 383 3798 ea
399 3765 451 3811 quse
463 3752 492 3797 de
504 3751 600 3797 Olonico
613 3751 719 3811 lilspsno
730 3752 755 3798 in
786 3751 838 3811 lege
850 3751 952 3798 Voconia
968 3761 1049 3811 egerat
1068 3753 1146 3798 livius
1161 3753 1176 3798 i.
1190 3753 1253 3800 xit.
1265 3762 1290 3799 ut
1305 3763 1403 3815 apparet

141 3817 242 3876 epitome
260 3815 330 3875 huius
349 3815 401 3860 libri
420 3815 551 3868 traduntur,
568 3816 598 3860 ad
616 3815 754 3862 Clondicum
787 3829 817 3860 ex
828 3814 929 3874 epitome
941 3815 1003 3860 iilius
1014 3815 1074 3861 iibri.
1109 3815 1233 3864 Credimus
1251 3817 1323 3877 igitur
1342 3818 1402 3866 nibil

143 3881 308 3927 Basternstam
319 3877 402 3924 ducem
414 3891 428 3924 a
442 3877 508 3924 lirio
519 3877 665 3926 aomostum
676 3879 691 3926 l.
704 3879 754 3926 11.
787 3892 816 3925 es
828 3879 875 3926 line
886 3879 956 3940 hujm
968 3879 1021 3926 iibri
1034 3879 1240 3940 authpertus
