3118 5002
162 322 225 386 ³26
735 317 828 381 'l'l'l'l
861 315 976 382 LlVll

164 481 193 528 υ.
206 479 298 534 otta
328 465 496 530 faciendos.
542 465 622 528 Haec
646 465 686 528 ab
714 487 779 528 nno
801 486 930 528 censore
954 485 1050 550 opera
1069 465 1181 542 locam,
1203 486 1277 528 cnm
1300 487 1420 552 magna

164 545 192 590 Α·
205 546 232 592 ⁰·
246 544 297 600 ¹⁷⁴
327 550 428 635 gratia
455 549 648 612 colonorum.
706 549 854 614 Moribus
891 569 1017 633 quoque
1045 549 1191 634 regendis
1219 551 1357 635 diligens
1386 561 1420 616 et

244 671 247 678 ·
329 655 435 700 severa
449 655 581 697 censura
595 633 665 696 suit.
695 633 805 696 multis
818 634 892 732 equi
906 633 1033 698 ademti.

371 719 535 784 XXVIII.
558 717 657 782 Exitu
672 739 730 816 pro
786 739 861 782 anni
876 719 960 781 diem
973 739 1075 782 unum
1095 717 1283 804 supplicatio
1297 719 1361 782 fuit
1376 719 1418 783 ob

328 826 378 868 res
393 824 542 900 prospere
554 810 659 887 gestas
674 825 708 866 tn
760 802 881 886 ispania
894 803 993 866 ductu
1002 803 1204 887 auspicioque
1213 803 1276 888 Ap.
1287 803 1419 867 Claudii

328 887 525 973 proconsulis
537 910 545 950 t
567 895 600 950 et
613 886 785 970 majoribus
799 887 911 950 hostiis
925 887 1037 971 viginti
1053 888 1271 951 sacrificatum.
1290 897 1324 950 ct
1339 888 1419 951 alte-

328 995 400 1036 rum
425 972 509 1036 diem
532 969 720 1056 supplicatio
739 971 811 1034 “ad
833 971 967 1049 Ceteris,
992 971 1110 1050 Liberi,
1134 971 1321 1056 Liberaeque
1344 973 1418 1050 fuit,

329 1057 416 1140 quod
429 1078 468 1120 ex
484 1056 610 1120 Sabinis
633 1063 725 1119 terrae
744 1065 851 1120 motus
865 1055 978 1140 ingens
992 1077 1066 1118 cum
1084 1055 1193 1120 multis
1208 1055 1417 1120 aedificiorum

329 1141 429 1204 ruinis
458 1141 628 1206 nunciatus
658 1149 733 1204 erat
778 1140 888 1208 Quum
916 1141 979 1226 Ap.
1010 1139 1163 1204 Claudius
1191 1163 1230 1202 ex
1258 1139 1418 1226 Hispania

331 1227 465 1292 Romam
493 1225 636 1304 redisset,
665 1224 802 1288 decrevit
830 1233 968 1304 senatus,
991 1233 1029 1287 ut
1056 1245 1153 1288 ovans
1175 1225 1287 1290 urbem
1311 1225 1416 1288 iniret.

330 1310 404 1374 Jarn
429 1309 606 1374 consularia
627 1309 753 1372 comitia
774 1309 983 1396 adpetebant3
1005 1309 1132 1392 quibus,
1147 1330 1263 1392 magna
1284 1319 1417 1372 conteu-

331 1395 416 1460 tione
431 1395 548 1458 habitis
562 1403 692 1479 propter
713 1393 951 1456 multitudinem
970 1393 1158 1477 petentium,
1172 1391 1267 1456 creati
1282 1393 1321 1457 L.
1339 1393 1417 1456 Pos-

167 1489 272 1537 comitta
330 1479 451 1544 tumius
465 1480 601 1542 Albinus
616 1486 648 1542 et
670 1479 717 1542 M.
735 1478 888 1562 Popillius
903 1479 1027 1542 Lenis.
1072 1477 1226 1540 Praetores
1240 1477 1314 1540 inde
1330 1477 1416 1556 sacti,

330 1564 351 1594 ⁴⁸
362 1566 405 1628 N.
422 1565 540 1628 Fabius
565 1564 678 1642 Buteo,
702 1563 750 1624 M.
773 1561 946 1640 Matienus,
969 1561 1007 1626 C.
1034 1560 1204 1640 Cicereius,
1227 1561 1276 1624 M.
1299 1561 1417 1624 Furius

331 1648 494 1731 Crassipes
516 1647 641 1722 iterum,
664 1647 704 1710 A.
727 1646 845 1709 Atilius
879 1647 1033 1710 Serranus
1058 1645 1183 1724 iterum,
1214 1645 1252 1710 C.
1281 1645 1417 1709 Cluvius

331 1731 446 1794 Saxula
460 1731 585 1793 iterum.
630 1730 776 1794 Comitiis
798 1729 956 1813 perfectis,
971 1731 1033 1814 Ap.
1050 1730 1203 1793 Claudius
1218 1730 1354 1807 Centho,
1377 1752 1418 1794 ex

330 1814 496 1878 Celtiberia
511 1836 609 1877 ovans
624 1836 724 1898 quum
739 1813 772 1876 in
788 1815 899 1877 urbem
921 1815 1025 1894 iniret,
1040 1813 1062 1848 ⁴⁹
1072 1815 1180 1878 decem
1195 1814 1293 1878 millia
1330 1815 1417 1877 oudo
1434 1889 1438 1892 ,
1524 1849 1529 1856 ·

329 1898 461 1982 argenti,
477 1898 616 1982 quinque
631 1899 728 1962 millia
741 1899 809 1962 auri
824 1899 856 1961 in
879 1900 1024 1962 [eranum
1039 1899 1123 1962 tulit.
1167 1899 1297 1962 Flamen
1346 1899 1417 1962 ialis

329 1983 536 2066 inauguratus
551 1991 600 2046 cst
614 1983 675 2046 Cn.
691 1983 866 2046 Cornelius.
894 1983 1015 2046 Eodem
1026 2005 1109 2046 anno
1123 1983 1231 2046 tabula
1244 1983 1277 2046 in
1291 1983 1418 2046 aedeml’

166 2071 296 2148 rituum·
331 2067 445 2132 Matris
475 2068 611 2130 Matutae
640 2089 713 2132 cum
743 2067 845 2130 indice
873 2069 934 2132 hoc
961 2069 1065 2152 posita
1086 2077 1152 2131 est:
1178 2069 1223 2131 il.
1245 2069 1418 2149 Sempronii

165 2135 216 2244 {4⁶}
229 2135 309 2244 Ψ
333 2154 465 2216 Gracchi
480 2154 610 2216 conertlic
631 2155 756 2234 imperio
779 2154 969 2234 auspicioque
990 2155 1066 2234 leqio
1088 2154 1294 2234 concitusque
1307 2155 1418 2234 populi

166 2213 289 2309 odiet:
330 2239 460 2300 Romani
476 2239 653 2302 Sardiniam
671 2239 796 2320 subeqit.
825 2240 858 2300 in
872 2257 908 2299 ea
925 2239 1086 2318 provincia
1110 2239 1240 2299 boetium
1263 2243 1417 2300 caracui

165 2327 247 2386 postn.
331 2329 421 2404 copta
448 2343 543 2404 mpro
572 2325 723 2404 octaqiata
751 2323 858 2384 millia.
914 2321 1079 2401 Republica
1105 2321 1284 2402 felicissime
1316 2329 1417 2402 qesta,

330 2407 450 2489 ⁸⁰atque
479 2408 616 2470 liberatis
640 2407 834 2487 uectiqolibus
854 2408 874 2452 *
897 2407 1078 2482 restitutie‘t,
1107 2408 1271 2468 enercitum
1299 2407 1418 2468 saluum

330 2497 419 2572 atque
432 2493 607 2553 incolumem
616 2493 824 2572 plenissimum
839 2491 947 2570 predo
969 2490 1088 2552 mmum
1101 2492 1278 2570 reportavit.
1305 2493 1418 2554 iterum

329 2577 519 2654 triumphant
533 2577 566 2638 in
579 2575 681 2636 arbem
693 2575 821 2638 Romam
835 2575 937 2636 rediit.
983 2574 1076 2653 Cujm
1090 2575 1136 2636 rei
1151 2595 1221 2655 erqo
1235 2575 1314 2638 banc
1328 2575 1418 2637 taba·
1523 2613 1527 2619 -

329 2661 390 2720 lam
403 2659 513 2719 donum
526 2659 596 2720 Jooi
611 2658 703 2720 dedit.
748 2657 901 2720 Sardinia
916 2657 1028 2720 insulae
1052 2658 1152 2720 forma
1173 2667 1249 2736 erat,
1264 2666 1360 2742 atque
1381 2659 1417 2722 in

328 2763 365 2804 ea
379 2741 545 2803 simulacra
558 2761 739 2826 pugnarum
753 2741 848 2826 picta.
893 2743 1030 2804 Munera
1051 2741 1260 2826 gladiatorum
1279 2765 1317 2805 eo
1330 2765 1417 2806 anno

328 2825 449 2908 aliquot
463 2847 560 2910 parva
573 2825 633 2888 alia
648 2825 737 2905 data3
759 2848 860 2888 unum
876 2835 948 2888 ante
963 2834 1065 2890 cetera
1077 2827 1200 2910 insigne
1215 2827 1276 2890 suit
1289 2827 1327 2892 Τ.
1344 2827 1418 2890 Fla-

328 2910 450 2990 minini,
464 2911 551 2994 quod
565 2910 675 2974 mortis
690 2932 801 2974 caussa
815 2911 988 2995 patrissui,
1003 2912 1023 2942 ³¹
1035 2933 1108 2973 cum
1119 2911 1323 2974 visceratione
1335 2920 1419 2996 'epu-

328 2997 421 3082 loque
450 3004 483 3059 et
510 2995 594 3060 ludis
623 2995 764 3075 scenicis,
786 2996 990 3080 quatriduum
1018 2995 1114 3059 dedit.
1144 2995 1280 3080 ”magni
1308 3005 1417 3060 tamen

418 3160 491 3206 Pede
503 3159 575 3205 Gron.
585 3158 653 3206 Crev.
781 3159 951 3220 trectiqatilrua
964 3154 998 3218 [et
1008 3153 1151 3218 reipublice]
1164 3159 1277 3206 restitutit
1288 3157 1357 3204 (ἕπει.

197 3297 226 3351 47
245 3299 284 3344 At
297 3297 392 3351 Cereris,
413 3297 498 3346 Liberi.
517 3293 662 3356 Litoraque]
680 3296 772 3344 AEdem.
805 3311 891 3346 munus
903 3310 1014 3355 ramnum
1026 3296 1066 3342 illo
1077 3310 1127 3342 avo
1139 3297 1212 3342 virum
1225 3309 1283 3352 aare,
1298 3297 1339 3342 aed
1355 3295 1416 3344 nihil

165 3361 217 3406 Vid.
231 3370 277 3406 not
290 3360 322 3408 tt
332 3361 361 3404 ad
374 3361 388 3405 l.
402 3359 448 3404 lll.
460 3373 478 3404 c.
491 3360 530 3404 bb.
806 3362 834 3404 ad
847 3361 882 3406 sui
895 3360 1005 3419 temporis
1016 3359 1133 3420 profusam
1150 3360 1356 3418 magnificentiam,
1367 3361 1415 3408 aire

197 3424 228 3470 to
246 3425 367 3469 lt'umerr'ur
386 3417 484 3482 Fabiae]
515 3421 593 3480 Vulgo
617 3423 657 3468 Cn.
680 3424 771 3470 Futiar.
805 3425 1019 3482 potiusveaantam.

166 3488 266 3534 Mutavit
278 3487 394 3544 Sigonius.
837 3489 869 3534 53
887 3489 987 3538 antaor
995 3494 1018 3534 et
1024 3489 1169 3548 septuaginta
1175 3484 1414 3548 honimmaoriat]

197 3551 228 3598 to
245 3552 326 3596 Decea
337 3545 599 3609 miltiapmdcargentt]
619 3549 773 3596 Marcianos·
808 3551 853 3597 llic
865 3552 973 3598 mutilum
986 3565 1035 3598 aare
1047 3551 1132 3596 librum
1149 3551 1272 3596 credimus.
1307 3551 1414 3612 Namque

165 3623 235 3660 trater
250 3613 343 3660 tonat.
381 3615 482 3674 Quinque
501 3614 573 3660 attilia
589 3617 648 3660 auri
682 3615 773 3662 Marcu
806 3629 835 3660 ax
856 3615 957 3674 epitome
975 3615 1044 3674 hujua
1062 3615 1114 3660 libri
1132 3623 1228 3674 apparet
1242 3614 1334 3660 Livium
1351 3617 1414 3662 ineo

166 3677 235 3734 7812.
251 3679 330 3724 nitrias
342 3677 364 3724 4.
806 3679 863 3736 tegi·
876 3679 984 3726 Voconia
1001 3679 1143 3724 mentionem
1159 3677 1247 3724 iecisse.
1280 3679 1311 3723 At
1324 3679 1413 3734 Cicero,

197 3742 230 3788 oo
246 3745 321 3800 Atque
332 3741 435 3788 liberatis
447 3741 602 3800 vectigalibus,
610 3748 634 3789 et
645 3743 773 3802 reipublicae
806 3743 822 3788 l.
835 3743 853 3788 l.
867 3742 891 3788 in
904 3742 1007 3796 Verrem,
1019 3757 1040 3788 n
1056 3741 1108 3798 lot,
1120 3743 1187 3788 docet
1200 3741 1330 3788 Voconium
1342 3757 1412 3788 tanr-

165 3801 289 3864 rertitutia]
323 3805 432 3852 Interam
458 3807 579 3864 uectigalia
606 3807 772 3864 interpretatur
804 3806 849 3852 irae
861 3807 890 3852 de
902 3805 930 3852 iis
941 3807 980 3866 qui
992 3805 1248 3864 poatA.l’ostumium,
1262 3805 1291 3854 Q
1305 3806 1413 3852 Fulvium

166 3869 298 3918 Gronovius
309 3869 372 3914 salva
390 3868 481 3914 reddita
496 3870 582 3928 populo
595 3871 708 3924 Romano,
720 3885 772 3928 qua
804 3885 911 3916 censores
923 3871 986 3916 renai
999 3877 1083 3924 emeat,
1095 3869 1128 3914 ita
1137 3879 1162 3916 ut
1171 3869 1195 3914 hi
1208 3883 1314 3916 censores
1326 3870 1351 3916 in
1363 3871 1414 3929 lege

166 3935 292 3979 defectores
304 3940 442 3977 evenerant.
463 3933 505 3977 lla
517 3947 591 3988 vocet,
603 3940 625 3979 et
636 3935 772 3992 reipublice,
805 3935 890 3980 diserte
907 3934 1020 3980 nominati
1038 3933 1109 3978 iubae
1126 3934 1256 3978 videantur.
1289 3933 1342 3980 tan
1359 3947 1414 3980 vero

166 3999 281 4044 debentur
293 3996 395 4054 sigonio.
428 3996 560 4042 Gronovius
577 3998 677 4057 torpuit,
693 3999 770 4045 rm'r'r·
804 3998 875 4042 iidem
896 3998 920 4042 hi
944 4011 1050 4043 censores
1073 3997 1143 4044 creati
1163 4005 1322 4042 memorantur
1343 3997 1413 4056 hujus

166 4077 207 4122 qm
218 4063 335 4108 restitutit.
804 4061 857 4106 libri
876 4075 895 4106 c.
908 4061 947 4115 27,
959 4075 974 4106 a
992 4075 1038 4120 quo
1058 4061 1122 4106 nulla
1137 4063 1186 4124 lam
1205 4061 1303 4107 occurrit
1322 4061 1412 4108 lacuna.

198 4124 226 4170 tt
256 4125 310 4170 Cain
336 4117 494 4182 visceratione]
528 4123 580 4168 Vid.
607 4132 655 4170 not.
685 4122 716 4178 37
742 4123 772 4170 ad
806 4125 916 4183 Sequitur
927 4139 990 4183 ergo,
1003 4133 1028 4170 ut
1039 4125 1063 4170 in
1075 4125 1123 4170 fine
1135 4125 1186 4170 libri
1207 4126 1236 4170 de
1248 4125 1299 4184 lege
1311 4125 1413 4172 Voconia

166 4189 180 4233 l.
193 4189 261 4234 Vlll.
274 4203 292 4234 c
305 4188 342 4234 22
804 4189 878 4248 egerit
891 4189 978 4234 Livius.
997 4187 1029 4234 At
1039 4189 1102 4234 euim
1110 4187 1159 4234 Cir.
1172 4187 1187 4234 l.
1198 4188 1227 4234 de
1239 4189 1330 4234 Seneet.
1342 4204 1365 4233 n.
1376 4189 1414 4244 lt,

198 4253 229 4298 52
246 4253 327 4313 Magni
346 4259 419 4297 tanen
434 4245 543 4308 maneria]
562 4249 590 4294 ln
610 4250 649 4294 illo
667 4265 771 4306 munere,
804 4253 861 4298 dicit
878 4252 953 4311 legem
967 4253 1092 4298 Voconiam
1110 4253 1180 4298 latam
1201 4265 1250 4298 eoae
1263 4253 1372 4312 Cepione
1390 4265 1415 4300 et

166 4317 227 4373 quod
241 4330 351 4374 inunum
370 4315 416 4360 illia
433 4314 574 4374 temporibus
584 4315 715 4372 iudicatum
727 4323 771 4373 est,
804 4316 913 4375 Philippo
926 4315 957 4360 ll.
969 4317 1110 4368 consulibus,
1122 4315 1162 4374 qui
1180 4317 1263 4374 quinto
1280 4325 1331 4374 poet
1350 4318 1414 4364 hune

166 4380 326 4426 tantummodo
346 4387 445 4438 quatuor
462 4387 486 4424 et
505 4378 652 4436 septuaginta
666 4379 772 4424 hominen
803 4394 865 4426 anno
887 4380 994 4426 contule·
1015 4379 1086 4424 futuri
1108 4387 1170 4425 suut.
1205 4379 1251 4424 Sed
1270 4379 1346 4438 primo
1367 4397 1414 4427 non

166 4455 207 4497 per
219 4442 322 4488 triduum
334 4451 475 4502 pugnarunt.
509 4441 713 4502 lntelliqitbiviua
728 4441 771 4489 hoc
803 4443 929 4490 mnodum
938 4443 1071 4490 mirandum
1079 4450 1115 4489 eat
1123 4443 1181 4490 duca
1190 4443 1312 4502 scriptores
1323 4445 1414 4506 aliquot
