3118 5002
464 331 553 395 LIB.
576 331 668 394 XLI.
692 331 787 396 CAP.
811 331 985 396 xxvlln
1320 335 1382 398 325

122 479 242 546 endas¹
257 479 543 564 margInandasque
558 479 653 564 primi
675 479 819 542 omnium
833 479 1026 558 locaverunt,
1040 488 1217 564 pontesque
1232 495 1260 541 υ.
1273 496 1300 542 c.
1311 497 1365 551 aaa

121 566 236 630 multis
261 564 339 628 locis
358 563 535 626 iaciendos:
568 573 600 626 et
613 563 772 626 ”scenam
796 563 941 626 aedilibus
966 564 1218 648 praetoribusque
1233 559 1261 606 Α·
1274 561 1299 606 ⁰·
1312 561 1364 616 ¹⁷4

122 651 348 736 praebendam:
372 657 403 711 et
418 669 557 711 carceres
577 648 610 710 in
634 648 727 725 circo,
742 657 774 711 et
788 649 878 711 ”ova
893 649 932 710 ad
947 657 1039 711 notas
1054 649 1218 712 curriculis

123 733 342 810 numerandis,
352 732 375 763 '⁰
384 735 445 795 et*
460 733 544 808 dam,
555 741 587 794 et
602 741 703 794 metas
719 742 806 794 trans
818 737 837 780 *
847 741 879 794 et
895 755 1004 796 caveas
1018 733 1133 795 ferreas
1148 739 1217 818 pe*

123 819 413 881 intromitterentur
437 817 580 878 *ferreis
604 816 670 878 “in
696 826 804 878 monte
824 817 949 879 Albano
973 818 1166 896 consulibus,
1185 827 1217 882 et

124 903 244 965 clivum
259 903 305 965 Ca
329 901 476 963 itolinum
490 900 575 963 silice
598 901 804 963 sternendum
825 911 1024 978 curaverunt,
1040 913 1071 964 et
1087 905 1106 934 ‘¹
1118 904 1216 986 porti-

124 1009 200 1049 cum
216 986 255 1048 ab
269 923 336 1049 aedb
353 985 482 1048 Saturni
497 984 531 1046 in
546 985 740 1068 Capitolium
755 985 795 1046 ad
811 986 1004 1062 senaculum,
1020 1007 1055 1048 ac
1075 1009 1113 1049 su
1137 1009 1170 1049 er
1183 987 1217 1050 id

123 1071 256 1134 curiam.
299 1071 344 1134 Et
378 1079 468 1132 extra
502 1079 627 1154 portam
657 1069 871 1152 Trigeminam
900 1071 1075 1154 emporium
1112 1009 1142 1133 li
1166 1072 1216 1135 ide

124 1163 315 1233 straverunt,
346 1154 571 1238 stipitibusque
595 1163 780 1238 sepserunt:
820 1164 852 1216 et
873 1155 1030 1238 porticum
1053 1094 1216 1220 AEmiliam

122 1241 325 1303 reficiendam
351 1249 522 1301 curarunt:
545 1237 759 1322 gradibusque
785 1239 973 1301 adscensum
999 1240 1039 1302 ab
1052 1241 1159 1303 Tiberi
1182 1242 1215 1304 in

123 1324 301 1410 emporium
317 1325 469 1387 fecerunt.
498 1331 530 1385 et
554 1331 643 1386 extra
666 1323 808 1384 eamdem
834 1333 958 1407 portam
972 1325 1004 1386 in
1020 1325 1215 1388 Aventinum

123 1409 284 1494 porticum
307 1409 392 1470 silice
419 1417 607 1485 straverunt,
623 1409 690 1469 “et
715 1429 752 1469 eo
775 1407 904 1491 publico
929 1408 969 1471 ab
990 1409 1057 1470 aede
1082 1409 1215 1473 Veneris

122 1495 278 1556 fecerunt.
322 1493 422 1555 Iidem
438 1491 567 1555 Calatiae
590 1500 621 1554 et
637 1491 766 1553 Auximi
789 1513 897 1554 muros
919 1493 1079 1555 faciendos
1093 1493 1216 1557 locave-

122 1587 223 1641 runt:
245 1577 442 1662 venditisque
467 1577 511 1640 ibi
536 1577 672 1662 publicis
687 1577 774 1654 locis,
791 1577 968 1660 pecuniam,
994 1599 1066 1660 quae
1089 1579 1216 1643 redacta

122 1671 202 1741 erat,
212 1661 349 1726 tabernis
361 1663 422 1725 utri
447 1683 486 1724 ue
498 1663 565 1724 foro
577 1661 808 1724 circumdandis
820 1671 1073 1727 consumserunt.
1095 1673 1126 1726 et
1137 1663 1215 1726 alter

121 1769 163 1811 ex
188 1747 226 1810 iis
251 1747 383 1810 Fulvius
446 1767 539 1810 accus
566 1748 651 1828 (narn
680 1745 863 1810 Postumius
888 1747 976 1825 nihil,
1001 1747 1062 1810 nisi
1086 1755 1216 1811 senatus

123 1831 259 1896 Romani
275 1831 425 1916 populive
442 1831 547 1916 jussu,
570 1852 602 1892 se
623 1831 799 1893 locuturum
818 1831 1023 1916 ‘’ipsorum¹¹²
1038 1833 1212 1917 pecunia*)

121 1917 213 1982 Jovis
223 1927 237 1956 ¹¹
251 1917 352 1979 aedem
370 1915 501 1994 Pisauri,
517 1925 548 1978 et
565 1915 697 1993 Fundis,
713 1917 777 1978 “et
794 1916 977 1980 Pollentiae⁰
990 1917 1084 1980 etiam
1099 1939 1215 2002 aquam

121 2002 352 2078 adducendam,
376 2009 409 2061 et
434 2001 555 2063 Pisauri
580 2000 663 2062 viam
691 1999 776 2064 silice
801 2001 1013 2079 sternendam,
1039 2002 1059 2032 ⁴⁸
1071 2011 1103 2064 et
1119 2003 1215 2066 Sinu-

121 2109 225 2149 essam
250 2107 268 2148 a
291 2088 364 2170 ga*
385 2085 518 2148 aviariae.
564 2085 603 2147 ln
630 2085 679 2148 bis
703 2094 735 2147 et
757 2085 806 2147 clo
821 2089 841 2133 *
854 2107 910 2147 um
936 2086 1214 2149 circumducend*

121 2181 157 2235 et
171 2171 275 2234 forum
298 2168 472 2256 porticibus
495 2169 697 2254 tabernisque
721 2169 944 2248 claudendum,
958 2179 990 2233 et
1005 2169 1133 2234 “danos
1148 2179 1214 2233 tres

120 2289 128 2327 ¹
140 2293 314 2341 :absterrendos
326 2294 397 2339 Gran.
412 2295 479 2339 Cres.
576 2297 598 2325 ¹¹²
609 2293 733 2339 ioeotaruer
743 2323 751 2339 .
763 2324 769 2338 .
782 2324 788 2337 .
801 2325 808 2339 .
819 2296 919 2353 ipsoram
930 2292 1005 2338 ueta.
1095 2297 1111 2325 ²¹
1122 2296 1220 2352 iptorum

152 2361 249 2418 paeanio
262 2356 389 2420 [dicebat])
402 2357 464 2405 loeta
473 2357 542 2405 Crev.
550 2360 647 2418 mereata
657 2357 719 2403 doeio
730 2356 804 2403 aeta.
853 2361 866 2388 ⁰
878 2357 987 2403 Potentia
1000 2355 1094 2417 Kreyee.
1108 2356 1187 2405 aete.

155 2533 186 2588 87
204 2532 331 2598 'Seeeoaa]
351 2537 402 2583 Vid.
416 2545 463 2583 not.
475 2536 506 2583 88
517 2537 546 2582 ad
560 2535 609 2582 XL.
622 2535 659 2582 dl.
768 2535 900 2597 Capitolino
911 2537 943 2582 od
952 2535 1087 2592 aenoeuiaae,
1099 2541 1167 2597 atque
1178 2534 1208 2582 ed
1222 2537 1310 2582 eartaee
1326 2550 1378 2595 qna

155 2599 188 2645 88
204 2597 655 2660 θωσὼιοιιιεσαπίωἱίεπιιπιιναηᾱίε]
669 2599 735 2646 Priue
768 2609 803 2647 eet
814 2617 882 2661 seper
893 2602 918 2646 id
935 2601 1077 2646 senaculum.
1112 2599 1187 2646 Posala
1204 2609 1229 2646 et
1240 2614 1292 2646 eum
1310 2599 1378 2646 Juato

121 2665 244 2721 legebatur
272 2667 438 2712 sumendae:
478 2666 545 2711 rnale.
596 2665 733 2710 Mendoeam
767 2666 883 2725 ityequio,
895 2665 954 2711 libro
964 2666 994 2712 de
1005 2665 1081 2724 Capit.
1094 2679 1113 2712 c.
1130 2664 1259 2723 aalma
1272 2670 1295 2710 et
1311 2679 1377 2711 aeeo-

121 2743 216 2788 quoque
227 2742 276 2774 ease
288 2743 367 2774 vocem
377 2735 440 2774 eotoa
448 2729 539 2787 judicat
550 2729 614 2775 Fulv.
627 2729 733 2782 Ursinus,
766 2731 856 2776 ceiam
874 2739 899 2775 ut
908 2745 989 2776 aeneus
998 2729 1028 2776 eit
1045 2730 1159 2789 porticum
1173 2730 1203 2774 ab
1219 2729 1269 2774 eade
1282 2727 1377 2774 Saturni

120 2807 148 2838 ee
171 2793 262 2852 reponit
281 2793 394 2852 probabili
418 2796 550 2852 conjecture
574 2799 648 2838 metor.
683 2795 733 2838 Ova
765 2793 789 2838 in
803 2794 951 2853 Capitolium,
964 2793 1042 2845 idest,
1055 2793 1079 2838 in
1093 2792 1206 2852 templum
1223 2792 1287 2838 Jovie
1306 2792 1376 2851 Capi·

120 2856 184 2902 enirn
215 2857 262 2910 illa,
284 2871 298 2901 e
326 2857 389 2914 ligno
411 2856 530 2911 fabricare,
553 2857 734 2915 imponebantur
766 2858 840 2910 tolini,
865 2867 1002 2916 porrectam,
1025 2865 1047 2902 et
1067 2857 1209 2910 eenecolum,
1231 2865 1255 2901 et
1278 2855 1375 2912 ruriam,

120 2921 243 2975 calumnie,
256 2921 383 2979 aliquando
394 2921 462 2972 binis,
471 2921 597 2979 aliqnando
606 2921 733 2978 quaternis,
766 2921 842 2966 locata
853 2933 903 2966 ease
915 2935 928 2965 a
938 2921 1072 2966 censor-ibae
1083 2920 1231 2979 lepideailiee
1243 2921 1375 2965 sternenda.

119 2986 236 3030 edmetaa
248 2984 419 3030 circietatutie.
445 2984 491 3030 Tot
501 2985 541 3029 illa
549 2993 616 3030 erant
625 2999 731 3038 numero,
765 2985 835 3029 Porro
859 2985 994 3038 reuocatam,
1015 2983 1063 3028 elva
1089 2985 1221 3036 andelam,
1243 2982 1287 3028 hoc
1312 2983 1376 3029 enim

119 3057 178 3107 quot
197 3049 311 3094 curricula
322 3057 388 3094 erant
400 3047 543 3107 peragenda:
561 3058 657 3106 septena
677 3061 731 3106 pro·
764 3061 857 3106 quoque
875 3048 944 3092 ruoilo
961 3047 1077 3098 scribitur,
1088 3055 1131 3098 eet,
1144 3054 1203 3092 teete
1224 3045 1300 3098 Festo,
1312 3046 1376 3092 loeus

119 3113 183 3168 inde,
196 3122 221 3158 ut
240 3113 376 3171 plurimum,
388 3127 430 3172 pro
447 3122 544 3170 septeno
562 3112 730 3157 curriculorum
763 3111 787 3156 in
800 3125 847 3170 quo
857 3117 948 3156 termae
959 3111 1037 3156 boteri
1054 3111 1120 3164 rotet,
1131 3109 1179 3154 eive
1196 3109 1280 3168 potius,
1293 3111 1317 3155 ie
1333 3125 1377 3170 qao

119 3191 226 3231 numero,
246 3175 286 3235 qui
309 3175 411 3221 solennia
431 3177 532 3222 maxime
554 3183 610 3221 erat.
654 3175 731 3220 Primo
762 3177 863 3221 solebant
881 3176 1028 3234 nogietrotar
1050 3175 1163 3219 dontorot
1185 3175 1376 3220 cantatoribus

119 3240 235 3286 curriculo
247 3248 347 3299 peraeto,
359 3255 431 3284 unum
452 3254 522 3285 ovum
538 3253 551 3285 e
569 3239 647 3284 medio
662 3239 729 3284 tolle·
762 3240 895 3285 deliberare.
929 3237 1024 3284 Curiam
1045 3239 1074 3283 de
1093 3251 1139 3296 que
1158 3235 1196 3282 bie
1215 3237 1299 3296 agitur,
1311 3238 1374 3284 idem

118 3306 196 3356 batur,
218 3303 320 3349 seeundo
343 3303 458 3349 curriculo
477 3305 584 3358 alterurn,
606 3310 630 3349 et
649 3304 682 3349 eie
701 3304 731 3349 de
765 3303 886 3362 Rycquiua
905 3303 1024 3348 existimat
1043 3301 1113 3348 ilriaee
1132 3301 1220 3346 curiam
1243 3301 1374 3360 Kalabram,

118 3367 222 3426 reliquia.
258 3367 314 3412 iiee
326 3366 374 3413 iere
386 3367 520 3413 Salmasius,
762 3367 791 3412 de
803 3381 848 3425 qua
861 3367 906 3412 vid
921 3366 1022 3412 bleerob.
1033 3366 1126 3412 saturn.
1138 3366 1153 3410 l.
1164 3365 1182 3410 l.
1192 3379 1211 3410 e.
1225 3363 1261 3410 lt.

151 3432 184 3478 aa
202 3431 232 3477 Et
245 3433 330 3488 ‘doen
341 3438 364 3477 et
381 3439 450 3477 metor
459 3427 558 3490 troee']
578 3431 634 3476 llaec
650 3429 730 3490 explet
793 3431 825 3476 48
842 3431 873 3476 Bt
887 3445 912 3477 eo
925 3431 1115 3490 patlieoobaede
1133 3427 1238 3488 Veneria]
1268 3429 1375 3488 Suspica-

118 3505 239 3554 oteunque
252 3495 375 3540 Marcellus
390 3495 503 3547 Donatus,
519 3495 621 3552 legitque
640 3500 663 3540 et
679 3495 730 3540 rde-
763 3502 802 3540 tur
820 3495 960 3548 Gronovius,
976 3501 998 3540 et
1013 3495 1126 3540 basilicam
1139 3495 1170 3539 od
1182 3495 1252 3539 aedeee
1267 3493 1367 3541 Veneris·

117 3561 419 3614 demeteretoetroaeitae.
442 3557 729 3604 Nobieeoneultiuevide·
795 3557 827 3603 48
845 3559 944 3616 ipsoram
954 3560 1050 3616 perante
1059 3553 1159 3618 dioetat]
1178 3557 1279 3603 Verbum
1295 3557 1374 3618 adjec-

118 3633 157 3669 tur
179 3623 255 3668 locum
277 3623 391 3668 intactum
414 3623 553 3681 relinquere,
575 3635 645 3680 quam
670 3622 730 3666 male
763 3629 859 3667 tumeat
871 3636 899 3666 ex
912 3629 990 3666 mente
1005 3621 1101 3679 sigonii.

117 3697 224 3732 curatum
234 3687 351 3732 exhibere.
388 3685 453 3732 Idem
465 3697 489 3732 et
498 3687 522 3731 in
531 3685 559 3731 ile
569 3697 729 3744 quemquun·
795 3685 826 3730 44
844 3686 875 3731 Et
889 3685 1014 3738 Pollentiae,
1025 3687 1093 3730 etiarn
1110 3699 1191 3746 equore
1206 3681 1372 3746 adducendam]

118 3761 157 3797 tur
172 3749 263 3811 judicat
283 3749 408 3810 legendum
428 3764 486 3802 eeee.
501 3757 524 3797 et
540 3763 620 3795 eorem
629 3745 730 3808 serreoe,
764 3749 805 3794 Vel
829 3751 887 3807 lege,
904 3756 927 3794 et
948 3749 1081 3794 Potteeiiora
1101 3763 1183 3810 waere
1202 3749 1372 3795 oddaeeedona

117 3829 159 3874 per
177 3829 234 3875 qaae
251 3817 454 3860 intromitterentur
465 3810 533 3874 serae.
568 3815 608 3858 Sat
626 3811 730 3858 feliciter.
763 3814 800 3858 vel
813 3812 984 3858 invoceetiom
996 3811 1076 3858 latebit
1094 3827 1179 3858 nornen
1197 3813 1296 3872 alicujus
1310 3813 1370 3858 alte·

119 3879 147 3926 ln
168 3879 316 3925 Circensibus
336 3878 399 3924 enim
423 3877 485 3924 ludia
506 3891 553 3922 non
570 3877 645 3922 solum
662 3891 731 3922 eursu
764 3877 813 3922 riue
828 3876 1127 3935 urbie,inquam1·'ulviua
1142 3889 1227 3936 aquam
1242 3876 1373 3924 ducendam

117 3944 257 3997 certabatur,
268 3943 309 3988 aed
329 3951 352 3987 et
371 3941 474 3987 serarum
493 3941 555 3986 inter
574 3955 606 3996 ae,
618 3947 660 3986 aut
678 3953 732 3986 cum
765 3941 883 3986 locaverit.

118 4007 232 4052 bestiariis
244 4021 329 4066 pugne
339 4007 476 4052 edebantur.
795 4004 826 4050 ta
844 4005 876 4050 Et
894 4000 1034 4064 arnonae]
1053 4004 1171 4050 Emendat
1188 4001 1312 4049 blereellua
1325 4001 1373 4047 De·

150 4070 182 4116 48
200 4069 226 4116 Ia
249 4077 320 4116 noete
343 4071 431 4116 Attene
447 4064 585 4128 maltha]
614 4067 658 4114 liic
675 4081 729 4128 per·
762 4075 839 4122 natue,
857 4075 880 4114 et
896 4069 1006 4114 Sinuessae
1020 4069 1116 4130 gioreo:
1133 4067 1222 4126 supple,
1235 4066 1295 4110 vlam
1313 4072 1373 4110 eter-

116 4133 225 4193 epiruum
236 4141 271 4178 eat
282 4133 370 4193 aliquid
382 4135 469 4179 deesse.
764 4133 872 4178 nendam.
907 4133 935 4177 ln
961 4133 990 4178 iia
1016 4147 1068 4191 qua
1092 4139 1222 4190 sequuntur
1247 4128 1373 4187 legendum

150 4197 179 4244 41
200 4198 314 4244 Portioare
332 4200 361 4244 ot
379 4199 428 4244 aede
448 4197 542 4243 Satarrd
559 4197 582 4241 ie
596 4196 732 4254 Capitolium
763 4204 831 4256 putat
851 4197 967 4256 Sigonius,
987 4202 1010 4244 et
1025 4197 1121 4242 eloacam
1138 4197 1161 4240 ie
1172 4195 1267 4252 fluebat
1278 4194 1372 4243 airu·-

117 4263 150 4307 od
169 4261 304 4317 amedera,
326 4277 354 4307 oe
375 4275 443 4320 saper
461 4261 487 4307 id
503 4257 601 4322 cariam]
626 4259 732 4306 Fortaeee
764 4261 893 4306 docendam.

117 4326 244 4382 legendum
270 4327 294 4371 io
318 4325 436 4384 Capitolio.
476 4323 531 4370 Fuit
552 4325 614 4370 enim
637 4323 731 4368 Seturnl
796 4323 829 4370 48
844 4325 914 4372 donee
936 4319 994 4383 trra]
1018 4321 1049 4368 lii
1069 4321 1123 4368 tani
1141 4327 1208 4366 erent
1225 4319 1373 4368 transitiones

116 4389 440 4448 ederinclirocapitolino.
475 4387 559 4446 itaque
575 4386 730 4446 porticueilla
761 4389 855 4448 pervia.
890 4387 940 4434 vid.
954 4395 1000 4433 not.
1014 4383 1158 4444 7818811.
1172 4397 1191 4431 e.
1205 4384 1243 4434 48.

116 4453 263 4513 intelligetur
280 4459 386 4514 porrecta
404 4453 434 4500 ot
452 4453 502 4500 ade
514 4451 608 4498 Menai
627 4451 651 4498 in
670 4451 730 4497 cliro
