<?xml version="1.0" encoding="UTF-8"?>
<!DOCTYPE html PUBLIC "-//W3C//DTD XHTML 1.0 Transitional//EN"
    "http://www.w3.org/TR/xhtml1/DTD/xhtml1-transitional.dtd">
<html xmlns="http://www.w3.org/1999/xhtml" xml:lang="en" lang="en">
 <head>
  <title>
</title>
<meta http-equiv="Content-Type" content="text/html;charset=utf-8" />
  <meta name='ocr-system' content='tesseract 3.04.00' />
  <meta name='ocr-capabilities' content='ocr_page ocr_carea ocr_par ocr_line ocrx_word'/>
</head>
<body>
  <div class='ocr_page' id='page_1' title='image "./tliviipatavinih01crevgoog/tliviipatavinih01crevgoog_0108.png"; bbox 0 0 3094 4954; ppageno 0'>
   <div class='ocr_carea' id='block_1_1' title="bbox 243 319 1070 392">
    <p class='ocr_par' dir='ltr' id='par_1_1' title="bbox 243 319 1070 392">
     <span class='ocr_line' id='line_1_1' title="bbox 243 319 1070 392; baseline -0.007 -1"><span class='ocrx_word' id='word_1_1' title='bbox 243 329 286 392; x_wconf 85' lang='grc'>98</span> <span class='ocrx_word' id='word_1_2' title='bbox 835 319 930 384; x_wconf 81' lang='grc' dir='ltr'><strong>ΤΙΤΙ</strong></span> <span class='ocrx_word' id='word_1_3' title='bbox 953 321 1070 385; x_wconf 86' lang='lat' dir='ltr'>LlVll</span> 
     </span>
    </p>
   </div>
   <div class='ocr_carea' id='block_1_2' title="bbox 247 467 1485 3775">
    <p class='ocr_par' dir='ltr' id='par_1_2' title="bbox 247 467 1485 619">
     <span class='ocr_line' id='line_1_2' title="bbox 247 467 1485 619; baseline -0.01 -77"><span class='ocrx_word' id='word_1_4' title='bbox 247 495 277 542; x_wconf 83' lang='lat' dir='ltr'>u</span> <span class='ocrx_word' id='word_1_5' title='bbox 289 494 316 542; x_wconf 87' lang='lat' dir='ltr'>c.</span> <span class='ocrx_word' id='word_1_6' title='bbox 327 489 381 539; x_wconf 74' lang='lat' dir='ltr'>aaa.</span> <span class='ocrx_word' id='word_1_7' title='bbox 408 467 476 536; x_wconf 89' lang='lat' dir='ltr'>ullo</span> <span class='ocrx_word' id='word_1_8' title='bbox 489 468 560 534; x_wconf 91' lang='lat' dir='ltr'>loeo</span> <span class='ocrx_word' id='word_1_9' title='bbox 573 467 662 532; x_wconf 72' lang='lat' dir='ltr'>saie</span> <span class='ocrx_word' id='word_1_10' title='bbox 675 467 775 554; x_wconf 90' lang='lat' dir='ltr'>major</span> <span class='ocrx_word' id='word_1_11' title='bbox 785 467 880 553; x_wconf 81' lang='lat' dir='ltr'>regiis</span> <span class='ocrx_word' id='word_1_12' title='bbox 889 469 1044 533; x_wconf 75' lang='lat' dir='ltr'>militibus</span> <span class='ocrx_word' id='word_1_13' title='bbox 1054 476 1203 554; x_wconf 86' lang='lat' dir='ltr'>partaest</span> <span class='ocrx_word' id='word_1_14' title='bbox 1211 469 1330 619; x_wconf 70' lang='lat' dir='ltr'>preda</span> <span class='ocrx_word' id='word_1_15' title='bbox 1352 469 1373 500; x_wconf 78' lang='lat'>⁸⁰</span> <span class='ocrx_word' id='word_1_16' title='bbox 1383 468 1485 532; x_wconf 85' lang='lat' dir='ltr'>Ecdeu</span> 
     </span>
    </p>

    <p class='ocr_par' dir='ltr' id='par_1_3' title="bbox 247 553 1485 704">
     <span class='ocr_line' id='line_1_3' title="bbox 247 553 1485 639; baseline -0.003 -19"><span class='ocrx_word' id='word_1_17' title='bbox 247 558 316 608; x_wconf 67' lang='grc' dir='ltr'>Μ·</span> <span class='ocrx_word' id='word_1_18' title='bbox 329 555 381 604; x_wconf 78' lang='lat'>¹⁹⁰·</span> <span class='ocrx_word' id='word_1_19' title='bbox 410 554 665 638; x_wconf 76' lang='lat' dir='ltr'><strong>Adramytteum,</strong></span> <span class='ocrx_word' id='word_1_20' title='bbox 686 553 815 616; x_wconf 81' lang='lat' dir='ltr'>utrubi</span> <span class='ocrx_word' id='word_1_21' title='bbox 834 554 982 639; x_wconf 80' lang='lat' dir='ltr'>praesidio</span> <span class='ocrx_word' id='word_1_22' title='bbox 1003 565 1120 634; x_wconf 88' lang='lat' dir='ltr'>essent,</span> <span class='ocrx_word' id='word_1_23' title='bbox 1142 555 1216 618; x_wconf 86' lang='lat' dir='ltr'>nevi</span> <span class='ocrx_word' id='word_1_24' title='bbox 1239 577 1277 618; x_wconf 89' lang='lat' dir='ltr'>us</span> <span class='ocrx_word' id='word_1_25' title='bbox 1292 553 1485 618; x_wconf 80' lang='lat' dir='ltr'>circumvecti</span> 
     </span>
     <span class='ocr_line' id='line_1_4' title="bbox 412 637 969 704; baseline -0.004 0"><span class='ocrx_word' id='word_1_26' title='bbox 412 639 565 704; x_wconf 81' lang='lat' dir='ltr'>AEmilius</span> <span class='ocrx_word' id='word_1_27' title='bbox 580 645 613 700; x_wconf 91' lang='lat' dir='ltr'>et</span> <span class='ocrx_word' id='word_1_28' title='bbox 628 637 790 702; x_wconf 81' lang='lat' dir='ltr'>Eumenes</span> <span class='ocrx_word' id='word_1_29' title='bbox 803 647 969 703; x_wconf 92' lang='lat' dir='ltr'>venerunt.</span> 
     </span>
    </p>

    <p class='ocr_par' dir='ltr' id='par_1_4' title="bbox 272 721 1485 806">
     <span class='ocr_line' id='line_1_5' title="bbox 272 721 1485 806; baseline -0.005 -17"><span class='ocrx_word' id='word_1_30' title='bbox 272 758 285 789; x_wconf 74' lang='lat' dir='ltr'>c</span> <span class='ocrx_word' id='word_1_31' title='bbox 303 741 329 788; x_wconf 68' lang='lat' dir='ltr'>e·</span> <span class='ocrx_word' id='word_1_32' title='bbox 456 723 533 786; x_wconf 91' lang='lat' dir='ltr'>XX.</span> <span class='ocrx_word' id='word_1_33' title='bbox 557 723 618 785; x_wconf 89' lang='lat' dir='ltr'>Per</span> <span class='ocrx_word' id='word_1_34' title='bbox 632 721 759 785; x_wconf 86' lang='lat' dir='ltr'>eosdem</span> <span class='ocrx_word' id='word_1_35' title='bbox 773 723 854 786; x_wconf 86' lang='lat' dir='ltr'>forte</span> <span class='ocrx_word' id='word_1_36' title='bbox 868 723 935 786; x_wconf 89' lang='lat' dir='ltr'>dies</span> <span class='ocrx_word' id='word_1_37' title='bbox 951 721 1073 786; x_wconf 81' lang='lat' dir='ltr'>Elaeam</span> <span class='ocrx_word' id='word_1_38' title='bbox 1088 743 1128 786; x_wconf 89' lang='lat' dir='ltr'>ex</span> <span class='ocrx_word' id='word_1_39' title='bbox 1141 722 1264 788; x_wconf 86' lang='lat' dir='ltr'>Achaia</span> <span class='ocrx_word' id='word_1_40' title='bbox 1277 722 1362 786; x_wconf 90' lang='lat' dir='ltr'>mille</span> <span class='ocrx_word' id='word_1_41' title='bbox 1382 722 1485 806; x_wconf 89' lang='lat' dir='ltr'>pedite</span> 
     </span>
    </p>

    <p class='ocr_par' dir='ltr' id='par_1_5' title="bbox 270 806 1485 892">
     <span class='ocr_line' id='line_1_6' title="bbox 270 806 1485 892; baseline -0.001 -21"><span class='ocrx_word' id='word_1_42' title='bbox 270 823 295 854; x_wconf 73' lang='lat'>⁸¹</span> <span class='ocrx_word' id='word_1_43' title='bbox 326 819 391 882; x_wconf 69' lang='lat'>¹¹3¹¹¹3¹</span> <span class='ocrx_word' id='word_1_44' title='bbox 414 829 488 872; x_wconf 89' lang='lat' dir='ltr'>cum</span> <span class='ocrx_word' id='word_1_45' title='bbox 513 814 643 870; x_wconf 91' lang='lat' dir='ltr'>centum</span> <span class='ocrx_word' id='word_1_46' title='bbox 662 806 834 890; x_wconf 89' lang='lat' dir='ltr'>equitibus,</span> <span class='ocrx_word' id='word_1_47' title='bbox 856 808 1027 892; x_wconf 83' lang='lat' dir='ltr'>Diophane</span> <span class='ocrx_word' id='word_1_48' title='bbox 1052 808 1203 871; x_wconf 84' lang='lat' dir='ltr'>omnibus</span> <span class='ocrx_word' id='word_1_49' title='bbox 1227 808 1278 870; x_wconf 86' lang='lat' dir='ltr'>his</span> <span class='ocrx_word' id='word_1_50' title='bbox 1302 807 1400 892; x_wconf 89' lang='lat' dir='ltr'>copiis</span> <span class='ocrx_word' id='word_1_51' title='bbox 1424 829 1485 890; x_wconf 80' lang='lat' dir='ltr'>pru</span> 
     </span>
    </p>

    <p class='ocr_par' dir='ltr' id='par_1_6' title="bbox 261 883 1485 1041">
     <span class='ocr_line' id='line_1_7' title="bbox 261 883 1485 1041; baseline -0.001 -88"><span class='ocrx_word' id='word_1_52' title='bbox 261 888 276 918; x_wconf 83' lang='lat'>¹¹</span> <span class='ocrx_word' id='word_1_53' title='bbox 298 887 312 917; x_wconf 87' lang='lat'>⁰</span> <span class='ocrx_word' id='word_1_54' title='bbox 347 883 385 915; x_wconf 81' lang='lat'>⁸¹¹·</span> <span class='ocrx_word' id='word_1_55' title='bbox 414 891 530 1040; x_wconf 48' lang='lat' dir='ltr'>liff&#39;</span> <span class='ocrx_word' id='word_1_56' title='bbox 544 900 754 1040; x_wconf 59' lang='lat' dir='ltr'>accetsperpnt.</span> <span class='ocrx_word' id='word_1_57' title='bbox 789 913 870 974; x_wconf 87' lang='lat' dir='ltr'>quos</span> <span class='ocrx_word' id='word_1_58' title='bbox 894 913 1037 1041; x_wconf 54' lang='lat' dir='ltr'>{prdessos</span> <span class='ocrx_word' id='word_1_59' title='bbox 1061 893 1347 1041; x_wconf 57' lang='lat' dir='ltr'>npvibpstpbriam</span> <span class='ocrx_word' id='word_1_60' title='bbox 1361 891 1449 954; x_wconf 86' lang='lat' dir='ltr'>missi</span> <span class='ocrx_word' id='word_1_61' title='bbox 1463 891 1485 952; x_wconf 84' lang='lat' dir='ltr'>al</span> 
     </span>
    </p>

    <p class='ocr_par' dir='ltr' id='par_1_7' title="bbox 506 997 1485 1042">
     <span class='ocr_line' id='line_1_8' title="bbox 506 997 1485 1042; baseline -0.001 -4"><span class='ocrx_word' id='word_1_62' title='bbox 506 997 525 1038; x_wconf 92' lang='lat' dir='ltr'>o</span> <span class='ocrx_word' id='word_1_63' title='bbox 553 997 614 1038; x_wconf 89' lang='lat' dir='ltr'>noe</span> <span class='ocrx_word' id='word_1_64' title='bbox 702 997 736 1038; x_wconf 90' lang='lat' dir='ltr'>er</span> <span class='ocrx_word' id='word_1_65' title='bbox 775 998 866 1040; x_wconf 89' lang='lat' dir='ltr'>mum</span> <span class='ocrx_word' id='word_1_66' title='bbox 959 999 1106 1042; x_wconf 82' lang='lat' dir='ltr'>uxerun.</span> <span class='ocrx_word' id='word_1_67' title='bbox 1181 999 1199 1040; x_wconf 91' lang='lat' dir='ltr'>e</span> <span class='ocrx_word' id='word_1_68' title='bbox 1232 999 1300 1040; x_wconf 88' lang='lat' dir='ltr'>ram</span> <span class='ocrx_word' id='word_1_69' title='bbox 1331 998 1440 1040; x_wconf 82' lang='lat' dir='ltr'>omnes</span> <span class='ocrx_word' id='word_1_70' title='bbox 1472 998 1485 1037; x_wconf 83' lang='lat' dir='ltr'>e</span> 
     </span>
    </p>

    <p class='ocr_par' dir='ltr' id='par_1_8' title="bbox 416 997 1485 1148">
     <span class='ocr_line' id='line_1_9' title="bbox 416 997 1485 1148; baseline -0.002 -24"><span class='ocrx_word' id='word_1_71' title='bbox 416 1060 511 1147; x_wconf 91' lang='lat' dir='ltr'>periti</span> <span class='ocrx_word' id='word_1_72' title='bbox 532 1060 608 1124; x_wconf 92' lang='lat' dir='ltr'>belli</span> <span class='ocrx_word' id='word_1_73' title='bbox 636 997 791 1140; x_wconf 65' lang='lat' dir='ltr'>erantgllt</span> <span class='ocrx_word' id='word_1_74' title='bbox 819 1061 888 1146; x_wconf 91' lang='lat' dir='ltr'>ipse</span> <span class='ocrx_word' id='word_1_75' title='bbox 916 1063 982 1125; x_wconf 87' lang='lat' dir='ltr'>dux</span> <span class='ocrx_word' id='word_1_76' title='bbox 1009 1062 1266 1148; x_wconf 85' lang='lat' dir='ltr'>Philopoemenis,</span> <span class='ocrx_word' id='word_1_77' title='bbox 1293 1061 1408 1124; x_wconf 91' lang='lat' dir='ltr'>summi</span> <span class='ocrx_word' id='word_1_78' title='bbox 1434 1069 1485 1122; x_wconf 83' lang='lat' dir='ltr'>tun</span> 
     </span>
    </p>

    <p class='ocr_par' dir='ltr' id='par_1_9' title="bbox 418 1143 1485 1232">
     <span class='ocr_line' id='line_1_10' title="bbox 418 1143 1485 1232; baseline -0.004 -22"><span class='ocrx_word' id='word_1_79' title='bbox 418 1144 561 1210; x_wconf 87' lang='lat' dir='ltr'>omnium</span> <span class='ocrx_word' id='word_1_80' title='bbox 574 1143 761 1208; x_wconf 83' lang='lat' dir='ltr'>Graecorum</span> <span class='ocrx_word' id='word_1_81' title='bbox 771 1145 979 1232; x_wconf 84' lang='lat' dir='ltr'>imperatoris,</span> <span class='ocrx_word' id='word_1_82' title='bbox 994 1147 1179 1231; x_wconf 85' lang='lat' dir='ltr'>discipulus.</span> <span class='ocrx_word' id='word_1_83' title='bbox 1200 1146 1255 1231; x_wconf 92' lang='lat' dir='ltr'>qui</span> <span class='ocrx_word' id='word_1_84' title='bbox 1265 1146 1398 1209; x_wconf 91' lang='lat' dir='ltr'>biduum</span> <span class='ocrx_word' id='word_1_85' title='bbox 1412 1145 1485 1207; x_wconf 85' lang='lat' dir='ltr'>simu</span> 
     </span>
    </p>

    <p class='ocr_par' dir='ltr' id='par_1_10' title="bbox 419 1229 1485 1315">
     <span class='ocr_line' id='line_1_11' title="bbox 419 1229 1485 1315; baseline -0.006 -18"><span class='ocrx_word' id='word_1_86' title='bbox 419 1231 460 1297; x_wconf 83' lang='lat' dir='ltr'>ad</span> <span class='ocrx_word' id='word_1_87' title='bbox 483 1229 622 1314; x_wconf 84' lang='lat' dir='ltr'>quietem</span> <span class='ocrx_word' id='word_1_88' title='bbox 647 1229 814 1294; x_wconf 89' lang='lat' dir='ltr'>bominum</span> <span class='ocrx_word' id='word_1_89' title='bbox 838 1252 1064 1315; x_wconf 89' lang='lat' dir='ltr'>equorumque,</span> <span class='ocrx_word' id='word_1_90' title='bbox 1086 1239 1119 1295; x_wconf 92' lang='lat' dir='ltr'>et</span> <span class='ocrx_word' id='word_1_91' title='bbox 1142 1232 1183 1294; x_wconf 88' lang='lat' dir='ltr'>ad</span> <span class='ocrx_word' id='word_1_92' title='bbox 1200 1231 1346 1294; x_wconf 87' lang='lat' dir='ltr'>visendas</span> <span class='ocrx_word' id='word_1_93' title='bbox 1367 1230 1485 1293; x_wconf 79' lang='lat' dir='ltr'>hostiur</span> 
     </span>
    </p>

    <p class='ocr_par' dir='ltr' id='par_1_11' title="bbox 420 1313 1485 1400">
     <span class='ocr_line' id='line_1_12' title="bbox 420 1313 1485 1400; baseline -0.002 -22"><span class='ocrx_word' id='word_1_94' title='bbox 420 1315 582 1392; x_wconf 85' lang='lat' dir='ltr'>stationes,</span> <span class='ocrx_word' id='word_1_95' title='bbox 603 1313 720 1399; x_wconf 90' lang='lat' dir='ltr'>quibus</span> <span class='ocrx_word' id='word_1_96' title='bbox 735 1315 812 1379; x_wconf 86' lang='lat' dir='ltr'>loeis</span> <span class='ocrx_word' id='word_1_97' title='bbox 829 1315 987 1400; x_wconf 84' lang='lat' dir='ltr'>temporib</span> <span class='ocrx_word' id='word_1_98' title='bbox 1048 1337 1088 1380; x_wconf 92' lang='lat' dir='ltr'>ue</span> <span class='ocrx_word' id='word_1_99' title='bbox 1110 1315 1295 1380; x_wconf 80' lang='lat' dir='ltr'>accederent</span> <span class='ocrx_word' id='word_1_100' title='bbox 1318 1315 1485 1399; x_wconf 84' lang='lat' dir='ltr'>reciperent</span> 
     </span>
    </p>

    <p class='ocr_par' dir='ltr' id='par_1_12' title="bbox 420 1400 1485 1484">
     <span class='ocr_line' id='line_1_13' title="bbox 420 1400 1485 1484; baseline -0.003 -20"><span class='ocrx_word' id='word_1_101' title='bbox 420 1420 482 1484; x_wconf 91' lang='lat' dir='ltr'>que</span> <span class='ocrx_word' id='word_1_102' title='bbox 496 1419 574 1478; x_wconf 87' lang='lat' dir='ltr'>sese,</span> <span class='ocrx_word' id='word_1_103' title='bbox 590 1407 782 1464; x_wconf 79' lang='lat' dir='ltr'>sumserunt.</span> <span class='ocrx_word' id='word_1_104' title='bbox 824 1400 878 1464; x_wconf 81' lang='lat' dir='ltr'>Ad</span> <span class='ocrx_word' id='word_1_105' title='bbox 891 1401 1011 1463; x_wconf 77' lang='lat' dir='ltr'>radices</span> <span class='ocrx_word' id='word_1_106' title='bbox 1037 1421 1087 1464; x_wconf 89' lang='lat' dir='ltr'>ere</span> <span class='ocrx_word' id='word_1_107' title='bbox 1101 1401 1200 1479; x_wconf 87' lang='lat' dir='ltr'>collis,</span> <span class='ocrx_word' id='word_1_108' title='bbox 1215 1401 1249 1463; x_wconf 93' lang='lat' dir='ltr'>in</span> <span class='ocrx_word' id='word_1_109' title='bbox 1263 1421 1328 1484; x_wconf 89' lang='lat' dir='ltr'>quo</span> <span class='ocrx_word' id='word_1_110' title='bbox 1342 1400 1445 1484; x_wconf 86' lang='lat' dir='ltr'>posita</span> <span class='ocrx_word' id='word_1_111' title='bbox 1459 1419 1485 1462; x_wconf 76' lang='lat' dir='ltr'>ee</span> 
     </span>
    </p>

    <p class='ocr_par' dir='ltr' id='par_1_13' title="bbox 420 1483 1485 1570">
     <span class='ocr_line' id='line_1_14' title="bbox 420 1483 1485 1570; baseline -0.002 -22"><span class='ocrx_word' id='word_1_112' title='bbox 420 1484 508 1562; x_wconf 87' lang='lat' dir='ltr'>urbs,</span> <span class='ocrx_word' id='word_1_113' title='bbox 529 1483 607 1568; x_wconf 81' lang='lat' dir='ltr'>regii</span> <span class='ocrx_word' id='word_1_114' title='bbox 630 1484 851 1548; x_wconf 81' lang='lat' dir='ltr'>succedebant.</span> <span class='ocrx_word' id='word_1_115' title='bbox 885 1485 931 1548; x_wconf 86' lang='lat' dir='ltr'>ita</span> <span class='ocrx_word' id='word_1_116' title='bbox 951 1485 1050 1548; x_wconf 91' lang='lat' dir='ltr'>libera</span> <span class='ocrx_word' id='word_1_117' title='bbox 1070 1485 1110 1549; x_wconf 93' lang='lat' dir='ltr'>ab</span> <span class='ocrx_word' id='word_1_118' title='bbox 1133 1495 1222 1570; x_wconf 77' lang='lat' dir='ltr'>tergo</span> <span class='ocrx_word' id='word_1_119' title='bbox 1243 1506 1286 1570; x_wconf 92' lang='lat' dir='ltr'>po</span> <span class='ocrx_word' id='word_1_120' title='bbox 1310 1485 1406 1548; x_wconf 89' lang='lat' dir='ltr'>ulatic</span> <span class='ocrx_word' id='word_1_121' title='bbox 1430 1503 1485 1546; x_wconf 65' lang='lat' dir='ltr'>erar</span> 
     </span>
    </p>

    <p class='ocr_par' dir='ltr' id='par_1_14' title="bbox 420 1567 1485 1655">
     <span class='ocr_line' id='line_1_15' title="bbox 420 1567 1485 1655; baseline -0.002 -23"><span class='ocrx_word' id='word_1_122' title='bbox 420 1569 509 1632; x_wconf 93' lang='lat' dir='ltr'>nullo</span> <span class='ocrx_word' id='word_1_123' title='bbox 531 1569 572 1634; x_wconf 85' lang='lat' dir='ltr'>ab</span> <span class='ocrx_word' id='word_1_124' title='bbox 594 1569 683 1646; x_wconf 92' lang='lat' dir='ltr'>urbe,</span> <span class='ocrx_word' id='word_1_125' title='bbox 704 1591 745 1632; x_wconf 89' lang='lat' dir='ltr'>ne</span> <span class='ocrx_word' id='word_1_126' title='bbox 759 1569 793 1632; x_wconf 91' lang='lat' dir='ltr'>in</span> <span class='ocrx_word' id='word_1_127' title='bbox 808 1567 959 1632; x_wconf 84' lang='lat' dir='ltr'>stationes</span> <span class='ocrx_word' id='word_1_128' title='bbox 975 1569 1103 1654; x_wconf 92' lang='lat' dir='ltr'>quidem</span> <span class='ocrx_word' id='word_1_129' title='bbox 1117 1571 1172 1654; x_wconf 93' lang='lat' dir='ltr'>qui</span> <span class='ocrx_word' id='word_1_130' title='bbox 1186 1591 1263 1655; x_wconf 91' lang='lat' dir='ltr'>proc</span> <span class='ocrx_word' id='word_1_131' title='bbox 1307 1569 1485 1655; x_wconf 73' lang='lat' dir='ltr'>jacularetur</span> 
     </span>
    </p>

    <p class='ocr_par' dir='ltr' id='par_1_15' title="bbox 421 1653 1485 1740">
     <span class='ocr_line' id='line_1_16' title="bbox 421 1653 1485 1740; baseline 0 -24"><span class='ocrx_word' id='word_1_132' title='bbox 421 1661 617 1716; x_wconf 84' lang='lat' dir='ltr'>excurrente.</span> <span class='ocrx_word' id='word_1_133' title='bbox 661 1653 834 1736; x_wconf 88' lang='lat' dir='ltr'>Postquam</span> <span class='ocrx_word' id='word_1_134' title='bbox 864 1654 961 1718; x_wconf 90' lang='lat' dir='ltr'>semel</span> <span class='ocrx_word' id='word_1_135' title='bbox 988 1653 1145 1740; x_wconf 87' lang='lat' dir='ltr'>compulsi</span> <span class='ocrx_word' id='word_1_136' title='bbox 1171 1663 1259 1718; x_wconf 90' lang='lat' dir='ltr'>metu</span> <span class='ocrx_word' id='word_1_137' title='bbox 1289 1675 1322 1718; x_wconf 89' lang='lat' dir='ltr'>se</span> <span class='ocrx_word' id='word_1_138' title='bbox 1348 1653 1485 1717; x_wconf 87' lang='lat' dir='ltr'>moenibu</span> 
     </span>
    </p>

    <p class='ocr_par' dir='ltr' id='par_1_16' title="bbox 421 1736 1485 1824">
     <span class='ocr_line' id='line_1_17' title="bbox 421 1736 1485 1824; baseline 0.001 -23"><span class='ocrx_word' id='word_1_139' title='bbox 421 1736 630 1814; x_wconf 72' lang='lat' dir='ltr'>incluserumt,</span> <span class='ocrx_word' id='word_1_140' title='bbox 658 1745 839 1802; x_wconf 76' lang='lat' dir='ltr'>contemtus</span> <span class='ocrx_word' id='word_1_141' title='bbox 867 1759 988 1818; x_wconf 90' lang='lat' dir='ltr'>eorum,</span> <span class='ocrx_word' id='word_1_142' title='bbox 1019 1747 1052 1802; x_wconf 91' lang='lat' dir='ltr'>et</span> <span class='ocrx_word' id='word_1_143' title='bbox 1086 1739 1160 1804; x_wconf 91' lang='lat' dir='ltr'>inde</span> <span class='ocrx_word' id='word_1_144' title='bbox 1190 1739 1390 1824; x_wconf 84' lang='lat' dir='ltr'>negligentia,</span> <span class='ocrx_word' id='word_1_145' title='bbox 1423 1760 1485 1822; x_wconf 90' lang='lat' dir='ltr'>apu</span> 
     </span>
    </p>

    <p class='ocr_par' dir='ltr' id='par_1_17' title="bbox 422 1821 1485 1993">
     <span class='ocr_line' id='line_1_18' title="bbox 422 1821 1485 1993; baseline 0 -23"><span class='ocrx_word' id='word_1_146' title='bbox 422 1821 1319 1990; x_wconf 59' lang='lat' dir='ltr'>tttttttt‘tttt⁸ttttst⁰ttttt²tttt⁰³</span> <span class='ocrx_word' id='word_1_147' title='bbox 1350 1823 1485 1993; x_wconf 66' lang='lat' dir='ltr'>{tlt</span> 
     </span>
    </p>

    <p class='ocr_par' dir='ltr' id='par_1_18' title="bbox 615 1951 1485 1988">
     <span class='ocr_line' id='line_1_19' title="bbox 615 1951 1485 1988; baseline 0 -18"><span class='ocrx_word' id='word_1_148' title='bbox 615 1951 623 1970; x_wconf 91' lang='lat'>.</span> <span class='ocrx_word' id='word_1_149' title='bbox 1257 1955 1267 1988; x_wconf 89' lang='lat'>,</span> <span class='ocrx_word' id='word_1_150' title='bbox 1484 1963 1485 1970; x_wconf 71' lang='grc'>,</span> 
     </span>
    </p>

    <p class='ocr_par' dir='ltr' id='par_1_19' title="bbox 423 1993 1485 2172">
     <span class='ocr_line' id='line_1_20' title="bbox 423 1993 1485 2172; baseline 0.003 -35"><span class='ocrx_word' id='word_1_151' title='bbox 423 1997 753 2172; x_wconf 62' lang='lat' dir='ltr'>ttttttttt</span> <span class='ocrx_word' id='word_1_152' title='bbox 766 1993 1379 2162; x_wconf 59' lang='lat' dir='ltr'>lii⁸¹v¹ls⁰ei¹tl⁰tui⁰lsiii⁰lffl</span> <span class='ocrx_word' id='word_1_153' title='bbox 1398 1993 1485 2141; x_wconf 64' lang='lat' dir='ltr'>tlt</span> 
     </span>
    </p>

    <p class='ocr_par' dir='ltr' id='par_1_20' title="bbox 424 2160 1485 2248">
     <span class='ocr_line' id='line_1_21' title="bbox 424 2160 1485 2248; baseline 0.002 -26"><span class='ocrx_word' id='word_1_154' title='bbox 424 2169 519 2223; x_wconf 75' lang='lat' dir='ltr'>etiam</span> <span class='ocrx_word' id='word_1_155' title='bbox 546 2160 646 2224; x_wconf 84' lang='lat' dir='ltr'>strati.</span> <span class='ocrx_word' id='word_1_156' title='bbox 691 2161 772 2226; x_wconf 87' lang='lat' dir='ltr'>Haec</span> <span class='ocrx_word' id='word_1_157' title='bbox 796 2161 982 2247; x_wconf 86' lang='lat' dir='ltr'>Diophanes</span> <span class='ocrx_word' id='word_1_158' title='bbox 1008 2163 1133 2227; x_wconf 85' lang='lat' dir='ltr'>exalta</span> <span class='ocrx_word' id='word_1_159' title='bbox 1156 2165 1235 2228; x_wconf 89' lang='lat' dir='ltr'>urbe</span> <span class='ocrx_word' id='word_1_160' title='bbox 1261 2165 1412 2248; x_wconf 82' lang='lat' dir='ltr'>Pergamo</span> <span class='ocrx_word' id='word_1_161' title='bbox 1436 2184 1485 2225; x_wconf 86' lang='lat' dir='ltr'>cor</span> 
     </span>
    </p>

    <p class='ocr_par' dir='ltr' id='par_1_21' title="bbox 423 2243 1485 2346">
     <span class='ocr_line' id='line_1_22' title="bbox 423 2243 1485 2346; baseline -0.001 -36"><span class='ocrx_word' id='word_1_162' title='bbox 423 2243 607 2330; x_wconf 86' lang='lat' dir='ltr'>templatus,</span> <span class='ocrx_word' id='word_1_163' title='bbox 629 2267 716 2310; x_wconf 88' lang='lat' dir='ltr'>arma</span> <span class='ocrx_word' id='word_1_164' title='bbox 730 2267 805 2311; x_wconf 83' lang='lat' dir='ltr'>suos</span> <span class='ocrx_word' id='word_1_165' title='bbox 820 2269 942 2333; x_wconf 88' lang='lat' dir='ltr'>capere,</span> <span class='ocrx_word' id='word_1_166' title='bbox 963 2248 1050 2312; x_wconf 90' lang='lat' dir='ltr'>etad</span> <span class='ocrx_word' id='word_1_167' title='bbox 1059 2247 1174 2333; x_wconf 75' lang='lat' dir='ltr'>jussad</span> <span class='ocrx_word' id='word_1_168' title='bbox 1188 2258 1306 2346; x_wconf 81' lang='lat' dir='ltr'>praesto</span> <span class='ocrx_word' id='word_1_169' title='bbox 1319 2269 1388 2311; x_wconf 90' lang='lat' dir='ltr'>esse</span> <span class='ocrx_word' id='word_1_170' title='bbox 1398 2247 1485 2332; x_wconf 82' lang='lat' dir='ltr'>jubet</span> 
     </span>
    </p>

    <p class='ocr_par' dir='ltr' id='par_1_22' title="bbox 424 2329 1485 2416">
     <span class='ocr_line' id='line_1_23' title="bbox 424 2329 1485 2416; baseline 0 -22"><span class='ocrx_word' id='word_1_171' title='bbox 424 2329 492 2416; x_wconf 84' lang='lat' dir='ltr'>ipae</span> <span class='ocrx_word' id='word_1_172' title='bbox 507 2331 653 2394; x_wconf 83' lang='lat' dir='ltr'>Attalum</span> <span class='ocrx_word' id='word_1_173' title='bbox 668 2331 755 2412; x_wconf 89' lang='lat' dir='ltr'>adiit,</span> <span class='ocrx_word' id='word_1_174' title='bbox 769 2331 849 2396; x_wconf 89' lang='lat' dir='ltr'>etin</span> <span class='ocrx_word' id='word_1_175' title='bbox 864 2333 969 2397; x_wconf 87' lang='lat' dir='ltr'>animo</span> <span class='ocrx_word' id='word_1_176' title='bbox 983 2332 1044 2397; x_wconf 83' lang='lat' dir='ltr'>sibi</span> <span class='ocrx_word' id='word_1_177' title='bbox 1055 2353 1124 2397; x_wconf 82' lang='lat' dir='ltr'>esee</span> <span class='ocrx_word' id='word_1_178' title='bbox 1137 2333 1227 2412; x_wconf 81' lang='lat' dir='ltr'>dixit,</span> <span class='ocrx_word' id='word_1_179' title='bbox 1242 2333 1382 2398; x_wconf 85' lang='lat' dir='ltr'>bostium</span> <span class='ocrx_word' id='word_1_180' title='bbox 1403 2333 1485 2395; x_wconf 70' lang='lat' dir='ltr'>stati«</span> 
     </span>
    </p>

    <p class='ocr_par' dir='ltr' id='par_1_23' title="bbox 424 2416 1485 2503">
     <span class='ocr_line' id='line_1_24' title="bbox 424 2416 1485 2503; baseline 0.002 -25"><span class='ocrx_word' id='word_1_181' title='bbox 424 2436 499 2478; x_wconf 90' lang='lat' dir='ltr'>nem</span> <span class='ocrx_word' id='word_1_182' title='bbox 509 2423 640 2480; x_wconf 89' lang='lat' dir='ltr'>tentare.</span> <span class='ocrx_word' id='word_1_183' title='bbox 663 2417 762 2500; x_wconf 82' lang='lat' dir='ltr'>AEgre</span> <span class='ocrx_word' id='word_1_184' title='bbox 772 2417 806 2480; x_wconf 93' lang='lat' dir='ltr'>id</span> <span class='ocrx_word' id='word_1_185' title='bbox 818 2416 840 2450; x_wconf 81' lang='lat'>‘¹</span> <span class='ocrx_word' id='word_1_186' title='bbox 849 2418 1051 2502; x_wconf 84' lang='lat' dir='ltr'>permittente</span> <span class='ocrx_word' id='word_1_187' title='bbox 1061 2419 1179 2498; x_wconf 87' lang='lat' dir='ltr'>Attalo,</span> <span class='ocrx_word' id='word_1_188' title='bbox 1211 2417 1308 2503; x_wconf 86' lang='lat' dir='ltr'>uippe</span> <span class='ocrx_word' id='word_1_189' title='bbox 1318 2417 1485 2502; x_wconf 75' lang='lat' dir='ltr'>quicentur</span> 
     </span>
    </p>

    <p class='ocr_par' dir='ltr' id='par_1_24' title="bbox 425 2499 1485 2588">
     <span class='ocr_line' id='line_1_25' title="bbox 425 2499 1485 2588; baseline 0.003 -27"><span class='ocrx_word' id='word_1_190' title='bbox 425 2499 586 2582; x_wconf 84' lang='lat' dir='ltr'>equitibus</span> <span class='ocrx_word' id='word_1_191' title='bbox 608 2501 759 2564; x_wconf 87' lang='lat' dir='ltr'>adversus</span> <span class='ocrx_word' id='word_1_192' title='bbox 783 2509 941 2566; x_wconf 86' lang='lat' dir='ltr'>trecentos</span> <span class='ocrx_word' id='word_1_193' title='bbox 949 2513 972 2581; x_wconf 79' lang='lat'>⁸,</span> <span class='ocrx_word' id='word_1_194' title='bbox 993 2503 1078 2566; x_wconf 88' lang='lat' dir='ltr'>mille</span> <span class='ocrx_word' id='word_1_195' title='bbox 1103 2503 1203 2588; x_wconf 90' lang='lat' dir='ltr'>pediti</span> <span class='ocrx_word' id='word_1_196' title='bbox 1226 2524 1264 2566; x_wconf 92' lang='lat' dir='ltr'>us</span> <span class='ocrx_word' id='word_1_197' title='bbox 1288 2510 1485 2586; x_wconf 67' lang='lat' dir='ltr'>cumquotus</span> 
     </span>
    </p>

    <p class='ocr_par' dir='ltr' id='par_1_25' title="bbox 425 2582 1485 2679">
     <span class='ocr_line' id='line_1_26' title="bbox 425 2582 1485 2679; baseline 0.003 -34"><span class='ocrx_word' id='word_1_198' title='bbox 425 2582 565 2679; x_wconf 80' lang='lat' dir='ltr'>millibus</span> <span class='ocrx_word' id='word_1_199' title='bbox 589 2591 807 2667; x_wconf 82' lang='lat' dir='ltr'>pugnaturum</span> <span class='ocrx_word' id='word_1_200' title='bbox 830 2595 981 2666; x_wconf 87' lang='lat' dir='ltr'>cerneret,</span> <span class='ocrx_word' id='word_1_201' title='bbox 1002 2596 1095 2672; x_wconf 92' lang='lat' dir='ltr'>porta</span> <span class='ocrx_word' id='word_1_202' title='bbox 1118 2609 1273 2673; x_wconf 80' lang='lat' dir='ltr'>egressus,</span> <span class='ocrx_word' id='word_1_203' title='bbox 1294 2588 1380 2651; x_wconf 93' lang='lat' dir='ltr'>haud</span> <span class='ocrx_word' id='word_1_204' title='bbox 1401 2609 1485 2672; x_wconf 69' lang='lat' dir='ltr'>proci</span> 
     </span>
    </p>

    <p class='ocr_par' dir='ltr' id='par_1_26' title="bbox 262 2663 1485 2758">
     <span class='ocr_line' id='line_1_27' title="bbox 262 2663 1485 2758; baseline 0.007 -31"><span class='ocrx_word' id='word_1_205' title='bbox 262 2663 341 2712; x_wconf 56' lang='grc' dir='ltr'>ΑΜ</span> <span class='ocrx_word' id='word_1_206' title='bbox 426 2673 562 2729; x_wconf 81' lang='lat' dir='ltr'>statione</span> <span class='ocrx_word' id='word_1_207' title='bbox 584 2666 735 2746; x_wconf 87' lang='lat' dir='ltr'>hostium,</span> <span class='ocrx_word' id='word_1_208' title='bbox 760 2670 957 2735; x_wconf 78' lang='lat' dir='ltr'>occasionem</span> <span class='ocrx_word' id='word_1_209' title='bbox 982 2673 1150 2758; x_wconf 87' lang='lat' dir='ltr'>opperiens</span> <span class='ocrx_word' id='word_1_210' title='bbox 1191 2671 1343 2736; x_wconf 79' lang='lat' dir='ltr'>consedit.</span> <span class='ocrx_word' id='word_1_211' title='bbox 1386 2673 1430 2736; x_wconf 88' lang='lat' dir='ltr'>Et</span> <span class='ocrx_word' id='word_1_212' title='bbox 1459 2693 1485 2754; x_wconf 67' lang='lat' dir='ltr'>qr</span> 
     </span>
    </p>

    <p class='ocr_par' dir='ltr' id='par_1_27' title="bbox 261 2721 1485 2852">
     <span class='ocr_line' id='line_1_28' title="bbox 261 2721 1485 2852; baseline 0.004 -38"><span class='ocrx_word' id='word_1_213' title='bbox 261 2729 397 2852; x_wconf 54' lang='lat' dir='ltr'>ffiffi,</span> <span class='ocrx_word' id='word_1_214' title='bbox 427 2749 572 2834; x_wconf 80' lang='lat' dir='ltr'>Pergami</span> <span class='ocrx_word' id='word_1_215' title='bbox 586 2759 685 2830; x_wconf 88' lang='lat' dir='ltr'>erant,</span> <span class='ocrx_word' id='word_1_216' title='bbox 700 2754 871 2818; x_wconf 88' lang='lat' dir='ltr'>amentiam</span> <span class='ocrx_word' id='word_1_217' title='bbox 884 2756 996 2841; x_wconf 82' lang='lat' dir='ltr'>magis,</span> <span class='ocrx_word' id='word_1_218' title='bbox 1011 2779 1107 2841; x_wconf 89' lang='lat' dir='ltr'>quam</span> <span class='ocrx_word' id='word_1_219' title='bbox 1118 2721 1279 2822; x_wconf 78' lang='lat' dir='ltr'>addaciam</span> <span class='ocrx_word' id='word_1_220' title='bbox 1290 2757 1415 2821; x_wconf 89' lang='lat' dir='ltr'>credere</span> <span class='ocrx_word' id='word_1_221' title='bbox 1426 2777 1485 2820; x_wconf 70' lang='lat' dir='ltr'>ess«</span> 
     </span>
    </p>

    <p class='ocr_par' dir='ltr' id='par_1_28' title="bbox 426 2834 1485 2924">
     <span class='ocr_line' id='line_1_29' title="bbox 426 2834 1485 2924; baseline 0.006 -27"><span class='ocrx_word' id='word_1_222' title='bbox 426 2841 459 2898; x_wconf 89' lang='lat' dir='ltr'>et</span> <span class='ocrx_word' id='word_1_223' title='bbox 471 2834 590 2914; x_wconf 86' lang='lat' dir='ltr'>hostes,</span> <span class='ocrx_word' id='word_1_224' title='bbox 605 2836 779 2924; x_wconf 88' lang='lat' dir='ltr'>paullisper</span> <span class='ocrx_word' id='word_1_225' title='bbox 792 2839 826 2902; x_wconf 90' lang='lat' dir='ltr'>in</span> <span class='ocrx_word' id='word_1_226' title='bbox 838 2861 892 2904; x_wconf 84' lang='lat' dir='ltr'>eos</span> <span class='ocrx_word' id='word_1_227' title='bbox 901 2841 993 2922; x_wconf 88' lang='lat' dir='ltr'>versi,</span> <span class='ocrx_word' id='word_1_228' title='bbox 1009 2851 1046 2906; x_wconf 89' lang='lat' dir='ltr'>ut</span> <span class='ocrx_word' id='word_1_229' title='bbox 1060 2843 1140 2906; x_wconf 93' lang='lat' dir='ltr'>nihil</span> <span class='ocrx_word' id='word_1_230' title='bbox 1154 2843 1272 2906; x_wconf 89' lang='lat' dir='ltr'>moveri</span> <span class='ocrx_word' id='word_1_231' title='bbox 1283 2843 1440 2920; x_wconf 84' lang='lat' dir='ltr'>viderunt,</span> <span class='ocrx_word' id='word_1_232' title='bbox 1455 2863 1485 2904; x_wconf 71' lang='lat' dir='ltr'>n&lt;</span> 
     </span>
    </p>

    <p class='ocr_par' dir='ltr' id='par_1_29' title="bbox 425 2918 1485 3019">
     <span class='ocr_line' id='line_1_30' title="bbox 425 2918 1485 3019; baseline 0.004 -37"><span class='ocrx_word' id='word_1_233' title='bbox 425 2918 488 3004; x_wconf 86' lang='lat' dir='ltr'>ipsi</span> <span class='ocrx_word' id='word_1_234' title='bbox 503 2920 677 3019; x_wconf 77' lang='lat' dir='ltr'>quidquam</span> <span class='ocrx_word' id='word_1_235' title='bbox 690 2943 730 2986; x_wconf 91' lang='lat' dir='ltr'>ex</span> <span class='ocrx_word' id='word_1_236' title='bbox 749 2924 841 2988; x_wconf 85' lang='lat' dir='ltr'>solita</span> <span class='ocrx_word' id='word_1_237' title='bbox 859 2925 943 3011; x_wconf 82' lang='lat' dir='ltr'>neg&#39;</span> <span class='ocrx_word' id='word_1_238' title='bbox 985 2927 1062 3006; x_wconf 85' lang='lat' dir='ltr'>ntia,</span> <span class='ocrx_word' id='word_1_239' title='bbox 1084 2928 1214 3013; x_wconf 86' lang='lat' dir='ltr'>insuper</span> <span class='ocrx_word' id='word_1_240' title='bbox 1234 2927 1328 2992; x_wconf 89' lang='lat' dir='ltr'>ctiam</span> <span class='ocrx_word' id='word_1_241' title='bbox 1350 2927 1485 2990; x_wconf 81' lang='lat' dir='ltr'>eludent</span> 
     </span>
    </p>

    <p class='ocr_par' dir='ltr' id='par_1_30' title="bbox 425 3011 1485 3096">
     <span class='ocr_line' id='line_1_31' title="bbox 425 3011 1485 3096; baseline 0.005 -28"><span class='ocrx_word' id='word_1_242' title='bbox 425 3015 628 3090; x_wconf 77' lang='lat' dir='ltr'>paucitatem,</span> <span class='ocrx_word' id='word_1_243' title='bbox 642 3015 818 3074; x_wconf 82' lang='lat' dir='ltr'>mutarunt.</span> <span class='ocrx_word' id='word_1_244' title='bbox 862 3011 948 3096; x_wconf 91' lang='lat' dir='ltr'>Diop</span> <span class='ocrx_word' id='word_1_245' title='bbox 1013 3031 1047 3074; x_wconf 88' lang='lat' dir='ltr'>es</span> <span class='ocrx_word' id='word_1_246' title='bbox 1073 3013 1197 3096; x_wconf 83' lang='lat' dir='ltr'>quietos</span> <span class='ocrx_word' id='word_1_247' title='bbox 1216 3011 1409 3096; x_wconf 77' lang='lat' dir='ltr'>aliquamdiu</span> <span class='ocrx_word' id='word_1_248' title='bbox 1429 3033 1485 3074; x_wconf 85' lang='lat' dir='ltr'>suc</span> 
     </span>
    </p>

    <p class='ocr_par' dir='ltr' id='par_1_31' title="bbox 425 3090 1485 3267">
     <span class='ocr_line' id='line_1_32' title="bbox 425 3090 1485 3267; baseline 0.007 -31"><span class='ocrx_word' id='word_1_249' title='bbox 425 3090 1485 3267; x_wconf 56' lang='lat' dir='ltr'>tlttttt‘tttffltttttusstuttfi‘tl{utut</span> 
     </span>
    </p>

    <p class='ocr_par' dir='ltr' id='par_1_32' title="bbox 425 3203 1485 3363">
     <span class='ocr_line' id='line_1_33' title="bbox 425 3203 1485 3363; baseline 0.008 -43"><span class='ocrx_word' id='word_1_250' title='bbox 425 3278 494 3320; x_wconf 88' lang='lat' dir='ltr'>rare</span> <span class='ocrx_word' id='word_1_251' title='bbox 517 3269 659 3343; x_wconf 86' lang='lat' dir='ltr'>possent,</span> <span class='ocrx_word' id='word_1_252' title='bbox 682 3263 771 3346; x_wconf 88' lang='lat' dir='ltr'>sequi</span> <span class='ocrx_word' id='word_1_253' title='bbox 789 3263 900 3349; x_wconf 89' lang='lat' dir='ltr'>jussis,</span> <span class='ocrx_word' id='word_1_254' title='bbox 924 3265 993 3363; x_wconf 84' lang='lat' dir='ltr'>ipse</span> <span class='ocrx_word' id='word_1_255' title='bbox 1015 3267 1164 3352; x_wconf 87' lang='lat' dir='ltr'>princeps</span> <span class='ocrx_word' id='word_1_256' title='bbox 1191 3203 1274 3330; x_wconf 73' lang='lat' dir='ltr'>i&#39;nler</span> <span class='ocrx_word' id='word_1_257' title='bbox 1296 3265 1418 3350; x_wconf 85' lang='lat' dir='ltr'>equites</span> <span class='ocrx_word' id='word_1_258' title='bbox 1441 3287 1485 3328; x_wconf 81' lang='lat' dir='ltr'>cu:</span> 
     </span>
    </p>

    <p class='ocr_par' dir='ltr' id='par_1_33' title="bbox 425 3349 1485 3432">
     <span class='ocr_line' id='line_1_34' title="bbox 425 3349 1485 3432; baseline 0.008 -28"><span class='ocrx_word' id='word_1_259' title='bbox 425 3349 532 3406; x_wconf 89' lang='lat' dir='ltr'>turma</span> <span class='ocrx_word' id='word_1_260' title='bbox 546 3365 614 3422; x_wconf 86' lang='lat' dir='ltr'>sua,</span> <span class='ocrx_word' id='word_1_261' title='bbox 629 3365 724 3428; x_wconf 89' lang='lat' dir='ltr'>quam</span> <span class='ocrx_word' id='word_1_262' title='bbox 738 3356 847 3432; x_wconf 87' lang='lat' dir='ltr'>posset</span> <span class='ocrx_word' id='word_1_263' title='bbox 860 3350 1058 3414; x_wconf 84' lang='lat' dir='ltr'>effirsrssimis</span> <span class='ocrx_word' id='word_1_264' title='bbox 1071 3351 1213 3430; x_wconf 89' lang='lat' dir='ltr'>habenis,</span> <span class='ocrx_word' id='word_1_265' title='bbox 1228 3351 1363 3414; x_wconf 87' lang='lat' dir='ltr'>elamore</span> <span class='ocrx_word' id='word_1_266' title='bbox 1374 3350 1415 3414; x_wconf 89' lang='lat' dir='ltr'>ab</span> <span class='ocrx_word' id='word_1_267' title='bbox 1427 3371 1485 3413; x_wconf 79' lang='lat' dir='ltr'>om:</span> 
     </span>
    </p>

    <p class='ocr_par' dir='ltr' id='par_1_34' title="bbox 426 3425 1485 3530">
     <span class='ocr_line' id='line_1_35' title="bbox 426 3425 1485 3530; baseline 0.008 -42"><span class='ocrx_word' id='word_1_268' title='bbox 426 3425 522 3524; x_wconf 72' lang='lat' dir='ltr'>simul</span> <span class='ocrx_word' id='word_1_269' title='bbox 528 3428 634 3513; x_wconf 86' lang='lat' dir='ltr'>pedite</span> <span class='ocrx_word' id='word_1_270' title='bbox 643 3437 738 3514; x_wconf 88' lang='lat' dir='ltr'>atque</span> <span class='ocrx_word' id='word_1_271' title='bbox 747 3433 852 3530; x_wconf 86' lang='lat' dir='ltr'>equite</span> <span class='ocrx_word' id='word_1_272' title='bbox 868 3435 1004 3514; x_wconf 87' lang='lat' dir='ltr'>sublato,</span> <span class='ocrx_word' id='word_1_273' title='bbox 1016 3435 1183 3500; x_wconf 87' lang='lat' dir='ltr'>stationem</span> <span class='ocrx_word' id='word_1_274' title='bbox 1198 3437 1338 3500; x_wconf 86' lang='lat' dir='ltr'>hostium</span> <span class='ocrx_word' id='word_1_275' title='bbox 1353 3436 1485 3520; x_wconf 81' lang='lat' dir='ltr'>inprovi</span> 
     </span>
    </p>

    <p class='ocr_par' dir='ltr' id='par_1_35' title="bbox 425 3511 1485 3608">
     <span class='ocr_line' id='line_1_36' title="bbox 425 3511 1485 3608; baseline 0.008 -33"><span class='ocrx_word' id='word_1_276' title='bbox 425 3511 556 3608; x_wconf 73' lang='lat' dir='ltr'>invadit.</span> <span class='ocrx_word' id='word_1_277' title='bbox 599 3514 675 3578; x_wconf 93' lang='lat' dir='ltr'>Non</span> <span class='ocrx_word' id='word_1_278' title='bbox 698 3517 842 3582; x_wconf 87' lang='lat' dir='ltr'>hommes</span> <span class='ocrx_word' id='word_1_279' title='bbox 864 3519 978 3600; x_wconf 89' lang='lat' dir='ltr'>solum,</span> <span class='ocrx_word' id='word_1_280' title='bbox 1000 3521 1056 3584; x_wconf 90' lang='lat' dir='ltr'>sed</span> <span class='ocrx_word' id='word_1_281' title='bbox 1071 3521 1144 3604; x_wconf 91' lang='lat' dir='ltr'>equi</span> <span class='ocrx_word' id='word_1_282' title='bbox 1166 3521 1260 3584; x_wconf 88' lang='lat' dir='ltr'>etiam</span> <span class='ocrx_word' id='word_1_283' title='bbox 1280 3519 1392 3598; x_wconf 81' lang='lat' dir='ltr'>territi,</span> <span class='ocrx_word' id='word_1_284' title='bbox 1414 3541 1485 3603; x_wconf 93' lang='lat' dir='ltr'>quu</span> 
     </span>
    </p>

    <p class='ocr_par' dir='ltr' id='par_1_36' title="bbox 425 3597 1485 3689">
     <span class='ocr_line' id='line_1_37' title="bbox 425 3597 1485 3689; baseline 0.005 -30"><span class='ocrx_word' id='word_1_285' title='bbox 425 3597 552 3661; x_wconf 79' lang='lat' dir='ltr'>nucula</span> <span class='ocrx_word' id='word_1_286' title='bbox 574 3597 786 3685; x_wconf 83' lang='lat' dir='ltr'>abrupissent,</span> <span class='ocrx_word' id='word_1_287' title='bbox 808 3604 1051 3689; x_wconf 88' lang='lat' dir='ltr'>trepidationem</span> <span class='ocrx_word' id='word_1_288' title='bbox 1073 3614 1106 3670; x_wconf 88' lang='lat' dir='ltr'>et</span> <span class='ocrx_word' id='word_1_289' title='bbox 1130 3605 1306 3670; x_wconf 89' lang='lat' dir='ltr'>tumultum</span> <span class='ocrx_word' id='word_1_290' title='bbox 1326 3605 1410 3668; x_wconf 89' lang='lat' dir='ltr'>inter</span> <span class='ocrx_word' id='word_1_291' title='bbox 1440 3625 1485 3667; x_wconf 59' lang='lat' dir='ltr'>sur</span> 
     </span>
    </p>

    <p class='ocr_par' dir='ltr' id='par_1_37' title="bbox 425 3679 1485 3775">
     <span class='ocr_line' id='line_1_38' title="bbox 425 3679 1485 3775; baseline 0.008 -33"><span class='ocrx_word' id='word_1_292' title='bbox 425 3679 568 3746; x_wconf 85' lang='lat' dir='ltr'>fecerunt</span> <span class='ocrx_word' id='word_1_293' title='bbox 576 3708 586 3763; x_wconf 84' lang='lat'>3</span> <span class='ocrx_word' id='word_1_294' title='bbox 601 3685 694 3769; x_wconf 90' lang='lat' dir='ltr'>pauci</span> <span class='ocrx_word' id='word_1_295' title='bbox 709 3688 836 3752; x_wconf 87' lang='lat' dir='ltr'>stabant</span> <span class='ocrx_word' id='word_1_296' title='bbox 850 3689 882 3752; x_wconf 92' lang='lat' dir='ltr'>in</span> <span class='ocrx_word' id='word_1_297' title='bbox 907 3689 990 3753; x_wconf 88' lang='lat' dir='ltr'>avidi</span> <span class='ocrx_word' id='word_1_298' title='bbox 1004 3689 1095 3775; x_wconf 85' lang='lat' dir='ltr'>equi:</span> <span class='ocrx_word' id='word_1_299' title='bbox 1117 3711 1171 3753; x_wconf 88' lang='lat' dir='ltr'>ecs</span> <span class='ocrx_word' id='word_1_300' title='bbox 1185 3691 1273 3775; x_wconf 84' lang='lat' dir='ltr'>ipsos</span> <span class='ocrx_word' id='word_1_301' title='bbox 1286 3711 1351 3754; x_wconf 90' lang='lat' dir='ltr'>non</span> <span class='ocrx_word' id='word_1_302' title='bbox 1365 3698 1485 3752; x_wconf 72' lang='lat' dir='ltr'>sterne]</span> 
     </span>
    </p>
   </div>
   <div class='ocr_carea' id='block_1_3' title="bbox 425 3765 1485 3860">
    <p class='ocr_par' dir='ltr' id='par_1_38' title="bbox 425 3765 1485 3860">
     <span class='ocr_line' id='line_1_39' title="bbox 425 3765 1485 3860; baseline 0.009 -34"><span class='ocrx_word' id='word_1_303' title='bbox 425 3785 493 3828; x_wconf 92' lang='lat' dir='ltr'>non</span> <span class='ocrx_word' id='word_1_304' title='bbox 506 3765 671 3850; x_wconf 85' lang='lat' dir='ltr'>infrenare,</span> <span class='ocrx_word' id='word_1_305' title='bbox 685 3777 741 3835; x_wconf 90' lang='lat' dir='ltr'>aut</span> <span class='ocrx_word' id='word_1_306' title='bbox 754 3773 869 3836; x_wconf 90' lang='lat' dir='ltr'>adscen</span> <span class='ocrx_word' id='word_1_307' title='bbox 893 3795 943 3838; x_wconf 89' lang='lat' dir='ltr'>ere</span> <span class='ocrx_word' id='word_1_308' title='bbox 958 3773 1048 3840; x_wconf 82' lang='lat' dir='ltr'>facile</span> <span class='ocrx_word' id='word_1_309' title='bbox 1062 3783 1219 3860; x_wconf 88' lang='lat' dir='ltr'>poterant,</span> <span class='ocrx_word' id='word_1_310' title='bbox 1235 3773 1337 3838; x_wconf 88' lang='lat' dir='ltr'>multo</span> <span class='ocrx_word' id='word_1_311' title='bbox 1351 3774 1485 3859; x_wconf 84' lang='lat' dir='ltr'>majorer</span> 
     </span>
    </p>
   </div>
   <div class='ocr_carea' id='block_1_4' title="bbox 549 3901 1386 4034">
    <p class='ocr_par' dir='ltr' id='par_1_39' title="bbox 549 3901 1386 4034">
     <span class='ocr_line' id='line_1_40' title="bbox 549 3901 1386 3970; baseline -0.013 -6"><span class='ocrx_word' id='word_1_312' title='bbox 549 3901 680 3964; x_wconf 57' lang='lat' dir='ltr'>‘J&#39;Wllss</span> <span class='ocrx_word' id='word_1_313' title='bbox 691 3907 764 3953; x_wconf 70' lang='lat' dir='ltr'>Gwn·</span> <span class='ocrx_word' id='word_1_314' title='bbox 777 3907 845 3954; x_wconf 66' lang='lat' dir='ltr'>Cret·</span> <span class='ocrx_word' id='word_1_315' title='bbox 1037 3905 1150 3970; x_wconf 61' lang='lat' dir='ltr'>“portare</span> <span class='ocrx_word' id='word_1_316' title='bbox 1163 3909 1227 3956; x_wconf 71' lang='lat' dir='ltr'>llud.</span> <span class='ocrx_word' id='word_1_317' title='bbox 1239 3923 1292 3956; x_wconf 87' lang='lat' dir='ltr'>cum</span> <span class='ocrx_word' id='word_1_318' title='bbox 1306 3909 1386 3955; x_wconf 78' lang='lat' dir='ltr'>Bekis.</span> 
     </span>
     <span class='ocr_line' id='line_1_41' title="bbox 787 3972 1120 4034; baseline 0.006 -16"><span class='ocrx_word' id='word_1_319' title='bbox 787 3977 924 4020; x_wconf 68' lang='lat' dir='ltr'>&#39;ramses</span> <span class='ocrx_word' id='word_1_320' title='bbox 935 3972 1030 4034; x_wconf 78' lang='lat' dir='ltr'>Kreyss.</span> <span class='ocrx_word' id='word_1_321' title='bbox 1043 3973 1120 4020; x_wconf 82' lang='lat' dir='ltr'>Bskk.</span> 
     </span>
    </p>
   </div>
   <div class='ocr_carea' id='block_1_5' title="bbox 199 4073 1485 4587">
    <p class='ocr_par' dir='ltr' id='par_1_40' title="bbox 199 4073 1485 4587">
     <span class='ocr_line' id='line_1_42' title="bbox 293 4073 1485 4152; baseline 0.008 -32"><span class='ocrx_word' id='word_1_322' title='bbox 293 4073 326 4121; x_wconf 79' lang='grc'>60</span> <span class='ocrx_word' id='word_1_323' title='bbox 342 4073 620 4152; x_wconf 58' lang='grc' dir='ltr'>ῌοιζωάᾰναηψαικη]</span> <span class='ocrx_word' id='word_1_324' title='bbox 634 4081 692 4127; x_wconf 85' lang='lat' dir='ltr'>Deis</span> <span class='ocrx_word' id='word_1_325' title='bbox 700 4095 786 4129; x_wconf 85' lang='lat' dir='ltr'>nomen</span> <span class='ocrx_word' id='word_1_326' title='bbox 798 4083 871 4140; x_wconf 87' lang='lat' dir='ltr'>urbis,</span> <span class='ocrx_word' id='word_1_327' title='bbox 904 4084 1001 4144; x_wconf 77' lang='lat' dir='ltr'>huiusce</span> <span class='ocrx_word' id='word_1_328' title='bbox 1024 4085 1099 4145; x_wconf 87' lang='lat' dir='ltr'>ipsius</span> <span class='ocrx_word' id='word_1_329' title='bbox 1123 4085 1206 4144; x_wconf 84' lang='lat' dir='ltr'>capitia</span> <span class='ocrx_word' id='word_1_330' title='bbox 1235 4084 1311 4131; x_wconf 81' lang='lat' dir='ltr'>infra:</span> <span class='ocrx_word' id='word_1_331' title='bbox 1344 4099 1389 4130; x_wconf 80' lang='lat' dir='ltr'>aas</span> <span class='ocrx_word' id='word_1_332' title='bbox 1417 4091 1485 4130; x_wconf 77' lang='lat' dir='ltr'>stem</span> 
     </span>
     <span class='ocr_line' id='line_1_43' title="bbox 261 4139 1485 4210; baseline 0.008 -27"><span class='ocrx_word' id='word_1_333' title='bbox 261 4139 325 4198; x_wconf 84' lang='lat' dir='ltr'>qaod</span> <span class='ocrx_word' id='word_1_334' title='bbox 335 4139 374 4185; x_wconf 85' lang='lat' dir='ltr'>bre</span> <span class='ocrx_word' id='word_1_335' title='bbox 384 4143 585 4201; x_wconf 80' lang='lat' dir='ltr'>interpretamenti</span> <span class='ocrx_word' id='word_1_336' title='bbox 600 4145 650 4190; x_wconf 84' lang='lat' dir='ltr'>loca</span> <span class='ocrx_word' id='word_1_337' title='bbox 666 4146 779 4203; x_wconf 82' lang='lat' dir='ltr'>additum,</span> <span class='ocrx_word' id='word_1_338' title='bbox 791 4155 872 4206; x_wconf 77' lang='lat' dir='ltr'>postea</span> <span class='ocrx_word' id='word_1_339' title='bbox 904 4145 1008 4209; x_wconf 77' lang='grc' dir='ltr'><strong>(οιμιοι),</strong></span> <span class='ocrx_word' id='word_1_340' title='bbox 1019 4163 1062 4194; x_wconf 82' lang='lat' dir='ltr'>aes</span> <span class='ocrx_word' id='word_1_341' title='bbox 1079 4145 1195 4210; x_wconf 67' lang='lat' dir='ltr'>{afemore</span> <span class='ocrx_word' id='word_1_342' title='bbox 1205 4155 1246 4196; x_wconf 82' lang='lat' dir='ltr'>sat</span> <span class='ocrx_word' id='word_1_343' title='bbox 1256 4149 1376 4196; x_wconf 58' lang='lat' dir='ltr'>mandere</span> <span class='ocrx_word' id='word_1_344' title='bbox 1382 4144 1459 4208; x_wconf 79' lang='lat' dir='ltr'>facile</span> <span class='ocrx_word' id='word_1_345' title='bbox 1469 4163 1485 4207; x_wconf 82' lang='lat' dir='ltr'>p</span> 
     </span>
     <span class='ocr_line' id='line_1_44' title="bbox 261 4203 1485 4278; baseline 0.005 -28"><span class='ocrx_word' id='word_1_346' title='bbox 261 4217 312 4278; x_wconf 71' lang='lat' dir='ltr'>sese</span> <span class='ocrx_word' id='word_1_347' title='bbox 331 4203 356 4250; x_wconf 86' lang='lat' dir='ltr'>ln</span> <span class='ocrx_word' id='word_1_348' title='bbox 378 4213 513 4252; x_wconf 77' lang='lat' dir='ltr'>contextum</span> <span class='ocrx_word' id='word_1_349' title='bbox 532 4207 611 4266; x_wconf 83' lang='lat' dir='ltr'>inepte</span> <span class='ocrx_word' id='word_1_350' title='bbox 632 4208 766 4256; x_wconf 79' lang='lat' dir='ltr'>insinuavit.</span> <span class='ocrx_word' id='word_1_351' title='bbox 808 4211 871 4257; x_wconf 84' lang='lat' dir='ltr'>illud</span> <span class='ocrx_word' id='word_1_352' title='bbox 903 4219 976 4259; x_wconf 66' lang='lat' dir='ltr'>erest.</span> <span class='ocrx_word' id='word_1_353' title='bbox 1010 4213 1087 4258; x_wconf 85' lang='lat' dir='ltr'>Verbo</span> <span class='ocrx_word' id='word_1_354' title='bbox 1097 4209 1213 4272; x_wconf 69' lang='lat' dir='ltr'>infrenare</span> <span class='ocrx_word' id='word_1_355' title='bbox 1228 4227 1284 4258; x_wconf 82' lang='lat' dir='ltr'>unu</span> <span class='ocrx_word' id='word_1_356' title='bbox 1298 4227 1393 4272; x_wconf 84' lang='lat' dir='ltr'>quoque</span> <span class='ocrx_word' id='word_1_357' title='bbox 1407 4211 1485 4270; x_wconf 72' lang='lat' dir='ltr'>virgil</span> 
     </span>
     <span class='ocr_line' id='line_1_45' title="bbox 261 4267 1485 4332; baseline 0.008 -20"><span class='ocrx_word' id='word_1_358' title='bbox 261 4267 349 4314; x_wconf 74' lang='lat' dir='ltr'>omittit</span> <span class='ocrx_word' id='word_1_359' title='bbox 360 4267 477 4327; x_wconf 71' lang='lat' dir='ltr'>Sigonius,</span> <span class='ocrx_word' id='word_1_360' title='bbox 489 4277 547 4316; x_wconf 82' lang='lat' dir='ltr'>teste</span> <span class='ocrx_word' id='word_1_361' title='bbox 561 4271 671 4318; x_wconf 84' lang='lat' dir='ltr'>lisamic.</span> <span class='ocrx_word' id='word_1_362' title='bbox 902 4283 945 4331; x_wconf 81' lang='lat' dir='ltr'>est,</span> <span class='ocrx_word' id='word_1_363' title='bbox 959 4277 1013 4322; x_wconf 76' lang='lat' dir='ltr'>AEn.</span> <span class='ocrx_word' id='word_1_364' title='bbox 1025 4277 1041 4322; x_wconf 89' lang='lat' dir='ltr'>l.</span> <span class='ocrx_word' id='word_1_365' title='bbox 1050 4277 1106 4322; x_wconf 78' lang='lat' dir='ltr'>xil.</span> <span class='ocrx_word' id='word_1_366' title='bbox 1119 4291 1140 4322; x_wconf 84' lang='lat' dir='ltr'>v.</span> <span class='ocrx_word' id='word_1_367' title='bbox 1152 4277 1208 4332; x_wconf 74' lang='lat'>287,</span> <span class='ocrx_word' id='word_1_368' title='bbox 1219 4283 1244 4323; x_wconf 82' lang='lat' dir='ltr'>et</span> <span class='ocrx_word' id='word_1_369' title='bbox 1256 4275 1315 4322; x_wconf 78' lang='lat' dir='ltr'>run.</span> <span class='ocrx_word' id='word_1_370' title='bbox 1327 4276 1343 4321; x_wconf 88' lang='lat'>1.</span> <span class='ocrx_word' id='word_1_371' title='bbox 1355 4275 1400 4322; x_wconf 85' lang='lat' dir='ltr'>lx.</span> <span class='ocrx_word' id='word_1_372' title='bbox 1412 4291 1432 4322; x_wconf 84' lang='lat' dir='ltr'>c.</span> <span class='ocrx_word' id='word_1_373' title='bbox 1444 4276 1485 4331; x_wconf 78' lang='lat'>31,</span> 
     </span>
     <span class='ocr_line' id='line_1_46' title="bbox 199 4327 1101 4396; baseline 0.012 -20"><span class='ocrx_word' id='word_1_374' title='bbox 199 4371 201 4376; x_wconf 93' lang='lat'><em>.</em></span> <span class='ocrx_word' id='word_1_375' title='bbox 294 4329 323 4378; x_wconf 79' lang='lat' dir='ltr'>cl</span> <span class='ocrx_word' id='word_1_376' title='bbox 342 4327 483 4394; x_wconf 71' lang='lat' dir='ltr'>lssresatcr]</span> <span class='ocrx_word' id='word_1_377' title='bbox 507 4331 570 4380; x_wconf 79' lang='lat' dir='ltr'>Nota</span> <span class='ocrx_word' id='word_1_378' title='bbox 589 4335 627 4380; x_wconf 86' lang='lat' dir='ltr'>bie</span> <span class='ocrx_word' id='word_1_379' title='bbox 645 4331 870 4396; x_wconf 68' lang='lat' dir='ltr'>hfrmecdem</span> <span class='ocrx_word' id='word_1_380' title='bbox 902 4339 1101 4386; x_wconf 60' lang='lat' dir='ltr'>lxxxuel.</span> 
     </span>
     <span class='ocr_line' id='line_1_47' title="bbox 261 4393 1485 4470; baseline 0.008 -30"><span class='ocrx_word' id='word_1_381' title='bbox 261 4407 339 4446; x_wconf 78' lang='lat' dir='ltr'>sensu</span> <span class='ocrx_word' id='word_1_382' title='bbox 348 4393 515 4470; x_wconf 65' lang='lat' dir='ltr'>paosmerce,</span> <span class='ocrx_word' id='word_1_383' title='bbox 527 4399 633 4458; x_wconf 77' lang='lat' dir='ltr'>quamde</span> <span class='ocrx_word' id='word_1_384' title='bbox 643 4400 659 4444; x_wconf 92' lang='lat'>1.</span> <span class='ocrx_word' id='word_1_385' title='bbox 671 4399 736 4446; x_wconf 80' lang='lat' dir='ltr'>XXI.</span> <span class='ocrx_word' id='word_1_386' title='bbox 746 4413 766 4446; x_wconf 87' lang='lat' dir='ltr'>r.</span> <span class='ocrx_word' id='word_1_387' title='bbox 777 4401 816 4457; x_wconf 75' lang='grc'>44,</span> <span class='ocrx_word' id='word_1_388' title='bbox 827 4415 870 4462; x_wconf 83' lang='lat' dir='ltr'>op·</span> <span class='ocrx_word' id='word_1_389' title='bbox 934 4403 967 4450; x_wconf 74' lang='grc'>62</span> <span class='ocrx_word' id='word_1_390' title='bbox 983 4405 1132 4451; x_wconf 66' lang='lat' dir='ltr'>Feratenses</span> <span class='ocrx_word' id='word_1_391' title='bbox 1150 4399 1244 4464; x_wconf 77' lang='lat' dir='ltr'>Attalo]</span> <span class='ocrx_word' id='word_1_392' title='bbox 1263 4403 1371 4449; x_wconf 75' lang='lat' dir='ltr'>Andron</span> <span class='ocrx_word' id='word_1_393' title='bbox 1386 4407 1485 4463; x_wconf 76' lang='lat' dir='ltr'>penates</span> 
     </span>
     <span class='ocr_line' id='line_1_48' title="bbox 261 4458 1485 4532; baseline 0.007 -29"><span class='ocrx_word' id='word_1_394' title='bbox 261 4466 366 4532; x_wconf 69' lang='lat' dir='ltr'>ppsuent</span> <span class='ocrx_word' id='word_1_395' title='bbox 384 4463 471 4520; x_wconf 70' lang='lat' dir='ltr'>equites</span> <span class='ocrx_word' id='word_1_396' title='bbox 482 4458 595 4520; x_wconf 69' lang='lat' dir='ltr'>frenator,</span> <span class='ocrx_word' id='word_1_397' title='bbox 613 4471 636 4509; x_wconf 84' lang='lat' dir='ltr'>et</span> <span class='ocrx_word' id='word_1_398' title='bbox 655 4461 786 4524; x_wconf 68' lang='lat' dir='ltr'>bsecrans.</span> <span class='ocrx_word' id='word_1_399' title='bbox 821 4466 871 4512; x_wconf 77' lang='lat' dir='ltr'>Nee</span> <span class='ocrx_word' id='word_1_400' title='bbox 902 4467 1014 4515; x_wconf 74' lang='lat' dir='ltr'>Attalea.-</span> <span class='ocrx_word' id='word_1_401' title='bbox 1030 4468 1093 4528; x_wconf 85' lang='lat' dir='ltr'>quod</span> <span class='ocrx_word' id='word_1_402' title='bbox 1105 4481 1151 4515; x_wconf 88' lang='lat' dir='ltr'>non</span> <span class='ocrx_word' id='word_1_403' title='bbox 1163 4468 1282 4515; x_wconf 85' lang='lat' dir='ltr'>immerito</span> <span class='ocrx_word' id='word_1_404' title='bbox 1293 4468 1381 4528; x_wconf 82' lang='lat' dir='ltr'>placuit</span> <span class='ocrx_word' id='word_1_405' title='bbox 1391 4469 1485 4516; x_wconf 66' lang='lat' dir='ltr'>Gronor</span> 
     </span>
     <span class='ocr_line' id='line_1_49' title="bbox 262 4523 871 4587; baseline 0.025 -24"><span class='ocrx_word' id='word_1_406' title='bbox 262 4527 368 4567; x_wconf 71' lang='lat' dir='ltr'>utrorum</span> <span class='ocrx_word' id='word_1_407' title='bbox 387 4523 426 4570; x_wconf 85' lang='lat' dir='ltr'>hie</span> <span class='ocrx_word' id='word_1_408' title='bbox 445 4537 495 4571; x_wconf 82' lang='lat' dir='ltr'>esse</span> <span class='ocrx_word' id='word_1_409' title='bbox 514 4539 592 4573; x_wconf 81' lang='lat' dir='ltr'>rocem</span> <span class='ocrx_word' id='word_1_410' title='bbox 614 4530 713 4587; x_wconf 78' lang='lat' dir='ltr'>probant</span> <span class='ocrx_word' id='word_1_411' title='bbox 732 4529 782 4575; x_wconf 70' lang='lat' dir='ltr'>hac</span> <span class='ocrx_word' id='word_1_412' title='bbox 799 4529 871 4577; x_wconf 79' lang='lat' dir='ltr'>verbs</span> 
     </span>
    </p>
   </div>
   <div class='ocr_carea' id='block_1_6' title="bbox 0 0 1557 4954">
    <p class='ocr_par' dir='ltr' id='par_1_41' title="bbox 0 0 1557 4954">
     <span class='ocr_line' id='line_1_50' title="bbox 0 0 1557 4954; baseline 0 0"><span class='ocrx_word' id='word_1_413' title='bbox 0 0 1557 4954; x_wconf 95' lang='lat' dir='ltr'> </span> 
     </span>
    </p>
   </div>
  </div>
 </body>
</html>
