3086 4952
843 243 936 312 'II'I'I
968 243 1083 312 LlVlI

356 402 377 451 1.
405 399 546 478 dardano,
563 415 628 462 sese
652 397 836 461 iaelmmt?
888 396 953 459 Sed
974 415 1068 476 aeque
1092 395 1277 458 Antiochum
1305 393 1462 459 “tuebare

358 467 377 515 ¹·
405 482 579 568 aspratioe‘,
599 503 654 546 nec
677 482 801 544 AEtolor
818 482 946 544 vertices
969 481 1027 558 illi,
1046 499 1120 561 quos
1139 486 1291 560 capsum
1336 481 1434 544 Satis
1460 507 1462 538 r

406 571 496 652 dique
511 569 669 650 proauum
680 571 792 648 stow
803 571 995 647 peccatum
1017 571 1073 642 eu,
1090 585 1129 627 ao
1146 565 1222 646 mid
1232 565 1391 664 'adversere
1409 587 1462 628 vos

407 841 752 972 &affirmem
760 819 1462 984 “mmmm

403 993 571 1142 tritt
584 996 717 1156 '’tttt
730 1005 1065 1154 maim
1084 989 1462 1154 Zb'iiiieimlffaft

412 1167 617 1242 suspectatur,
623 1157 899 1241 pradafistomm:
922 1117 1462 1238 AsiamdeiadeSyriomque,etomr

410 1267 504 1328 usque
516 1246 559 1308 od
575 1251 661 1308 ortus
682 1245 755 1306 solis
775 1242 927 1306 uenam
939 1261 1034 1324 reposo
1045 1243 1170 1322 imperio
1181 1241 1319 1304 Romam
1334 1249 1462 1322 apertur

416 1331 499 1403 Quid
515 1330 622 1393 Modo
639 1329 748 1406 oberit,
760 1329 834 1410 quia
852 1327 891 1390 ab
912 1327 1048 1388 Gaditrss
1064 1326 1107 1388 od
1123 1327 1374 1388 “ororerutrum
1389 1328 1462 1388 Ocea

407 1414 488 1497 fiaes
512 1415 714 1491 terminemus,
734 1413 786 1494 qui
810 1412 911 1474 orbern
933 1417 1086 1473 toranus
1113 1411 1254 1491 amplexu
1264 1410 1351 1490 finit,
1374 1417 1406 1472 et
1425 1431 1462 1474 oo

413 1502 576 1563 tumorum
601 1517 698 1581 pensu
726 1496 888 1558 secundum
905 1495 988 1558 Deos
1013 1515 1120 1558 nomen
1133 1495 1303 1557 Romammr
1319 1503 1462 1558 veneratu

413 1585 453 1646 Ire
469 1587 533 1647 tec
562 1589 649 1646 torto
674 1581 806 1663 premio
835 1579 942 1661 datos
960 1586 1075 1660 parate
1093 1580 1218 1656 animos,
1237 1585 1272 1642 ot
1291 1581 1462 1642 crostiooe

413 1667 674 1748 benejuoontitus
688 1666 769 1742 Diis,
789 1665 855 1728 acie
872 1665 1076 1726 decertamus

252 1759 376 1821 rogasso
459 1749 590 1816 XVIII.
611 1749 664 1814 Ab
688 1750 747 1811 hac
770 1747 921 1812 concione
942 1747 1063 1810 dimissi
1085 1745 1211 1824 milites,
1230 1747 1419 1832 priusquam
1442 1769 1462 1810 c

251 1825 401 1934 {zmil
415 1856 495 1920 pora
504 1841 660 1912 curarent,
671 1853 758 1896 arma
770 1831 895 1916 telaque
909 1840 1032 1916 parant.
1054 1832 1142 1894 Luce
1156 1831 1268 1916 prima,
1284 1832 1376 1916 signo
1389 1854 1462 1917 pug

416 1917 590 2004 proposito,
615 1917 745 1981 instruit
764 1917 863 1980 aciem
886 1915 1008 1994 consul,
1027 1923 1096 1979 arta
1113 1917 1227 1994 fronte,
1248 1917 1289 1980 ad
1308 1925 1457 1979 naturam

416 2001 579 2088 angustias
593 2002 663 2066 loci.
708 2003 787 2080 Rex,
852 2007 979 2084 siquam
1001 2000 1092 2084 signa
1118 2001 1258 2064 hostium
1280 2002 1458 2085 conspexit,

415 2087 485 2187 ipse
505 2087 612 2236 copias
630 2085 740 2150 eduxit
747 2087 772 2150 ¹¹.
808 2023 911 2150 bens
929 2094 1097 2148 amatura
1110 2094 1232 2170 partem
1250 2093 1324 2148 ante
1336 2086 1457 2148 vallum

417 2195 520 2259 pnmo
549 2172 671 2237 ocavite
693 2179 764 2235 turn
781 2169 1025 2234 “Macedonum
1046 2169 1153 2248 robur,
1167 2191 1248 2254 quos
1268 2169 1462 2255 Sarissoplro]

417 2257 628 2357 adpellabant,
643 2256 731 2321 velut
744 2257 979 2319 firmamentum
994 2254 1169 2339 clrcaipsas
1184 2254 1376 2318 munitiones
1391 2277 1462 2318 cont

417 2351 490 2406 tuit.
511 2343 562 2406 his
582 2343 623 2407 ab
642 2341 770 2405 sinistro
790 2361 890 2404 cornu
909 2339 1122 2423 joculatorum
1150 2339 1446 2423 sagittariorumque

418 2427 616 2490 funditorum
636 2446 768 2488 manum
785 2425 847 2487 sub
866 2423 945 2508 ipsis
964 2423 1123 2487 radicibus
1140 2424 1258 2488 montis
1279 2423 1396 2508 posuit,
1411 2433 1448 2486 ut

417 2511 527 2574 altiore
540 2509 610 2572 loco
625 2509 712 2572 nuda
719 2508 817 2570 latera
827 2508 968 2570 hostium
977 2507 1178 2572 incesserent.
1200 2509 1222 2542 ⁰¹
1230 2509 1270 2572 ab
1281 2509 1390 2572 dextro
1401 2509 1462 2572 Ma

419 2593 557 2658 donibus
575 2593 616 2656 ad
634 2592 741 2676 ipsum
760 2591 1031 2655 munimentorum
1048 2593 1155 2672 finem,
1177 2615 1241 2678 qua
1259 2593 1328 2656 loca
1344 2615 1444 2678 usque

418 2699 504 2740 mare
524 2677 609 2740 invia
626 2676 761 2761 palustri
778 2677 854 2740 limo
873 2685 906 2740 et
928 2677 1132 2761 voraginibus
1150 2678 1314 2756 claudunt,
1325 2679 1462 2763 elephant

419 2783 494 2825 cum
505 2761 635 2824 adsumo
647 2760 798 2860 praesidio
811 2760 939 2845 posuit3
960 2771 1035 2846 post
1049 2783 1113 2841 eos,
1128 2762 1268 2846 equites3
1290 2771 1370 2842 tum,
1384 2765 1462 2827 mod

419 2845 584 2909 intervallo
600 2846 719 2925 relicto,
731 2853 849 2909 ceteras
869 2845 976 2931 copias
997 2846 1183 2910 insecundo
1197 2847 1272 2912 acie.
1307 2847 1462 2912 Macedon

418 2931 574 3016 provallo
596 2931 701 3010 locati,
715 2931 819 3030 primo
833 2931 923 2994 facile
942 2931 1143 2994 sustinebant
1164 2933 1334 3012 Romanos,
1349 2941 1462 2996 tentam

419 3017 460 3080 ab
475 3016 562 3080 omni
576 3025 665 3101 parte
679 3017 803 3080 adituse
825 3016 963 3079 multum
978 3016 1212 3100 adjuvantibus,
1221 3017 1276 3100 qui
1287 3039 1326 3080 ex
1335 3017 1402 3081 loco
1414 3040 1462 3102 sup

419 3101 499 3165 riore
523 3101 642 3178 frmdis,
666 3101 754 3165 velut
771 3100 927 3179 nimbum,
950 3099 1112 3185 “glandes
1136 3111 1169 3165 et
1193 3102 1323 3186 sagittas
1345 3102 1462 3166 simulr

422 3184 522 3247 'acula
545 3185 742 3282 ingerebant.
764 3185 887 3264 deinde,
907 3193 945 3248 ut
973 3185 1083 3270 major,
1101 3207 1160 3250 nec
1184 3185 1252 3270 jam
1275 3187 1434 3250 toleranda
1456 3211 1462 3234 a

415 3208 561 3332 bostium
582 3268 736 3332 rnferebat
758 3290 801 3346 se,
816 3269 902 3354 pulsi
920 3269 990 3334 loco
1008 3269 1093 3334 intra
1111 3271 1319 3350 munimenta,
1343 3272 1462 3336 subduc

420 3353 594 3432 ordinibus,
608 3363 849 3417 concesserunt=
871 3353 944 3417 inde
963 3376 1003 3418 ex
1016 3355 1098 3418 vallo
1115 3377 1215 3441 prope
1235 3357 1366 3420 alterum
1379 3357 1462 3420 valla:

419 3437 519 3500 bustis
535 3459 602 3522 prae
630 3459 664 3501 se
690 3437 831 3522 objectis,
850 3439 1003 3503 fecerunt.
1025 3447 1057 3502 et
1071 3439 1116 3502 ita
1137 3439 1261 3504 modica
1278 3440 1408 3504 altitudo
1431 3465 1462 3504 va

419 3530 496 3602 erat,
521 3531 559 3586 ut
577 3529 610 3586 et
628 3522 734 3586 locum
758 3523 952 3608 superiorem
975 3523 1016 3587 ad
1037 3525 1247 3608 pugnandum
1268 3525 1333 3588 suis
1352 3527 1462 3610 praeber

419 3615 451 3669 et
465 3615 595 3693 propter
607 3607 838 3693 longitudinem
856 3609 1019 3672 hastarum
1033 3609 1213 3673 sub'eotum
1226 3609 1353 3674 haberet
1371 3611 1462 3676 hoste]

420 3691 529 3772 Multi,
543 3701 661 3757 temere
676 3693 849 3756 subeuntes
860 3692 988 3772 vallum,
998 3702 1085 3758 tram
1130 3693 1141 3757 i
1153 3703 1248 3759 sunta
1271 3703 1303 3758 et
1312 3703 1365 3759 aut
1379 3696 1462 3782 incep

526 3824 572 3877 Ion
616 3831 654 3877 tte
665 3831 712 3877 del.
726 3831 799 3877 Gran.
959 3835 1051 3892 tuque
1062 3831 1077 3877 l.
1089 3837 1185 3892 arteque
1196 3831 1268 3878 Gran.
1281 3833 1347 3879 Crer.

608 3895 683 3942 edocit
696 3893 793 3954 Kreyss.
807 3893 884 3942 aaut.
1076 3889 1117 3942 ¹et
1129 3895 1202 3942 Goon.
1216 3896 1284 3942 cres.

286 4004 319 4052 66
337 4003 468 4052 Pulsatur
486 4001 609 4066 aemath]
635 4006 725 4052 Ultima
735 4020 779 4052 vox
798 4007 864 4052 deest
898 4007 1182 4060 Seleuco.militsversnt.

254 4069 278 4115 in
298 4069 461 4146 (Ironov'ianis¹
474 4069 623 4126 editionibus,
643 4069 707 4116 baud
733 4071 803 4116 dubie
823 4084 865 4131 per
928 4071 960 4117 68
978 4073 1015 4118 At
1038 4073 1118 4119 dextro
1135 4069 1308 4134 Macedonibus]
1331 4073 1426 4119 OtIossm
1447 4087 1462 4119 er

253 4146 526 4256 opeflroerppprr‘opppffi]
544 4196 597 4243 Vid.
611 4204 658 4242 not
671 4197 701 4242 sd
713 4197 789 4244 XLII.
802 4197 840 4244 δί
894 4147 974 4244 I‘bleell
984 4135 1462 4262 ddidelbnddlelirilsthlrddeidudodldbdlii

284 4260 317 4315 67
334 4262 481 4308 Macedonum
492 4258 572 4322 retur]
591 4261 739 4316 Macedones,
750 4261 813 4321 quod
824 4275 862 4306 ro·
894 4262 996 4322 posituro
1005 4271 1047 4309 est.

253 4324 411 4372 bortrentin
424 4327 535 4372 euerritu.
569 4325 863 4372 Macedonsssutemiuos
926 4325 958 4374 69
976 4322 1089 4386 Olcades]
1108 4327 1462 4388 Sphemlssplumbesaqueffl

254 4388 464 4445 Syro-macedonas
484 4389 596 4450 Intellige,
607 4395 711 4449 posteros
723 4389 759 4435 vel
771 4401 862 4434 sucees-
895 4388 931 4436 ills
941 4389 1115 4437 emittebantur.

253 4464 315 4496 sores
334 4465 424 4510 eorum,
442 4455 482 4512 qui
502 4456 546 4502 sub
566 4453 709 4510 Alexandro,
730 4467 757 4500 se
776 4453 862 4500 deiude
