3070 4962
784 298 1006 364 EPITOMAE

372 448 483 594 rowqttsjis
491 447 627 594 qoositum
640 451 695 510 cst.
740 447 897 510 Praterea
911 467 961 512 res
975 469 996 512 a
1008 451 1057 514 Μ.
1068 451 1168 514 Bruto
1182 453 1217 514 in
1233 453 1362 518 Grada
1372 465 1472 538 qesta

442 551 514 594 sm.

852 743 991 814 CXXI.

419 914 453 977 C.
471 913 604 990 Cassius,
625 915 674 975 cui
692 913 868 975 mandatum
885 933 905 976 a
925 919 1033 976 senatu
1051 921 1129 992 erat,
1143 917 1392 981 utDolobellam
1407 923 1471 982 laos

373 997 612 1076 temjuslicatum
627 997 702 1060 bello
706 1003 949 1078 persequeretur,
960 1000 1143 1062 anctoritate
1152 1001 1329 1081 reipublice
1338 1005 1469 1084 adjutus,

373 1083 499 1162 Syriam
523 1101 591 1144 cssm
614 1081 712 1144 tritum
734 1081 926 1160 exercitibus,
950 1083 1001 1162 qui
1021 1083 1055 1144 in
1074 1084 1178 1146 eadem
1189 1088 1358 1166 prouincia
1373 1095 1468 1164 erant,

372 1166 407 1228 iss
428 1171 613 1246 potestatem
637 1186 724 1228 suam
751 1166 876 1248 redeqil.
920 1166 1122 1245 Dolabellam,
1149 1170 1183 1231 in
1209 1170 1285 1232 arbe
1314 1171 1467 1234 Laodicea

372 1250 533 1328 obsessum,
558 1253 637 1314 mori
662 1252 767 1333 coi'qit.
810 1251 859 1314 M.
881 1270 996 1332 quoqne
1023 1252 1118 1314 Bruti
1132 1252 1225 1334 jussu
1256 1255 1291 1317 0.
1316 1260 1467 1320 Antonius

374 1341 492 1416 captas,
507 1337 622 1400 occisus
635 1341 690 1399 est.

840 1571 1001 1644 CXXII.

414 1745 463 1806 M.
485 1745 603 1806 Brutus
631 1743 777 1806 advoca
802 1744 939 1806 Ituracm
953 1762 1068 1823 parom
1088 1763 1237 1824 prospere
1263 1765 1332 1808 rem
1354 1751 1463 1829 Μὴ

371 1827 562 1910 omnibusque
576 1828 793 1890 transmarinis
800 1828 971 1909 provinciis
985 1827 1226 1909 mercistsosqsoe
1239 1831 1274 1892 in
1282 1837 1464 1911 potestatem

371 1911 434 1992 ejus
449 1919 479 1975 st
496 1913 529 1975 C.
543 1913 641 1975 Cassii
651 1912 796 1990 redactis,
811 1916 947 1974 coiciunt
957 1911 1096 1992 Smyrna
1106 1919 1232 1994 uterque
1241 1915 1287 1976 ad
1294 1917 1464 1979 ordinanda
1520 1963 1521 1980 .

372 1996 440 2060 lolli
447 1996 551 2078 saturi
562 1997 697 2060 cosssilia.
740 1997 789 2059 M.
805 1997 958 2058 Messalla
972 1997 1161 2078 Poplicolam
1169 1997 1310 2079 fratrem
1336 2003 1465 2064 ‘ciam

371 2083 519 2146 communi
535 2083 659 2146 oonsilio
674 2081 926 2145 condonaverunt.

823 2339 1006 2412 CXXIII.

413 2516 484 2578 Sea.
500 2513 671 2594 Pompeius,
695 2513 808 2593 Maqni
822 2510 921 2592 filius,
944 2513 1031 2574 lectis
1053 2531 1094 2574 ea
1110 2511 1210 2593 Epiro
1221 2516 1419 2595 proscriptis
1431 2535 1464 2577 ac

368 2597 514 2680 sisqiliais
529 2617 598 2660 cum
611 2597 747 2660 caercitu
762 2597 824 2673 sliu,
839 2597 905 2659 sine
918 2597 982 2658 ulla
998 2597 1056 2658 loci
1070 2596 1246 2678 cujusquam
1258 2602 1462 2678 possessione,

361 2683 521 2764 prostatus
530 2683 562 2744 in
573 2683 664 2758 masi,
678 2681 857 2743 Messanam
871 2682 1011 2762 oppidum
1026 2682 1059 2744 in
1073 2681 1181 2743 Sicilia
1190 2683 1342 2762 primam,
1359 2685 1462 2746 asoa

368 2773 462 2830 lotam
480 2767 671 2846 prouinciam
690 2767 866 2846 occupavit:
890 2768 1044 2847 occisoque
1066 2767 1108 2828 Α.
1125 2766 1270 2846 Pompeia
1294 2768 1462 2850 Bithynico

360 2858 506 2933 proetore,
531 2851 566 2924 Q.
584 2851 791 2914 Salvidienum
813 2852 945 2932 leqalum
967 2851 1096 2912 Cassiis
1119 2852 1223 2912 navali
1242 2853 1358 2930 proelio
1381 2856 1461 2916 vicit.

369 2937 472 3000 Coesar
497 2941 527 3000 el
553 2937 705 2999 Asilossius
728 2955 795 2998 cum
820 2935 1000 2997 sumoitibns
1025 2936 1058 2996 in
1086 2935 1236 2997 Grumum
1261 2937 1462 3015 lrajwmt,

367 3021 475 3084 bellom
497 3027 604 3085 contra
626 3023 757 3083 Brutum
781 3024 810 3082 et
837 3020 975 3081 Cassium
994 3020 1122 3100 qestusi.
1167 3020 1203 3091 Q.
1220 3021 1409 3100 Comsficisss
1430 3025 1461 3085 in

365 3107 478 3189 Africa
493 3108 503 3141 ⁸
519 3107 552 3170 T.
569 3107 718 3184 Sestium,
736 3105 951 3168 Cassianarum
955 3105 1095 3184 partium
1108 3103 1222 3182 ducem,
1230 3107 1347 3186 proelia
1363 3109 1446 3170 aicit.

816 3337 995 3410 CXXIV.

409 3510 442 3572 G.
461 3509 611 3572 (lassaret
634 3509 787 3572 Antonius
802 3509 885 3590 opssd
899 3509 1058 3590 Philippos
1074 3509 1160 3571 uario
1180 3515 1288 3571 euentu
1310 3509 1458 3573 adamus
1520 3545 1521 3566 η

362 3593 494 3657 Brutum
514 3599 544 3656 et
570 3595 705 3658 Cossium
719 3599 942 3675 puqnaoesunt,
965 3591 1030 3655 'ito
1043 3599 1076 3655 ut
1091 3593 1201 3655 deutra
1215 3595 1377 3675 utriusque
1390 3615 1456 3658 cor-

361 3699 423 3741 nua
445 3681 608 3757 vincerent,
630 3685 660 3742 st
682 3685 785 3741 castra
805 3699 919 3760 qnoque
939 3679 1091 3758 utrimque
1107 3677 1146 3740 ab
1167 3679 1217 3755 iis,
1238 3679 1290 3760 qai
1306 3681 1456 3756 vicerant,

362 3769 615 3844 espaqnorentur.
660 3763 724 3826 Sed
741 3764 917 3844 inaequalem
927 3762 1088 3842 fortunam
1099 3765 1239 3842 portium
1253 3783 1337 3826 mors
1355 3765 1455 3826 Cassii

353 3845 452 3928 fecit:
476 3850 537 3928 qni,
553 3869 643 3928 quum
662 3849 695 3910 in
717 3868 751 3910 eo
775 3867 868 3911 corna
879 3846 1001 3927 fuisset,
1024 3847 1105 3928 quod
1116 3849 1239 3928 pulsum
1259 3854 1339 3926 erat,
1356 3855 1454 3910 totam

361 3933 525 3994 maritum
537 3931 644 4012 susum
663 3937 760 4010 ratus,
785 3937 910 3994 mortem
932 3931 991 3994 sibi
1014 3933 1167 3994 consciuit.
1209 3931 1319 3994 Altero
1344 3933 1454 3994 deinde

354 4019 466 4100 proelio
480 4017 577 4079 uictus
589 4017 638 4078 M.
653 4017 771 4079 Brutus
785 4021 814 4079 et
828 4018 893 4096 ipse
911 4019 1005 4079 vitam
1018 4015 1134 4096 finivit,
1158 4021 1284 4078 sacrato
1305 4017 1454 4080 Stratone

228 4197 245 4242 ὅ
265 4192 364 4255 Victum]
383 4193 495 4241 Sicdedit
509 4193 624 4252 sigonius.
645 4206 717 4251 quum
737 4193 801 4253 psius
834 4193 898 4239 tium.
940 4191 1009 4239 Ratio
1028 4191 1118 4252 patebit
1136 4205 1166 4236 ex
1185 4191 1236 4250 ipss
1250 4189 1357 4246 historin,
1381 4191 1451 4244 iniis,

196 4259 253 4304 editi
280 4259 393 4304 haberent
421 4257 534 4320 junctam.
579 4255 696 4302 Neutrum
726 4257 801 4316 plssst
833 4257 904 4303 cult.

197 4321 322 4377 Gronavto,
334 4323 374 4380 qui
386 4323 430 4380 legi
438 4324 508 4380 jubet
526 4321 660 4366 insidiarum
671 4324 800 4368 conuictam
865 4319 880 4374 7
897 4321 937 4365 Itn
947 4327 973 4366 ut
983 4320 1065 4365 ste-stra
1073 4321 1189 4378 utriusque
1195 4311 1293 4377 consa]
1306 4317 1352 4363 Vel
1363 4323 1450 4364 atrius·

197 4381 249 4426 Vid.
263 4397 282 4427 s.
297 4384 308 4429 l
321 4392 344 4429 et
356 4383 371 4438 7
382 4385 451 4444 hujus
463 4385 523 4430 libri.
833 4398 876 4444 qus
893 4385 958 4438 ncisi,
973 4383 1010 4428 vel
1026 4389 1177 4443 utramnque,
1187 4381 1224 4426 vel
1238 4383 1359 4442 utriusqus.
1378 4383 1447 4427 Gno-

226 4443 243 4488 θ
263 4444 287 4489 Τ.
300 4447 403 4500 Ssstiasss,
417 4449 576 4495 Cassianarum
592 4449 692 4506 partium
711 4443 801 4506 ducem]
835 4457 949 4492 novius:

196 4503 258 4559 Lege
276 4520 329 4550 eum
351 4509 423 4556 flens.
436 4511 535 4565 Vsimio,
550 4511 731 4557 Gasaciassarssm
747 4525 803 4568 por·
