3098 4958
457 335 546 401 LIB.
569 335 699 400 XLIII.
734 337 831 406 chr.
856 341 950 407 XIV.
1315 353 1380 418 999

127 483 369 574 prudentissimi
393 483 452 549 riri
478 483 604 570 publice
632 485 833 572 suscipiendo
867 489 1057 569 censuerint,
1091 511 1129 554 cc
1179 512 1214 556 m
1227 511 1294 560 uo,
1306 515 1362 562 533,

127 572 254 656 dignis*
268 570 394 648 habere,
408 590 481 654 quse
504 569 538 632 in
553 590 640 634 meos
655 573 783 635 nnnnles
797 573 939 638 referem.
981 574 1128 659 Anagnia
1148 513 1212 642 (luo
1227 576 1255 624 lt
1267 577 1294 624 c.
1307 579 1362 626 ros

126 655 273 742 prodigis
287 676 325 719 eo
340 675 424 718 enno
448 661 525 718 sunt
538 654 705 732 nuncium
728 655 829 721 fecem
841 657 876 720 in
897 657 976 721 coelo
1000 667 1212 744 conspectum,
1224 673 1339 734 rengis.

125 747 161 805 et
181 740 296 804 bovem
309 738 460 802 feminum
481 737 620 801 locutam
643 739 769 824 publice
792 739 843 804 nli.
886 741 1063 806 Minturnis
1086 765 1130 828 qn
1172 767 1214 810 ue

125 845 186 972 per
200 845 254 888 eos
267 823 334 888 dies
347 822 450 886 ”coeli
472 822 611 886 ardentis
635 823 754 908 speeies
775 825 955 891 adfulserat.
999 829 1096 892 Reate
1119 828 1163 894 im
1186 829 1213 894 ri

158 907 288 993 pidnvit.
328 906 443 971 Cumis
456 907 491 969 in
504 927 574 971 erce
589 907 705 992 Apollo
720 909 862 972 triduum
875 929 911 974 so
924 918 989 974 tres
1003 919 1112 976 noctes
1122 912 1213 978 locri·

125 992 235 1056 msrit.
262 992 296 1056 in
310 992 389 1055 urbe
404 993 548 1054 Romana
562 991 626 1055 duo
649 992 758 1057 reditui
772 993 974 1072 nunciarunt,
988 995 1077 1075 ulter,
1090 997 1125 1061 in
1144 999 1212 1062 oede

126 1077 279 1140 Fortunae
293 1097 430 1161 anguem
438 1075 617 1160 jubstumn
631 1077 846 1162 compluribus
856 1078 960 1144 visum
970 1101 1057 1144 esser
1076 1082 1164 1160 ulter,
1178 1083 1212 1146 in

126 1161 194 1224 aede
208 1161 230 1194 ⁸⁹
241 1160 442 1245 Primigeniae
458 1161 618 1240 Fortunae,
628 1181 699 1244 quae
713 1161 747 1225 in
760 1162 838 1225 colle
852 1171 911 1242 est,
924 1163 990 1228 duo
1003 1164 1126 1230 diverse
1139 1188 1212 1264 pro-

125 1245 228 1330 digin3
249 1245 389 1330 palmam
402 1244 436 1308 in
450 1265 522 1308 uren
541 1253 676 1324 euntem,
690 1253 723 1308 et
746 1246 898 1331 sunguine
922 1247 1061 1312 interdiu
1082 1251 1211 1335 pluisse.

125 1330 201 1394 Duo
215 1351 280 1394 non
296 1337 443 1414 suscepte
455 1328 599 1414 prodigio
613 1338 699 1408 sunt,
714 1329 847 1394 alterum
861 1333 947 1415 quod
961 1332 994 1395 in
1008 1333 1131 1418 privato
1142 1335 1211 1400 loco

124 1414 246 1478 lectum
260 1421 352 1492 esset,
365 1413 503 1499 palmum
517 1421 662 1478 enatum·
676 1413 818 1500 inpluvio
833 1437 891 1479 suo
905 1417 943 1480 Τ.
958 1415 1100 1482 Marcius
1114 1419 1211 1504 Figu-

123 1499 177 1562 lus
197 1497 386 1562 nuneisbntr
408 1498 551 1578 alterum,
565 1498 652 1582 quod
675 1497 709 1562 in
732 1499 801 1562 loco
815 1501 992 1585 peregrino,
1106 1503 1156 1566 llis
1177 1504 1211 1568 in

124 1583 221 1647 domo
246 1583 285 1646 L.
298 1581 387 1646 Atrei
410 1583 511 1662 haste,
525 1603 623 1667 quem
644 1582 711 1647 lilio
728 1583 821 1647 militi
835 1591 963 1664 emeret,
977 1585 1043 1649 inte
1083 1588 1116 1650 'n
1136 1588 1210 1672 plus

123 1667 203 1730 dune
218 1667 312 1731 horus
326 1665 449 1746 arsisse,
462 1667 506 1730 ite
517 1675 556 1731 ut
568 1667 649 1731 nihil
660 1667 729 1752 ejus
743 1668 922 1734 ambureret
935 1669 1028 1754 ignis,
1037 1669 1210 1736 dicebatur.

124 1751 329 1851 Publicorum
354 1751 571 1901 prodippormn
594 1751 880 1852 coussofllibrinn
905 1754 1088 1818 decemviris
1114 1756 1210 1854 sditi3

122 1837 655 2019 erembertum
668 1837 785 2019 rurs
799 1838 1210 2023 {strenuus

122 2012 240 2070 strenis
277 2005 360 2070 circu
395 2005 501 2070 omnia
526 2005 702 2090 pulvrnurru
728 2005 864 2071 victimis
887 2007 1059 2092 majoribus
1091 2011 1209 2073 secnfi-

121 2098 240 2168 cerent,
260 2091 464 2176 populusque
495 2098 664 2154 coronatus
690 2099 782 2155 esset.
825 2090 954 2170 Omnis,
975 2089 1024 2156 uti
1042 2092 1210 2158 decemviri

122 2172 143 2206 '²
155 2179 339 2260 praeierunt,
352 2175 443 2239 iectu.

166 2259 261 2325 XIV.
286 2259 479 2324 censoribus
493 2259 607 2323 deinde
621 2258 764 2323 creandis
777 2257 905 2322 comitia
917 2258 1020 2322 edictu
1034 2267 1121 2322 sunt.
1153 2280 1209 2344 pe·
1221 2271 1340 2320 cenom

120 2341 241 2408 tiernnt
265 2363 430 2408 censuram
454 2343 614 2494 principes
639 2342 785 2422 civitatis,
809 2343 847 2407 C.
875 2342 1021 2407 Valerius
1046 2341 1208 2422 Laevinus,

120 2427 161 2491 L.
176 2429 360 2493 Postumius
380 2428 527 2508 Albinus,
576 2475 585 2493 .
601 2427 731 2492 Mucius
752 2427 902 2506 Scaevola,
918 2427 968 2492 M.
983 2426 1102 2494 lunius
1126 2427 1209 2491 Bru-

119 2519 186 2590 tus,
210 2513 249 2578 (l.
264 2512 417 2578 Claudius
442 2513 587 2592 Pulcher,
611 2513 660 2577 Ti.
686 2512 894 2598 Sempronius
916 2512 1092 2578 Gracchus.
1137 2511 1209 2576 Hos

118 2597 203 2660 duos
226 2617 370 2663 censores
394 2597 511 2662 creavit
531 2597 670 2696 populus
694 2597 869 2662 Romanus.
923 2597 1034 2663 Quum
1067 2595 1208 2660 delectus
1223 2609 1358 2684 uereopsa

119 2681 258 2746 hubendi
271 2683 381 2767 major,
394 2703 491 2767 quem
505 2681 591 2762 nhns,
627 2689 735 2768 ropter
745 2681 990 2747 Macedonicum
999 2681 1119 2746 bellum
1132 2701 1208 2746 curu
1220 2673 1357 2748 piarentur

118 2773 213 2846 esset,
227 2768 374 2832 consules
394 2765 521 2853 plebem
542 2704 629 2852 spui
652 2775 798 2832 senatum
821 2766 1022 2846 accusabunt,
1035 2764 1057 2799 ⁸¹
1068 2765 1155 2850 quod
1175 2773 1209 2832 et
1220 2737 1321 2784 mm*

112 2849 337 3000 'ppnighresdpon
350 2851 588 3001 regl'fflfferffit‘
630 2851 792 2916 Adversus
812 2871 893 2935 quos
906 2851 928 2886 ⁸¹
940 2851 986 2997 (pii
993 2850 1155 2950 Sulpicius
1175 2858 1209 2916 et

115 2981 174 3084 el
195 2943 909 3104 ..hl'ffwuiorlifililliimeilli
932 2955 1021 3082 osli
1028 2977 1208 3082 “nemesi

149 3191 273 3255 'indignis
285 3191 380 3254 Kreyss.
393 3193 472 3240 serr.
601 3191 676 3238 'rili
689 3193 713 3238 is
726 3191 790 3238 bec
887 3185 1069 3247 ‘sacrificarent
1078 3187 1206 3241 ediderunt,

245 3263 268 3304 ee
280 3257 345 3304 ned.
440 3261 455 3290 ¹¹
466 3263 493 3304 ut
504 3255 582 3302 Behk.
694 3255 709 3288 ¹
717 3260 825 3316 promes
837 3253 933 3313 Xreyss.
946 3249 1022 3298 llelrk.

113 3395 155 3454 gio
173 3401 206 3442 est
220 3395 301 3443 arcere.
334 3395 381 3442 ‘Sl
396 3395 449 3455 quis
463 3403 541 3442 temen
552 3395 670 3456 vulgsmm
680 3395 728 3441 lec·
792 3393 822 3441 tl
841 3387 1009 3453 ‘Praeimsfl
1027 3389 1080 3438 vie.
1092 3397 1140 3438 not.
1151 3389 1207 3437 διὰ
1220 3389 1260 3438 IV.
1270 3389 1308 3439 21.

114 3459 206 3504 donem
217 3459 276 3505 tueri
288 3459 429 3515 relitbsbet
440 3473 486 3520 quc
497 3460 585 3506 nitetur
596 3459 729 3520 exemplum
792 3457 825 3505 99
842 3459 908 3508 Quod
924 3463 947 3504 et
961 3451 1078 3518 juniores]
1104 3455 1214 3515 Superest
1235 3453 1264 3502 rt
1281 3462 1312 3512 et,
1330 3465 1372 3503 sut

114 3535 129 3568 e
141 3521 157 3567 l.
170 3523 199 3568 X.
212 3523 316 3580 Lirisno,
328 3537 347 3569 c.
359 3523 397 3578 97.
432 3523 484 3570 Vid.
496 3523 528 3569 ihi
538 3529 586 3570 not.
596 3523 634 3570 bb.
761 3521 828 3582 pluro
839 3522 931 3568 desunt.

148 3585 182 3632 te
199 3587 255 3632 Cocli
267 3588 369 3634 ordems
382 3589 466 3648 specics
485 3583 613 3647 effulserat]
637 3585 727 3632 Grono·
793 3583 826 3632 69
843 3585 868 3632 G.
880 3585 993 3644 Sulpicius
1003 3588 1026 3630 et
1036 3581 1071 3628 ll.
1082 3583 1192 3629 cunutus
1202 3579 1301 3644 tribunt]
1320 3583 1372 3630 Irno

114 3647 170 3694 rins
187 3649 267 3696 mallet
281 3651 404 3710 effulserat,
422 3651 480 3697 ntl.
500 3650 564 3697 XLI.
583 3665 603 3697 e.
622 3649 661 3708 21,
674 3649 730 3696 Tres
758 3655 874 3709 protom
897 3647 918 3693 ll
929 3655 1042 3705 etsnprr,
1057 3659 1078 3691 c.
1091 3645 1298 3700 rememorentur
1310 3647 1372 3692 inter

112 3713 399 3773 sinslsolrseffrslserest.
760 3711 948 3772 prsrtoreshulus
955 3709 1024 3762 sunit
1043 3707 1123 3764 ethlc,
1135 3709 1188 3756 ideo
1199 3709 1372 3770 qulsprretores

148 3777 181 3824 69
197 3774 355 3838 Primr'gess'a]
374 3777 436 3824 Olim
451 3778 595 3840 Primigm.
622 3775 729 3823 correxlt
760 3783 823 3830 sunt,
835 3773 953 3835 postulunt
964 3779 990 3818 nt
1002 3772 1104 3818 delectus
1116 3787 1172 3819 curs
1179 3774 1304 3819 mundetur
1312 3788 1372 3834 pre·

114 3840 258 3887 Gronovius.
760 3839 862 3891 toribusr
878 3845 910 3892 et,
926 3835 1028 3897 perlecto
1039 3849 1053 3882 e
1064 3837 1201 3896 pretoribur
1219 3837 1318 3892 delectu,
1331 3839 1376 3897 Jn·'

148 3901 181 3949 60
197 3903 290 3950 bitrio
304 3905 434 3951 deoenoirr's
447 3905 507 3951 caru
518 3937 525 3950 .
536 3937 542 3951 .
554 3937 562 3951 .
573 3935 579 3949 .
591 3909 614 3950 et
632 3903 727 3950 eddide-
760 3905 870 3949 benturr.
882 3899 919 3956 lo,
931 3913 959 3947 es
968 3899 1070 3960 bisqnss
1078 3899 1223 3960 scripslssent
1231 3900 1370 3958 legionibus,

113 3962 183 4027 mr]
203 3967 278 4014 Locus
295 3968 389 4025 Irsctns,
407 3982 477 4028 quem
491 3969 535 4014 hoc
545 3969 616 4014 modo
626 3965 730 4013 restitnit
761 3981 818 4026 ques
840 3965 965 4018 rideretur,
988 3964 1077 4010 consuli
1099 3965 1162 4010 dure.
1195 3963 1286 4022 Scriprs
1307 3963 1372 4009 bend

114 4029 262 4077 Gronovius:
287 4031 366 4078 Libris
387 4033 506 4079 decenniis·
527 4033 604 4086 oditis,
627 4031 726 4092 quadro-
760 4030 830 4076 dubie
848 4029 947 4074 britios
964 4033 1075 4088 potores
1089 4041 1131 4087 per
1146 4028 1204 4073 dues
1219 4025 1308 4072 litterss
1321 4027 1371 4072 PR.

112 4095 182 4154 gnra
191 4093 314 4156 srnjorilrsr
322 4097 399 4143 hostts's
407 4097 488 4158 quibus
495 4097 540 4143 dits
548 4097 646 4143 consules
656 4096 728 4141 socri·
759 4093 822 4140 unde
833 4091 921 4138 librarii
932 4105 975 4152 pro
985 4091 1054 4138 solite
1063 4090 1193 4144 cecitatis,
1204 4089 1305 4136 rnsxlnre
1316 4089 1372 4148 quis

112 4159 216 4218 flemene,
227 4159 357 4216 clidcrsol,
377 4165 399 4207 rt
413 4161 456 4206 sti.
488 4160 591 4206 Verbum
609 4159 728 4206 edidmus
759 4159 900 4217 sequebatur
920 4156 1032 4202 continuo
1051 4153 1189 4214 conpletis,
1203 4151 1372 4200 leceruanlt.

114 4221 160 4267 hsc
171 4221 195 4266 in
208 4236 233 4268 re
243 4223 339 4268 solenne
351 4229 394 4280 est,
411 4237 454 4270 nec
469 4231 545 4283 potest
557 4223 658 4269 dubitari
670 4222 727 4282 quin
760 4221 837 4275 idest,
849 4221 942 4266 messi.
976 4217 1034 4265 lloec
1043 4218 1092 4264 lere
1104 4215 1248 4263 Perizonius.

113 4285 149 4330 its
162 4283 241 4332 Livius
252 4285 377 4346 scripserit.
410 4285 495 4333 cetere
512 4287 555 4333 ecel
574 4287 638 4333 hrnrl
658 4285 729 4332 dublo
792 4283 824 4330 94
840 4285 958 4331 Nerss'm
968 4284 1062 4330 boilum
1072 4281 1165 4326 uilbrsr
1175 4279 1205 4324 cl
1215 4275 1315 4340 ilem]
1333 4280 1372 4327 Sic

112 4355 220 4394 mentem
240 4349 301 4395 Liril
321 4351 464 4410 exprimunt,
484 4363 528 4396 nec
544 4357 641 4411 possum
659 4349 729 4408 longe
761 4347 984 4408 probsotsulpicius
995 4351 1020 4391 et
1033 4343 1157 4390 uomitus
1173 4341 1307 4390 ambitiosos
1321 4357 1372 4392 esse

111 4411 179 4458 shlre
199 4413 229 4458 sb
247 4413 297 4472 ejus
313 4413 435 4474 scripture,
451 4413 541 4461 hshent
552 4423 629 4460 remen
641 4413 730 4473 sliquid
761 4411 874 4464 consules,
888 4411 928 4470 qul
939 4417 1004 4456 mern
1015 4407 1169 4454 offensicnm
1181 4405 1299 4454 neminem
1310 4409 1373 4454 mlli-

112 4475 211 4587 Ἧιίῗ
222 4477 395 4536 quodammodo
405 4485 430 4525 et
441 4478 508 4538 qussi
517 4477 650 4534 confertius,
660 4489 730 4537 quem
759 4483 812 4522 tere
822 4475 922 4522 invitum
933 4479 1052 4532 cogeant.

111 4553 139 4586 so
164 4547 174 4586 t
206 4539 275 4588 trior.
