3098 4958
156 279 222 344 440
747 259 840 326 'Pl'l'l
863 259 980 328 len

158 441 224 490 uc.
236 440 292 488 oet
320 419 362 484 ad
374 416 492 483 menis
505 413 657 480 succedit.
679 410 813 480 Quodsi
825 407 940 474 clatnis
950 408 1051 496 portis
1065 429 1174 474 muros
1184 416 1419 498 portarumqm

158 505 225 554 *⁰-
239 503 292 553 ¹⁰⁸
320 513 435 582 turres,
464 499 627 586 dispositis
653 495 792 575 armetis,
821 495 1048 573 defendissent,
1071 515 1154 558 rano
1183 517 1259 560 cum
1284 498 1419 582 incepto

320 586 480 653 moenibus
494 584 693 670 pepulissent
708 582 879 644 Romanos.
916 601 1014 657 nunc,
1023 589 1116 664 porta
1126 580 1253 664 egressi,
1263 581 1420 665 proelium

320 673 391 736 loco
415 691 508 755 oequo
532 668 649 732 ma'ore
672 665 778 730 animo
801 663 1039 741 commisemnt,
1059 685 1156 748 quam
1179 665 1420 728 sustinuerunt.

323 756 413 821 Pulsi
426 755 511 818 enim
524 762 556 816 et
571 691 648 836 iirge
661 749 852 834 conglobati,
865 769 966 832 quum
981 748 1111 812 ducenti
1125 749 1262 834 emplius
1277 751 1313 812 in
1337 751 1421 835 ipsis

322 841 467 906 faucibus
492 845 593 923 portoe
619 835 816 912 cecidissent,
841 841 968 898 tantum
989 832 1167 896 intulerunt
1188 843 1358 911 terrorem,
1383 845 1421 898 ut
1529 849 1530 868 ¹

323 935 462 988 oratores
475 919 635 1006 extemplo
650 919 691 984 ad
703 927 872 1004 pretorem
887 915 1027 980 mitteret
1042 917 1180 981 Gentius
1194 918 1372 981 Teuticum
1387 930 1423 982 et

323 1009 461 1086 Bellum,
471 1006 632 1092 principes
646 1003 762 1090 gentis,
776 1023 834 1088 per
847 1023 928 1086 quos
940 1001 1084 1065 inducias
1095 1011 1228 1150 peteret,
1240 1011 1279 1065 ut
1294 1003 1421 1066 delibe-

322 1093 567 1158 roredestntu
594 1095 996 1171 rerumsuarumposset
1038 1086 1419 1166 liiuoinhocdnto,

323 1199 425 1262 quum
439 1185 544 1240 castra
557 1177 701 1240 Romana
714 1173 905 1256 quingentos
919 1171 1016 1234 ferme
1031 1191 1145 1255 possus
1159 1170 1199 1234 ab
1220 1170 1301 1234 urbe
1322 1172 1419 1235 abm-
1529 1223 1530 1226 ι

324 1271 406 1341 sent,
419 1282 533 1326 navem
546 1257 741 1336 conscendit,
755 1267 788 1320 et
802 1256 932 1320 llumine
947 1255 1093 1319 Barbana
1113 1255 1240 1339 naviget
1257 1255 1292 1318 in
1307 1255 1419 1320 lecum

324 1345 514 1425 Labeatum,
528 1344 616 1410 velut
636 1351 791 1408 secretum
816 1341 923 1405 locum
946 1349 1058 1424 petens
1081 1340 1122 1402 ed
1144 1339 1418 1418 consultandum
1529 1365 1530 1376 2

325 1515 348 1548 tt
441 1515 448 1530 ⁸

323 1515 515 1663 mpsuppsm
563 1597 741 1660 adventare.
764 1594 819 1677 qui
842 1603 1012 1678 postquam
1036 1593 1165 1657 evanuit
1186 1614 1305 1672 rumor,
1319 1596 1421 1658 tertio

323 1695 399 1768 post
413 1682 463 1746 die
474 1701 587 1744 navem
598 1677 740 1742 eumdem
751 1678 892 1742 secundo
903 1677 990 1741 amni
1003 1677 1155 1741 Scodram
1169 1677 1296 1742 demisit
1307 1703 1316 1741 s
1331 1701 1421 1763 prae-

325 1765 493 1848 missisque
508 1763 645 1841 nunciis,
659 1772 697 1826 ut
720 1762 781 1826 sibi
795 1762 837 1825 ad
943 1762 976 1826 di
998 1763 1142 1846 praetoris
1156 1771 1297 1847 potestas
1311 1763 1419 1838 fieret,

160 1860 297 1972 ιιι·ε
325 1847 816 2000 ιιιιιιιιιιιι
880 1931 1420 2016 ,r

325 2019 457 2097 effusus,
471 2017 607 2103 genibus
622 2015 767 2102 praetoris
790 1952 935 2079 accidens
955 2013 989 2078 in
1009 2021 1200 2100 potestatem
1224 2037 1293 2079 sese
1315 2017 1420 2081 dedit.

327 2103 444 2182 Primo,
457 2101 579 2167 bonurn
601 2101 744 2165 animum
764 2099 879 2164 habere
889 2099 1011 2184 jussus,
1026 2099 1068 2162 ed
1082 2119 1204 2164 ocenum
1225 2101 1322 2163 etism
1335 2101 1421 2165 invi-

325 2197 424 2268 tatus,
437 2187 471 2252 in
484 2187 597 2252 urbem
610 2187 651 2250 ad
665 2207 740 2250 suos
753 2184 856 2262 nediit,
871 2193 903 2248 et
917 2205 991 2247 cum
1006 2192 1141 2269 praetore
1155 2205 1193 2248 eo
1215 2185 1265 2248 die
1286 2186 1421 2250 honori-

326 2273 386 2338 lice
401 2282 450 2336 est
464 2273 631 2371 epulatus:
654 2271 767 2335 deinde
780 2269 814 2334 in
828 2268 1004 2332 custodiam
1016 2268 1054 2332 C.
1064 2267 1175 2332 Cassio
1189 2269 1318 2334 tribuno
1332 2271 1422 2334 mili·

326 2365 398 2422 tum
412 2357 561 2436 traditus,
577 2355 664 2419 ”vix
677 2352 861 2452 gladiatorio
876 2361 1005 2438 accepto
1019 2353 1129 2418 decem
1143 2353 1271 2418 talentis
1285 2354 1327 2418 ab
1342 2377 1421 2440 rege

329 2437 979 2620 reqpqrplpspnqqppsupasqoffiffiqu,
992 2522 1072 2586 nihil
1107 2523 1185 2601 rius,
1198 2543 1296 2621 quem
1309 2525 1422 2608 requi.

327 2608 405 2672 sitos
416 2607 575 2671 Petillium
588 2607 841 2704 Perpennamque
854 2606 974 2690 legatos
984 2607 1024 2670 ad
1038 2545 1165 2685 seduci,
1174 2607 1281 2692 jussit.
1297 2609 1419 2692 quibus

327 2691 493 2776 splendore
508 2711 567 2755 sno
579 2697 736 2769 restituto,
745 2691 935 2775 Perpernam
946 2692 1104 2790 extemplo
1115 2692 1419 2778 mittitadcompre-

163 2793 294 2854 capiuntur
328 2775 513 2840 hendendos
527 2775 644 2840 amicos
659 2783 873 2861 cognatosque
886 2775 989 2860 regis:
1005 2777 1296 2859 qu1‚Medeonem‘‚
1312 2779 1419 2842 Labe·

328 2861 428 2928 atium
443 2861 547 2947 gentis
571 2859 695 2939 urbem,
708 2861 879 2945 profectus,
895 2859 1073 2924 ”Etlevam
1097 2883 1228 2926 uxorem
1250 2885 1325 2926 curn
1341 2864 1419 2927 filiis

329 2947 466 3026 duobus,
490 2945 511 2981 '⁴
523 2945 736 3012 Scerdilaedo⁸
763 2945 981 3043 Pleuratoque,
996 2954 1028 3008 et
1043 2945 1266 3010 Caravantium
1285 2948 1418 3012 fratrem

328 3031 481 3096 Scodram
495 3031 529 3098 in
544 3041 647 3096 castra
660 3031 801 3095 adduxit.
844 3030 987 3108 Anicius,
1002 3030 1085 3095 bello
1107 3030 1216 3116 Illyrio
1230 3031 1251 3064 '⁵
1261 3031 1345 3096 intre
1359 3033 1418 3096 tri·

328 3117 418 3201 ginta
445 3117 512 3180 dies
549 3117 700 3201 perfecto,
725 3114 878 3180 nuncium
902 3113 1041 3178 victorie
1064 3116 1255 3200 Perpernam
1280 3117 1418 3181 Romam

327 3201 434 3264 misit:
448 3209 481 3264 et
493 3213 568 3284 post
581 3201 648 3264 dies
658 3221 777 3284 paucos
792 3199 946 3264 Gentium
957 3220 1063 3284 regem
1074 3199 1181 3284 ipsum
1191 3223 1264 3263 cum
1275 3211 1417 3285 parente,

328 3283 473 3367 conjuge,
488 3283 546 3347 nc¹1
564 3283 682 3362 liberis,
695 3305 732 3346 ac
745 3285 849 3362 srctre,
863 3283 993 3368 oliisque
1014 3283 1212 3370 principibus
1225 3285 1417 3370 lllyriorum.

366 3459 511 3515 ‘Meum
523 3465 617 3526 Kreyss.
631 3465 710 3514 oeli.
792 3467 940 3514 stanton
951 3467 1026 3514 Gron.
1039 3467 1107 3514 cren
1182 3463 1237 3516 hor
1246 3468 1291 3516 del.
1302 3467 1369 3517 ned.

197 3625 230 3680 70
245 3627 328 3673 Multis
344 3629 443 3676 millibus
458 3637 596 3677 aarum
612 3625 682 3691 cetis]
701 3629 777 3690 Magis
802 3637 916 3676 nostrstss
927 3628 982 3684 937,
994 3629 1102 3676 unet-t

165 3689 267 3751 placeret
278 3704 331 3738 cum
343 3692 548 3752 Gronoviolegers
559 3696 648 3741 coactis.
834 3692 867 3746 78
883 3694 986 3740 noun
1005 3689 1107 3753 mm]
1140 3693 1216 3753 Supte
1235 3707 1254 3740 a
1277 3693 1310 3741 8)
1332 3694 1420 3742 dicitnr

197 3753 226 3808 71
246 3755 282 3800 lis
293 3758 421 3816 cangius
432 3759 456 3802 in
466 3773 533 3817 qm
549 3760 629 3804 missus
638 3753 701 3818 not]
722 3757 778 3804 llnc
802 3757 904 3804 Gentius
919 3771 1015 3802 uxorem
1027 3757 1121 3804 duxisse
1139 3757 1235 3804 Etutam
1248 3758 1344 3804 llouuni
1358 3760 1420 3806 Der·

165 3831 212 3864 non
225 3818 333 3864 videntur
351 3819 503 3878 intelligenda
514 3835 564 3868 asse
583 3822 612 3868 ds
630 3822 778 3881 expeditione
803 3821 917 3868 danorum
937 3821 1048 3880 principis
1068 3821 1148 3866 filiun.
1182 3822 1227 3867 Sed
1245 3821 1344 3868 sortisse
1354 3823 1420 3869 idem

166 3882 299 3928 Csnvantii
321 3882 345 3928 ln
368 3884 459 3940 Civica,
481 3885 511 3930 de
533 3899 579 3944 qus
599 3899 619 3931 c.
641 3899 709 3945 proc.
730 3885 779 3944 egit
803 3894 839 3930 est
856 3883 1025 3932 nornend'telc
1039 3885 1173 3930 stlitlm:
1191 3884 1288 3930 sortasse
1305 3886 1421 3934 slterutro

167 3945 254 3992 Livius.
290 3947 430 4006 Dssignstur
441 3949 598 4007 potiuurnics
609 3949 687 4006 alique
698 3946 778 3994 Gentii
804 3948 829 3994 ln
847 3949 898 3995 lcco
914 3947 996 3992 vitium
1013 3957 1057 3994 est.
1090 3948 1156 3994 Nilril
1174 3962 1266 4008 quoque
1284 3957 1349 3995 veut
1367 3965 1420 3996 cre·

165 4009 355 4070 reglo‚inqusm
367 4011 778 4066 ConventlunsCevlisvelrsver·
805 4012 860 4060 ders
885 4013 980 4058 lituum
1001 4019 1043 4058 sut
1064 4021 1189 4068 mortum,
1210 4021 1252 4058 sut
1270 4013 1420 4072 repudiatam

166 4087 214 4127 sus,
233 4075 269 4120 vel
292 4085 420 4132 revocatus,
437 4075 521 4122 missus
543 4085 603 4121 esset
626 4089 640 4122 ι
662 4075 733 4122 fratre
754 4083 779 4122 ut
804 4075 883 4122 lulne.

166 4137 244 4196 copias
255 4140 409 4187 cononem.
444 4139 471 4186 ιι
483 4139 578 4186 nrm
595 4139 678 4184 elenu.
690 4153 778 4187 memo-
836 4138 868 4193 ιι
884 4135 1017 4199 omnnio]
1038 4139 1329 4187 uinrussunsmnns
1352 4141 1420 4200 sigo-
1529 4121 1530 4134 ¹

165 4209 258 4248 rueret
270 4201 349 4250 Livius
358 4205 382 4250 ln
394 4204 422 4250 iis
434 4219 486 4264 que
497 4203 672 4250 interciderunt.
804 4204 858 4250 nius
873 4203 980 4256 mutavlt,
993 4203 1050 4261 quis
1061 4205 1198 4250 Scerdilnn
1215 4217 1300 4250 nomen
1313 4213 1350 4250 sat
1362 4205 1422 4264 llly-

198 4263 230 4318 72
249 4265 292 4312 Vis
300 4267 438 4328 gladiatorio
455 4263 556 4328 Μαρια]
573 4265 682 4326 Acceptis
698 4267 778 4312 decem
803 4268 844 4313 riis
855 4265 941 4326 regulis
952 4265 1073 4322 feminus,
1083 4277 1108 4312 ut
1116 4275 1212 4327 apparet
1219 4280 1251 4314 ex
1261 4268 1419 4327 superioribm

166 4327 268 4383 talentis,
283 4345 335 4388 qun
358 4332 462 4392 pecnnia
480 4345 571 4376 summe
592 4331 631 4376 vix
653 4339 718 4378 tants
735 4340 778 4386 est,
803 4331 876 4377 libris.

167 4399 255 4448 quanta
272 4393 321 4438 dari
337 4397 397 4441 solet
415 4396 443 4442 iis
462 4395 502 4454 qui
520 4409 614 4455 opernm
625 4409 692 4444 suam
702 4408 780 4440 amne
836 4395 867 4448 75
884 4395 951 4440 Intra
963 4395 1060 4454 triginta
1070 4389 1132 4454 diss]
1152 4393 1273 4455 Appianas
1284 4395 1309 4441 in
1321 4397 1421 4457 lllyric'n

166 4453 249 4500 locant.
291 4455 377 4504 Decem
400 4461 487 4507 talenta
508 4469 563 4507 suut
583 4473 667 4507 muca
688 4459 780 4518 argenti
804 4459 874 4506 hebet
885 4458 1031 4505 solummodo
1042 4460 1130 4520 viginti.

324 1432 392 1510 ted,
419 1440 458 1496 ut
482 1431 522 1494 ad
545 1429 639 1506 uruit,
664 1427 743 1490 falsa
769 1447 826 1510 spe
860 1423 993 1502 excitus,
1019 1423 1243 1488 Caravantium
1271 1425 1418 1504 fratrem,
1529 1433 1530 1508 ι

486 1451 627 1578 mdlibus
651 1518 843 1574 armatorum
865 1509 944 1572 cotis
959 1507 1029 1572 ”ex
1049 1529 1086 1571 ea
1105 1509 1242 1594 regione,
1256 1508 1291 1572 i„
1316 1531 1419 1593 qum
1529 1511 1530 1528 1
