3118 5002
755 327 848 394 'l'l'l'l
872 325 986 391 LlVll

192 493 301 550 .c.eto.
329 481 450 546 voluitr
472 478 683 544 communiter
706 475 746 542 ab
760 477 903 560 utrisque
924 471 1026 560 petiit,
1052 473 1247 538 abstinerent
1269 473 1364 553 bello,
1387 485 1421 538 et

190 562 235 606 ·⁰·
250 558 301 613 ¹⁷³·
330 566 486 629 oblivione
501 563 733 650 praeteritorum
748 559 919 624 discordias
934 559 1072 622 finirent.
1117 559 1226 643 Hujus
1239 560 1420 624 reconcilia·

326 649 425 716 tionis
440 649 546 712 interi
571 669 622 712 scs
637 647 716 710 fides
739 643 903 709 obsidibus
925 643 1009 706 ultro
1034 643 1175 726 citroque
1198 643 1280 706 datis
1294 645 1420 707 firmata

330 743 388 798 est.
432 671 653 810 corinelluma
667 739 705 794 ut
718 730 762 793 ibi
777 729 815 792 de
860 737 1010 792 nerentur
1024 727 1161 805 obsides,
1176 728 1364 792 convenitur
1374 739 1397 792 ¹¹.

372 818 432 882 vl.
471 819 501 881 A
525 817 659 916 Delphis
681 824 713 878 et
737 815 814 878 AEto
828 813 875 876 'cc
899 811 1032 876 concilio
1047 811 1249 874 ”Marcellus
1270 813 1304 875 in
1330 813 1420 877 Pelo-

330 925 509 989 ponnesum
534 902 668 986 trajecit,
690 921 754 984 quc
779 897 906 962 Achaeis
931 897 1070 960 edixerat
1095 907 1296 959 conventum.
1342 898 1419 976 Ubi,

331 987 517 1050 conlaudata
530 995 634 1070 gente,
648 985 734 1068 quod
749 991 931 1047 constanter
943 989 1035 1044 vetus
1046 981 1206 1043 decretum
1221 981 1260 1044 de
1276 983 1419 1045 arcendis

331 1071 419 1136 aditu
434 1072 546 1134 finium
558 1070 687 1155 regibus
703 1068 916 1132 Macedonum
930 1066 1117 1142 tenuissent,
1128 1065 1252 1150 insigne
1267 1067 1419 1130 adversus

333 1155 563 1230 Perseaodium
574 1157 789 1218 Romanorum
802 1153 895 1214 fecitr
918 1151 1051 1234 quodut
1064 1151 1317 1213 maturiuscrum
1360 1160 1420 1229 ret,

332 1240 492 1303 Eumenes
511 1261 576 1320 rex,
592 1237 851 1303 commentarium
865 1237 968 1299 serens
991 1255 1109 1312 secum,
1124 1235 1211 1318 qnod
1226 1235 1265 1298 de
1328 1257 1420 1332 para-

170 1329 251 1386 erti
262 1329 289 1406 ¹¹¹.
331 1325 417 1388 tibus
430 1325 505 1389 belli
525 1325 631 1388 omnia
653 1323 815 1408 inquirens
829 1321 955 1399 fecerat,
970 1321 1104 1383 Romam
1119 1320 1215 1382 venit.
1260 1320 1320 1382 Per
1334 1321 1419 1382 ulem

169 1395 302 1502 staupum·
331 1417 458 1494 tempus
474 1410 614 1495 quinque
629 1409 722 1493 legati
738 1408 778 1470 ad
792 1427 898 1490 regem
917 1404 1015 1481 missi,
1031 1404 1086 1488 qui
1109 1425 1159 1466 res
1180 1404 1214 1466 iu
1230 1403 1420 1467 Macedonia

168 1471 306 1581 iilius...
331 1495 539 1592 adspicerent.
583 1492 805 1556 Alexandriam
827 1491 923 1553 iidem
945 1490 984 1552 ad
1002 1489 1208 1552 Ptolemaeum
1229 1490 1419 1554 renovandae

332 1579 476 1642 amicitiae
491 1597 602 1641 caussa
615 1576 771 1660 proficisci
786 1575 872 1638 'ussi
917 1573 1029 1658 Legati
1044 1579 1132 1634 erant
1150 1573 1194 1650 hi,
1210 1571 1248 1636 C.
1263 1572 1418 1650 Valerius,

332 1661 392 1725 Cn.
408 1663 556 1724 Lutatius
581 1661 690 1736 Cerco,
715 1660 757 1724 Q.
779 1597 912 1722 ltaebius
938 1657 1042 1736 Sulca,
1058 1657 1106 1719 M.
1121 1655 1287 1720 Cornelius
1311 1657 1418 1719 Mam-

169 1755 292 1814 tegetiab
330 1745 426 1822 mula,
442 1746 490 1807 M.
507 1744 654 1808 Caecilius
670 1745 801 1806 Denter.
845 1743 890 1806 Et
915 1743 955 1806 ab
970 1742 1129 1806 Antiocho
1153 1761 1226 1826 rege
1251 1741 1311 1804 rub
1333 1741 1418 1804 idem

168 1819 284 1866 ¹¹⁰²¹⁰⁰h⁰
331 1837 457 1914 tempus
486 1828 581 1912 legati
606 1837 777 1892 venerunt:
814 1849 950 1925 quorum
977 1827 1126 1912 princeps
1155 1823 1355 1910 Apollonius,
1384 1827 1417 1890 in

166 1883 271 1993 {iffi
331 1923 475 1976 senatum
504 1913 715 1990 introductus,
741 1912 851 1976 multis
868 1911 1029 1996 justisque
1050 1909 1169 1973 caussis
1193 1931 1299 1994 regern
1324 1931 1418 1973 exeu-

331 1997 420 2076 saiit,
438 1999 526 2070 Quod
537 1997 717 2079 stipendium
732 2000 829 2060 emtus
843 1997 943 2078 quoad
956 1997 1035 2058 diem
1046 2001 1217 2076 prestaret.
1242 1995 1278 2056 id
1287 2015 1320 2058 ee
1333 2015 1418 2058 omne

330 2083 496 2160 aduenisse,
510 2103 547 2145 ne
571 2083 665 2164 eujus,
688 2083 749 2144 uisi
773 2084 924 2163 ternporr's,
942 2082 1048 2162 pratia
1071 2081 1137 2162 reci
1152 2079 1254 2160 fieret.
1297 2081 1417 2143 Donum

323 2173 476 2248 proetmeo
506 2165 637 2248 adscire,
668 2163 772 2230 “oasa
802 2187 896 2229 aureo
924 2165 1116 2247 quinpeutrtm
1137 2164 1250 2244 pondo.
1308 2167 1418 2227 Petere

329 2271 439 2334 repere,
453 2259 498 2330 ut,
512 2273 576 2334 pue
591 2273 658 2315 eam
666 2258 759 2334 patre
773 2273 826 2314 suo
846 2251 974 2313 societas
995 2255 1085 2330 atque
1099 2249 1236 2311 amicitia
1242 2246 1366 2328 ficisset,
1381 2270 1417 2312 eo

328 2356 428 2400 recum
450 2345 665 2410 removerem,-
696 2339 916 2418 imperuretque
939 2334 998 2396 eibi
1015 2333 1145 2415 populus
1167 2333 1330 2411 Rumonem
1353 2353 1418 2414 paea

330 2421 404 2484 dono
412 2421 558 2504 fidelique
570 2425 651 2484 socio
665 2423 731 2502 repi
745 2427 841 2484 essent
856 2419 1042 2500 imperando.
1071 2437 1104 2480 se
1117 2419 1199 2480 nullo
1213 2438 1340 2498 mpetum
1354 2439 1417 2480 ces-

328 2511 466 2568 saturum
475 2507 580 2588 officia
602 2505 654 2566 Ea
668 2507 778 2567 muita
789 2507 861 2566 inae
871 2510 993 2566 cerutus
999 2503 1108 2583 siricae,
1117 2521 1207 2584 quum
1217 2503 1320 2564 Rome
1329 2510 1419 2582 erret,

328 2608 395 2650 com
410 2591 580 2650 comitatem
586 2587 765 2668 juventutis,
778 2595 812 2651 ut
828 2609 888 2669 pro
910 2607 990 2668 repe,
1005 2607 1064 2650 noo
1079 2607 1141 2667 pro
1155 2587 1266 2664 obside,
1281 2587 1421 2650 omuibus

328 2671 484 2734 ordinibus
500 2671 610 2751 merit.
654 2671 700 2732 Le
741 2671 783 2734 tis
804 2671 940 2756 benigne
963 2691 1163 2756 responsum,
1178 2670 1419 2734 et'sccietatem

328 2775 476 2817 renovare
491 2775 565 2818 curn
586 2691 755 2834 Antioch,
769 2777 841 2839 quae
865 2775 938 2818 curn
961 2763 1050 2840 patre
1073 2754 1141 2838 ejus
1163 2756 1275 2832 fuerat,
1289 2755 1328 2817 A.
1345 2756 1418 2818 Ati-

328 2838 389 2901 lius
404 2847 521 2924 praetor
544 2839 685 2903 urbanus
703 2840 823 2924 jussus.
868 2841 1051 2905 Quaestores
1073 2839 1186 2904 urbani
1210 2839 1418 2923 stipendium,

327 2945 403 2987 vasa
416 2946 510 2988 aurea
524 2947 668 2988 censores
683 2945 754 2988 acce
778 2933 889 2988 erunt:
911 2925 1018 3008 eisque
1038 2924 1201 3008 negotium
1223 2924 1333 2986 datum
1356 2933 1417 3002 est,

327 3017 365 3072 ut
392 3018 547 3096 ponerent
575 3033 620 3090 ea,
648 3009 682 3074 in
709 2947 824 3094 qulbus
850 3009 976 3094 templis
1000 3009 1178 3073 videretur:
1217 3011 1236 3046 ¹'
1248 3007 1417 3092 legatoque

329 3093 486 3159 ¹'centurn
500 3095 634 3159 millium
649 3095 720 3159 aeris
734 3117 852 3159 munus
872 3095 1015 3172 missum,
1030 3103 1061 3157 et
1078 3093 1190 3156 ¹'aedes
1210 3092 1317 3156 liberae
1339 3094 1416 3155 hos-

327 3179 406 3262 pitio
422 3181 514 3256 datae,
529 3190 715 3264 sumtusque
732 3181 886 3259 decretus,
901 3179 1000 3242 donec
1015 3179 1047 3241 in
1069 3177 1161 3242 Italia
1182 3186 1275 3240 esset.
1320 3177 1341 3208 ²⁶
1352 3177 1415 3240 Le-

369 3263 403 3340 ti,
428 3265 482 3347 qui
509 3264 541 3326 in
568 3265 658 3348 Syria
681 3267 815 3344 fuerant,
834 3263 1106 3342 renunciaverunt,
1122 3264 1155 3326 in
1178 3262 1315 3325 maximo
1339 3283 1415 3324 eum

327 3285 446 3409 illane
462 3347 547 3430 apud
564 3369 669 3432 regem
685 3371 763 3428 esse,
779 3349 1065 3432 amicissimumque
1103 3349 1199 3432 opulo
1216 3347 1369 3410 Romano.

370 3431 447 3493 VII.
468 3431 508 3493 ln
534 3432 702 3514 provinciis
726 3457 763 3497 eo
789 3457 872 3498 anno
896 3435 974 3496 baec.
1018 3431 1055 3496 C.
1073 3371 1231 3496 diecreius
1269 3442 1364 3494 raetor
1378 3430 1413 3492 in

328 3513 457 3578 Corsica
482 3515 580 3599 signis
606 3517 738 3581 conlatis
761 3519 933 3617 pugnavit:
971 3525 1092 3602 septem
1115 3517 1213 3580 millia
1239 3453 1411 3579 gomorum

164 3613 302 3660 contueri.
327 3620 428 3678 caesa3
462 3601 547 3686 capti
571 3601 707 3686 amplius
729 3603 815 3666 mille
837 3611 869 3667 et
898 3601 1100 3687 septingenti.
1143 3601 1283 3664 Voverat
1312 3601 1345 3663 in
1376 3621 1413 3662 ea

326 3705 436 3768 pugna
458 3695 576 3771 praetor
602 3687 704 3750 aedem
734 3688 756 3721 ¹¹
769 3688 892 3752 Junoni
921 3697 1067 3751 monetae.
1112 3687 1177 3749 Pax
1197 3685 1310 3749 deinde
1337 3685 1412 3747 data

545 3833 691 3880 ⁰Corlutlm
705 3833 798 3893 Xreyas.
812 3833 887 3880 lielrlt.
1014 3839 1028 3877 Ρ
1040 3837 1139 3881 conuenit
1152 3835 1217 3880 End.

196 3957 225 4006 ld
243 3957 365 4004 Marcellus
383 3961 406 4006 in
418 3959 590 4020 Peloponen-
605 3959 703 4022 trajecit‚
716 3957 769 4022 qao]
836 3960 866 4008 tt
884 3963 976 4008 Centum
995 3963 1089 4008 millium
1104 3957 1169 4020 eris]
1188 3961 1246 4010 Qun
1266 3960 1366 4006 redeunt
1380 3959 1410 4004 ad

163 4021 261 4068 Videtur
277 4023 390 4068 excidisse
409 4037 493 4069 nonren
513 4027 561 4084 eius
578 4025 648 4080 urbis,
660 4027 699 4071 ubi
712 4025 771 4072 illud
802 4040 890 4072 marcas
902 4026 991 4083 argenti
1004 4033 1117 4071 nostrates
1130 4023 1183 4080 rus,
1195 4025 1274 4070 uncias
1285 4025 1307 4069 2.

162 4087 284 4132 concilium
299 4087 437 4132 Achaorum
450 4087 555 4132 habitum
567 4097 609 4134 ert.
836 4089 865 4137 lo
882 4089 952 4136 AEder
964 4086 1052 4149 libera]
1072 4089 1124 4134 Vid.
1137 4097 1185 4134 not.
1198 4090 1227 4134 ad
1241 4087 1315 4132 XXX.
1329 4086 1365 4140 17,

195 4149 225 4197 16
245 4150 305 4197 Vuae
322 4166 392 4197 aurea
410 4153 555 4212 quingentttm
575 4147 660 4212 pando]
690 4150 769 4198 Livius
834 4153 865 4199 20
884 4153 1015 4214 Legattqm'
1032 4155 1055 4198 in
1068 4153 1137 4212 Syrio
1147 4149 1250 4212 suerunt,
1265 4153 1410 4198 renunciave-

161 4215 241 4272 procul
261 4215 331 4260 dubio
351 4229 474 4260 numerum
494 4229 600 4260 vasorum
622 4225 768 4275 apposuerat,
801 4213 866 4276 runt]
894 4217 969 4276 Magia
991 4218 1092 4276 placeret
1113 4218 1303 4262 muucicoercnt.
1338 4214 1409 4260 'llic

161 4291 231 4336 quem
253 4278 399 4324 librariorum
423 4277 513 4324 incuria
536 4279 612 4338 perire
637 4294 704 4338 parea
725 4289 767 4326 est.
801 4281 864 4326 enim
875 4281 980 4327 redditur
999 4278 1311 4336 rario‚curtamhouoritice
1324 4285 1410 4324 tracta-

161 4339 271 4388 Ceterum
293 4342 421 4402 quingenta
441 4343 518 4402 pondo
539 4343 589 4388 auri
611 4351 667 4389 sunt
685 4357 768 4388 maren
799 4351 837 4389 tus
848 4345 878 4389 rit
889 4344 927 4390 ille
940 4343 1048 4390 Antiochi
1061 4345 1158 4402 legatus.

160 4405 211 4448 auri
224 4413 338 4452 nostrates
350 4405 405 4462 781,
418 4407 492 4452 uncia
505 4407 526 4452 2.
831 4407 860 4453 al
878 4405 974 4468 lusori]
1003 4409 1041 4456 Sic
1063 4407 1108 4466 legi
1131 4405 1202 4467 J'umit
1229 4403 1339 4464 Sigonius
1367 4419 1410 4466 pro

160 4527 168 4571 Ι
195 4466 225 4542 ll
240 4466 384 4530 legatoque]
418 4469 520 4530 Principi
547 4469 670 4529 legationis
692 4467 766 4530 Apol·
799 4471 901 4518 lenonie.

169 4541 231 4576 oneo.

1527 668 1541 1247 l

1525 1264 1541 1829 l

1524 1861 1540 2612 l

1527 2623 1543 3196 l

1528 3236 1546 3798 l

1530 3974 1540 4394 t
