3098 4958
454 313 541 378 LIB.
567 311 690 377 XLIV.
717 311 812 375 CAP.
835 312 916 375 XII.
1299 317 1360 378 421

108 460 199 538 bant,
230 481 272 522 uo
360 465 439 522 stae
454 459 539 522 fossa
551 466 635 522 terra
648 460 739 538 foret,
753 458 949 522 “monstrati
959 467 1036 522 sunt
1046 458 1197 522 fornices:
1212 477 1241 524 υ.
1252 476 1277 524 o.
1291 477 1345 522 esa
1542 503 1543 548 q

108 566 169 608 noa
183 481 230 607 al
239 479 374 607 roffi»
388 545 629 622 ormeitudirrem,
644 565 704 626 quo
718 551 846 608 veterem
859 565 988 622 maram,
1002 545 1058 606 sed
1069 545 1199 624 simplici
1212 541 1239 587 b
1253 542 1278 588 ⁰·
1292 539 1344 588 ¹⁰⁹·
1386 563 1389 568 ·
1542 549 1543 618 l

109 631 240 692 lateam
262 630 377 706 ordine,
397 635 530 692 etorsctos
550 649 622 692 esse.
666 628 844 692 Consilium
867 628 877 690 i
902 629 965 690 'tur
987 627 1081 712 cepit,
1095 635 1199 690 trans·
1542 619 1543 664 ³

109 714 195 776 fosso
219 713 338 797 pariete
362 713 422 776 iter
445 713 478 775 in
503 713 613 776 urbem
635 713 819 796 patefacere.
848 713 866 774 f
902 733 953 776 ere
978 721 1084 775 autem
1105 711 1150 774 ita
1165 732 1198 776 se

110 818 215 881 posse,
229 797 265 875 si,
279 819 387 861 muros
412 819 431 860 a
449 805 538 881 parte
560 796 621 860 alia
642 797 733 860 scalis
758 798 897 875 adortus,
909 796 1051 860 tumultu
1071 795 1199 874 in'ecto,

111 882 133 914 ⁶⁹
142 881 176 944 in
191 882 365 944 custodiam
380 881 449 966 ejus
464 881 524 944 loci
539 889 790 966 propugnatores
799 881 888 945 urbis
902 881 1074 946 avertisset.
1097 819 1199 944 lirant

110 965 146 1028 in
168 965 313 1050 praesidio
340 965 555 1042 Cassandreae,
572 975 688 1050 praeter
710 987 774 1028 uon
801 965 1065 1028 contemnendam
1084 965 1199 1050 juven·

111 1057 214 1112 tutem
229 1050 471 1135 oppidanorum,
484 1050 657 1135 octingenti
672 1050 837 1134 Agrianes,
852 1050 872 1082 '⁸
881 1059 914 1113 et
935 1051 998 1113 duo
1019 1049 1117 1113 millia
1140 1049 1199 1112 Pe·

111 1142 273 1197 nestarum
303 1135 495 1219 lllyriorum,
523 1133 573 1197 ”a
603 1135 748 1197 Pleurato
786 1135 860 1198 inde
887 1134 984 1213 missi,
1012 1134 1198 1198 bellicosum

111 1225 282 1302 utrumque
297 1240 407 1302 genus.
453 1219 514 1282 His
529 1219 694 1282 tuentibus
708 1240 826 1297 muros,
837 1241 937 1302 quum
947 1218 1052 1282 subire
1063 1218 1199 1282 Romani

111 1325 237 1366 summa
257 1303 289 1367 vi
312 1303 498 1381 niterentur,
523 1312 684 1366 momento
709 1304 860 1387 temporis
885 1303 1020 1402 parietes
1042 1303 1198 1366 fornicum

153 1388 245 1450 rfossi
260 1387 369 1451 urbem
385 1389 610 1472 patefecerunt.
632 1387 653 1420 ⁷¹
665 1389 752 1472 quod
769 1389 806 1466 si,
821 1389 876 1472 qui
892 1409 1038 1472 inrupere
1049 1398 1073 1465 ⁹,
1087 1387 1198 1451 armati

126 1471 258 1549 uissent,
273 1473 429 1570 extemplo
443 1473 610 1556 cepissent.
655 1473 728 1535 Hoc
750 1473 806 1536 ubi
829 1473 1005 1557 perfectum
1027 1493 1095 1535 esse
1117 1493 1199 1557 opus

111 1555 268 1619 militibus
292 1565 476 1620 nuncntum
498 1565 556 1636 est,
582 1557 750 1620 clamorem
785 1557 901 1620 alacres
929 1557 1045 1642 gaudio
1069 1565 1198 1642 repente

111 1641 240 1718 tollunt,
254 1639 322 1703 aliis
334 1649 422 1725 parte
437 1641 497 1706 elia
510 1642 544 1706 in
557 1642 669 1706 urbem
683 1642 868 1726 inrupturis.

153 1725 235 1789 XII.
259 1725 377 1789 Hostes
414 1726 532 1790 rimum
547 1726 711 1790 admiratio
725 1727 819 1811 cepit,
839 1726 991 1811 quidnam
1012 1726 1073 1790 sibi
1087 1748 1199 1810 repen-

111 1811 199 1874 tinus
214 1809 332 1873 clamor
345 1749 448 1874 vellet.
471 1819 641 1895 postquam
651 1819 759 1896 patere
770 1813 881 1874 urbem
896 1833 1043 1896 accepere
1057 1811 1199 1896 praefecti

112 1895 250 1980 praesidii
266 1895 370 1980 Pytho
385 1903 418 1959 et
433 1895 612 1980 Philippus,
626 1895 647 1928 ⁷³
656 1917 715 1981 pro
731 1918 778 1974 eo,
794 1896 848 1979 qui
864 1905 1049 1995 occupasset
1060 1896 1099 1958 ad
1156 1895 1199 1975 di,

112 2001 193 2065 opus
216 1979 336 2043 factum
358 2001 427 2044 esse
451 1981 521 2058 rati,
536 2002 609 2044 cum
632 1981 736 2044 valida
757 2001 855 2079 manu
872 1983 1051 2079 'signanum
1077 1981 1105 2043 ll
1117 1981 1200 2064 yrio-

111 2072 441 2234 tttibttmstt?
449 2065 1201 2234 1..itttilieti..tlttttt‘lttptttt

111 2241 207 2316 atque
236 2231 428 2298 inordinatos
451 2234 575 2318 fugant,
603 2242 901 2332 persequunturque
928 2234 969 2296 ad
996 2233 1133 2296 fossams
1166 2233 1201 2295 in

111 2339 208 2402 quam
222 2317 401 2402 compulsos
415 2317 508 2382 ruina
520 2319 694 2382 cumulant.
719 2326 858 2382 sexcenti
871 2318 969 2381 ferme
982 2317 1026 2380 ibi
1035 2317 1201 2400 interfecti,

111 2424 284 2488 omnesque
306 2425 417 2489 prope,
441 2403 497 2488 qui
519 2403 603 2468 inter
633 2424 762 2468 murum
785 2403 965 2487 fossamque
995 2401 1202 2488 deprehensir

302 2578 478 2638 tisrsnperent
487 2575 583 2637 Kreyca.
596 2576 673 2624 aska
800 2577 927 2637 ‘deprensi
939 2576 1004 2623 End.

144 2723 177 2772 68
193 2725 315 2771 ltcastrats'
333 2732 385 2773 esst
397 2721 512 2786 fornices]
530 2725 662 2772 Gronovius
683 2739 721 2771 re·
754 2723 860 2783 fornices,
872 2726 953 2772 debuit
964 2739 1014 2772 esse
1025 2725 1084 2772 citra
1099 2725 1190 2782 foueas,
1209 2725 1229 2772 ai
1247 2726 1365 2772 somene·

110 2789 178 2848 ponit
189 2795 335 2835 amersten
346 2797 387 2843 est.
406 2797 476 2848 atque
487 2791 558 2836 etiam
570 2789 630 2836 banc
641 2803 722 2835 ernen-
754 2790 869 2850 respicias.
911 2791 937 2836 ln
960 2789 1073 2849 ejusmodi
1096 2790 1151 2836 locis
1173 2805 1220 2836 non
1242 2803 1365 2850 possumus

110 2853 230 2898 dationem
252 2853 355 2899 Clericus
377 2853 402 2900 in
426 2861 561 2900 contextum
588 2853 721 2899 admiserat.
754 2867 801 2899 non
813 2853 913 2899 multum
925 2854 1056 2899 desiderare
1070 2853 1201 2912 Polybium,
1213 2853 1252 2912 qui
1265 2861 1290 2899 ut
1302 2853 1365 2898 mili-

111 2918 158 2962 Sed
171 2917 262 2962 videtur
273 2917 520 2976 antiqualeetiostare
536 2931 610 2977 posse.
644 2916 721 2961 Nimi—
755 2917 811 2962 teria
822 2917 864 2972 vir,
883 2924 906 2962 et
920 2917 1022 2962 locorum
1035 2917 1129 2976 peritus,
1145 2925 1168 2962 et
1179 2917 1365 2962 accuratissimus

111 2995 164 3025 rum
187 2980 211 3025 in
232 2979 260 3025 iis
279 2995 331 3039 qne
350 2989 487 3040 sequuntur,
507 2975 539 3026 rei
557 2986 654 3026 structos
675 2994 722 3025 ease
754 2981 859 3039 scriptor,
881 2979 967 3034 omnia,
985 2979 1009 3026 ni
1030 2979 1089 3025 fallit
1108 2979 1208 3034 animus,
1230 2980 1365 3039 diligentius

110 3044 216 3103 pendent
227 3058 242 3089 a
250 3045 320 3090 verbo
330 3045 585 3103 aminternenses,
596 3043 722 3097 intellecto,
754 3051 902 3102 exposuerat.

110 3121 141 3153 es
160 3107 251 3154 solenni
268 3121 332 3153 more
353 3107 420 3154 Livii.
453 3109 562 3154 Ceterum
582 3107 652 3152 totius
671 3106 723 3159 loci,
786 3103 1062 3166 691sesssoes'essejas
1080 3101 1134 3165 loci]
1153 3106 1230 3156 Quem
1245 3107 1365 3152 scaliead·

111 3171 152 3231 qui
164 3172 194 3216 ob
206 3171 301 3216 nimiam
313 3172 449 3218 brevitatem
460 3185 516 3217 sane
528 3170 663 3231 perspicuus
675 3184 722 3215 non
754 3169 862 3215 oriretur.

109 3244 154 3290 eat,
172 3235 210 3280 bic
227 3233 323 3281 fortasse
334 3235 565 3295 sensuseeseposait.
598 3233 723 3284 Quaerebat
786 3233 817 3286 70
834 3233 1002 3279 litdsoerillia
1013 3229 1171 3292 Penestarum]
1190 3233 1227 3279 Sic
1245 3233 1310 3279 dedit
1330 3233 1366 3279 Si·

111 3305 205 3358 pretor,
223 3297 617 3358 qnoregestaefoasaterraesaet
652 3297 721 3342 Mon·
753 3297 845 3355 gorius,
866 3309 937 3356 quum
955 3297 1070 3342 inveniret
1090 3296 1121 3342 df
1138 3299 1225 3343 millia.-
1242 3298 1305 3343 unde
1327 3297 1367 3342 ille

110 3362 178 3408 strati
197 3370 252 3408 sont
274 3361 380 3418 fornices,
400 3362 534 3421 dictumque
555 3361 607 3408 illos
625 3368 724 3407 ιιιιιοιοι
755 3359 832 3406 effecit
844 3361 905 3406 illd.
917 3360 966 3406 sire
977 3362 1020 3407 deo
1036 3361 1114 3407 millia.
1148 3361 1236 3408 Tamen
1248 3361 1262 3406 l.
1275 3361 1366 3408 xultt.

111 3439 186 3471 essee
197 3433 259 3471 terra
269 3440 340 3484 quam
351 3441 364 3472 e
376 3425 436 3472 fossa
452 3433 592 3485 egesserant,
604 3425 628 3470 in
640 3425 724 3471 lateres
756 3437 776 3470 e.
788 3425 826 3480 28,
838 3424 924 3470 dicitur
934 3425 1031 3471 Perseos
1041 3440 1069 3471 es
1080 3425 1225 3472 Penestarum
1231 3433 1298 3486 gente
1306 3427 1367 3471 setlle

111 3497 186 3535 costa.
219 3489 289 3539 Quod
311 3497 337 3534 ut
355 3491 480 3549 probarent
500 3489 517 3535 ii
539 3488 579 3548 qui
601 3497 725 3548 pretorem
753 3489 965 3548 peditee‚dscentos
979 3491 1117 3549 equites...
1131 3489 1367 3550 mmeramm-

111 3559 162 3598 tots
173 3553 202 3598 de
213 3567 238 3598 re
249 3553 492 3606 commonefaciebant,
510 3553 662 3598 observabant
673 3552 725 3598 illos
755 3553 814 3597 sidio
824 3559 849 3597 st
860 3559 938 3604 essert,
950 3554 1041 3598 ιιιὶιίιιι.

111 3615 213 3662 fornices
222 3616 291 3661 aliter
302 3623 400 3662 structos
411 3630 461 3663 esse
473 3631 499 3662 ec
510 3623 613 3662 veterem
631 3629 725 3660 murum
789 3614 819 3668 71
837 3617 860 3661 A
878 3615 986 3661 Pleurato
1003 3616 1055 3660 tede
1074 3611 1147 3675 ιιὶιιί]
1166 3615 1210 3662 Pro
1228 3617 1287 3670 isde,
1304 3616 1368 3674 quod

113 3680 186 3732 urbis,
209 3693 251 3725 nec
276 3679 372 3738 proinde
395 3681 476 3726 eodem
502 3687 614 3738 tempore.
655 3678 726 3724 Posse
757 3677 1092 3737 proculdubioritiosumese,
1110 3679 1161 3738 tege
1176 3679 1213 3725 rel
1229 3681 1317 3736 minda,
1331 3679 1367 3726 vel

112 3749 202 3795 autem,
213 3750 317 3802 utsupra
329 3751 466 3789 annotatum
484 3749 526 3796 est,
545 3755 620 3802 nuper
635 3743 726 3801 obiecta
757 3755 810 3786 cuns
823 3741 941 3786 Gronovio
951 3741 1033 3787 eodem

113 3805 191 3852 nesse
202 3819 216 3850 ιι
228 3805 318 3852 Perseo.
352 3807 430 3856 Quum
442 3806 514 3865 igitur
531 3805 592 3851 fossa
609 3813 670 3850 esset
687 3818 725 3850 re·
789 3803 822 3858 72
840 3805 904 3853 asos
914 3807 942 3860 si,
953 3806 992 3864 qui
1003 3801 1117 3866 irrupere]
1136 3804 1200 3851 Nulli
1218 3805 1330 3866 irrupere,
1342 3812 1368 3851 ut

113 3883 171 3914 cens
194 3868 262 3923 facta,
281 3868 380 3915 fornices
399 3870 456 3914 item
476 3881 555 3916 recem
577 3868 665 3923 structi,
682 3868 727 3914 boc
759 3875 895 3912 constater
914 3881 993 3927 caeq.
1026 3868 1110 3928 Neque
1128 3869 1230 3915 inermes
1249 3869 1274 3914 id
1292 3868 1368 3914 faeere

113 3941 253 3991 argumento
264 3933 411 3991 aliquatenus
423 3933 484 3978 dieta
500 3931 629 3978 innabant.
664 3931 726 3976 Pra-
759 3929 856 3976 fuissent
868 3928 927 3986 ausi,
939 3939 1004 3976 tanto
1015 3931 1068 3977 vien
1083 3933 1193 3992 periculo.
1228 3933 1296 3991 [aegit
1313 3947 1368 3988 ergo

114 3996 160 4041 tori
179 4010 193 4041 e
214 4009 239 4042 re
258 4003 339 4041 natum
358 4005 395 4042 est
416 3995 546 4050 consitium,
568 4003 594 4040 ut
613 3993 727 4040 fornicum
761 3994 907 4050 Perizonius,
927 3996 986 4055 qaod
1001 3997 1029 4050 ri,
1048 3998 1087 4056 qus·
1108 3998 1264 4054 irrumperent,
1286 3997 1369 4040 mass

113 4059 216 4118 parietes
227 4059 324 4117 simplici
337 4059 436 4105 laterum
448 4059 530 4104 ordine
541 4065 647 4112 structos,
664 4057 728 4117 quod
752 4053 870 4116 scissent:
887 4059 931 4104 boc
942 4071 1019 4114 sensu,
1031 4059 1050 4104 sl
1063 4067 1146 4118 presto
1163 4057 1261 4104 fuissent
1277 4058 1368 4112 armati,

113 4122 183 4168 facile
204 4121 266 4169 factu
284 4131 342 4178 erat,
364 4121 526 4176 transfoderet,
547 4129 618 4181 atque
637 4122 661 4168 id
683 4121 727 4167 sibi
759 4121 799 4180 qui
811 4121 966 4180 irrumperent
978 4123 1002 4167 in
1018 4123 1106 4168 urbem.
1140 4121 1212 4166 Nobis
1227 4120 1369 4180 probabilius

113 4186 195 4232 iterio
208 4187 289 4232 urbem
301 4186 448 4246 patefaceret.
483 4185 591 4232 Restaret
609 4185 728 4244 explican·
759 4184 925 4244 videturquod
938 4185 1045 4246 Dujetius
1061 4185 1172 4244 suggerit,
1191 4186 1231 4244 qas'
1244 4179 1370 4244 perfodere,

114 4251 180 4305 dum,
193 4249 232 4295 ubi
244 4257 268 4294 et
279 4263 348 4308 quern
360 4249 390 4295 ed
407 4263 475 4295 usum
491 4249 572 4294 structi
584 4249 617 4294 illi
629 4247 727 4294 fornices
759 4247 794 4292 vel
807 4249 847 4308 qai
855 4263 923 4306 perra
953 4265 984 4303 re,
996 4263 1080 4307 nempe
1092 4247 1210 4306 parietem.

113 4313 191 4372 etqui
203 4327 283 4359 eornm
294 4313 383 4372 pariete
395 4313 498 4372 perfosso
508 4312 532 4358 in
545 4314 626 4358 urbem
637 4318 727 4370 pateret
791 4310 823 4364 7³
838 4311 920 4358 Prseo
945 4311 1023 4356 Antea
1035 4311 1111 4356 Proca.
1135 4309 1371 4356 smendsnrrrstn·

114 4377 160 4422 via.
197 4377 253 4422 ilaec
274 4390 322 4422 non
350 4376 417 4422 facile
444 4375 588 4435 expedimus.
623 4375 728 4422 Tantum
759 4374 872 4432 sbemius,
894 4375 1050 4434 adstipulante
1073 4372 1198 4418 Gronorio.
1232 4373 1286 4420 Rati
1313 4389 1371 4434 opus

112 4441 289 4487 observabimus
299 4439 382 4485 fossam
392 4447 448 4486 tnnc
456 4439 595 4498 complerem
604 4453 650 4484 non
657 4437 728 4483 fuine
759 4436 845 4482 famum
857 4451 871 4482 a
883 4437 995 4483 Romania
1006 4437 1028 4482 ei
1040 4436 1097 4482 utile
1107 4433 1221 4493 futurum,
1233 4437 1273 4497 qui
1283 4438 1372 4498 primus

113 4521 129 4551 a
152 4503 273 4552 Romanis.
308 4503 390 4563 ltaque
412 4503 476 4550 locus
498 4502 538 4548 ubi
557 4501 653 4562 perfossi
673 4507 729 4547 sunt
760 4501 855 4560 aggredi
866 4507 1011 4547 maturescet.
