3070 4962
444 327 628 394 LIBROR.
661 329 859 397 DEPERD.

69 483 184 540 senato
208 477 314 540 dotum
337 483 382 540 est
407 496 474 540 onom
497 479 704 542 cusatoribus
727 481 929 552 omwmentisc
951 479 1167 561 adiectumque,

71 567 110 623 ut
134 568 256 624 serator
278 567 364 623 esset.
421 562 469 623 Μ.
491 564 644 625 Antoniou
666 565 707 626 D.
732 565 864 626 antnm
887 561 1018 627 Mutina
1043 565 1167 628 obsedit.

71 647 220 726 missique
233 646 276 708 ad
287 666 355 708 eum
368 665 388 706 o
401 652 508 710 senatu
523 648 617 728 leqati
631 648 669 709 de
676 667 756 728 poce
770 667 886 729 parum
909 649 952 710 ad
969 669 1035 711 eom
1050 669 1167 729 cornpo-

72 731 206 792 nendom
220 731 389 792 voluerunt.
426 731 561 810 Populus
575 732 730 794 Romam
743 753 819 814 soqa
829 733 946 795 sumsit.
990 734 1168 796 M.Brulns

71 815 221 962 indlipiro
239 815 272 878 G.
287 815 454 878 Antonium
462 821 628 896 pretorem
642 835 709 879 cum
723 819 858 880 eneriiln
864 818 1014 898 potestati
1023 837 1085 881 suc
1098 818 1167 880 snb-

61 919 105 979 Je
150 944 158 962 .

553 1119 691 1192 OXIX.

123 1288 157 1350 0.
176 1289 339 1352 lbebonins
352 1291 386 1352 in
398 1291 477 1352 Asia
484 1288 600 1370 fraude
615 1293 654 1354 P.
665 1289 830 1353 Dolabellae
843 1293 959 1354 occisus
972 1297 1027 1356 est.
1074 1292 1119 1355 Ob
1133 1293 1169 1355 id

63 1373 196 1453 facinus
217 1373 377 1436 Dolabella
400 1377 495 1437 bostis
515 1396 534 1436 o
552 1381 660 1438 sersotu
669 1375 830 1455 judicatus
847 1381 901 1438 est.
949 1377 1047 1448 Quum
1060 1378 1167 1440 Pansa

74 1457 183 1520 consol
203 1459 281 1520 mols
306 1459 451 1521 adversm
472 1459 640 1522 Antonium
659 1465 836 1540 puqnasset,
857 1459 898 1523 A.
917 1461 1042 1523 Hirtius
1064 1463 1169 1524 coruul

74 1561 146 1602 cnm
175 1544 310 1605 coercito
333 1544 552 1624 superueniens,
565 1543 650 1626 ficsis
673 1545 721 1606 M.
736 1545 864 1606 Antonii
887 1546 991 1625 copiis,
1005 1544 1167 1625 fortunam

72 1627 233 1706 utriusque
251 1628 356 1707 portis
378 1628 516 1708 oquooit.
565 1629 669 1691 Victus
691 1629 798 1690 deinde
819 1629 858 1690 ab
880 1629 986 1691 Hirtio
1001 1635 1031 1692 et
1048 1631 1167 1693 Cessare

72 1711 230 1771 Antonius
249 1713 282 1772 in
308 1711 441 1773 Galliam
461 1709 605 1793 consopit,
626 1717 657 1774 st
676 1713 725 1774 M.
740 1713 888 1792 Lepidum
908 1732 975 1776 cum
992 1714 1166 1795 leqionibus,

73 1813 143 1876 quc
156 1795 211 1856 snb
225 1795 290 1876 ipso
305 1801 402 1872 eram,
424 1796 483 1858 sibi
496 1796 624 1876 Juncit:
647 1797 798 1877 bostisqus
820 1817 840 1858 o
862 1803 969 1860 senatu
990 1817 1057 1861 mom
1071 1799 1166 1860 omni-

74 1879 143 1955 bus,
162 1879 213 1960 qui
226 1881 310 1942 intro
323 1879 473 1961 prasidio
491 1881 555 1960 ejus
574 1887 681 1960 essent,
695 1881 855 1961 judicotm
878 1887 933 1945 est.
975 1883 1016 1946 A.
1031 1883 1166 1961 Hirtius,

72 1963 130 2044 qui
136 1969 210 2042 post
223 1963 382 2026 uictoriam
395 1965 428 2026 in
441 1966 516 2046 ipsis
526 1967 656 2027 bostium
668 1967 778 2028 sostris
789 1966 949 2043 ceciderat,
964 1973 994 2029 et
1008 1967 1041 2030 0.
1049 1969 1166 2044 Pansa,

72 2049 235 2125 euoluere,
250 2049 330 2130 quod
341 2050 375 2112 iu
390 2049 516 2112 aduerso
524 2051 636 2130 prulio
650 2056 819 2130 cuceperm,
834 2049 1000 2130 defunctio,
1014 2052 1048 2113 in
1062 2071 1166 2132 compo

72 2132 198 2194 Martio
211 2133 321 2214 sepulti
335 2139 414 2196 sunt.
457 2135 613 2196 Aduersus
631 2135 664 2197 0.
681 2135 839 2212 cesarem,
862 2136 913 2215 qui
931 2136 1046 2197 soluse
1070 2137 1168 2198 tribou

73 2215 202 2278 ducibus
223 2225 391 2300 supererat,
408 2239 524 2299 porum
543 2224 653 2300 qratia
674 2225 798 2282 senatus
814 2217 901 2300 solit:
925 2221 986 2300 qui,
1002 2219 1044 2281 D.
1057 2221 1167 2298 Bruto,

73 2301 231 2364 obsidione
244 2303 414 2364 Mutinensi
428 2324 448 2365 a
466 2304 584 2366 Casore
598 2303 736 2381 liberato,
751 2305 863 2366 bonore
877 2305 1023 2388 triumpbi
1038 2303 1167 2383 decreto,

76 2386 211 2447 Caesaris
224 2387 411 2467 militumque
425 2386 489 2468 ejus
501 2389 680 2450 mentionem
693 2407 754 2450 non
767 2389 845 2450 sotis
854 2394 978 2469 ¹quotum
992 2388 1115 2450 babuit:
1130 2388 1167 2451 ob

72 2489 142 2550 qna
167 2470 200 2532 C.
219 2471 330 2548 Caesor,
355 2473 552 2535 reconciliata
565 2493 626 2554 per
644 2473 692 2535 M.
706 2473 854 2553 Lepidum
880 2491 947 2534 cnm
969 2473 1019 2536 M.
1032 2473 1167 2536 Antonio

68 2555 189 2634 qratia,
204 2555 331 2618 Romam
345 2573 412 2620 oum
426 2557 561 2620 coercito
575 2558 667 2636 venit,
682 2563 722 2635 et,
729 2557 882 2640 perculsis
894 2557 1025 2620 aduentu
1038 2557 1103 2638 eius
1116 2559 1166 2636 iis,

71 2639 129 2784 quali
143 2639 176 2700 in
190 2657 257 2701 cum
270 2641 366 2722 iniqui
380 2649 478 2720 mont,
493 2641 606 2723 ⁴quum
620 2661 715 2706 annos
728 2643 928 2706 novemdecim
943 2643 1077 2722 baberet,
1096 2662 1166 2708 con·

135 2729 257 2788 meatus
270 2731 324 2788 est.

566 2989 686 3062 CXX.

121 3177 225 3238 Cosas
239 3173 344 3238 consul
357 3173 450 3256 leqem
464 3173 535 3236 tulit
549 3173 586 3236 de
600 3173 762 3255 quostiam
775 3171 914 3236 babendo
924 3173 958 3235 in
968 3191 1028 3250 eos,
1041 3189 1167 3253 quornm

72 3280 170 3343 opera
185 3266 280 3342 pater
304 3261 420 3322 occisus
442 3264 539 3321 essct:
558 3259 764 3339 postulatique
783 3277 819 3320 eo
837 3258 900 3338 leqe
916 3257 965 3320 M.
980 3258 1106 3334 Brutus,
1132 3259 1166 3321 O.

75 3347 213 3422 Cassius,
227 3345 268 3406 D.
282 3346 410 3421 Bmolus,
426 3343 562 3406 absentes
577 3343 714 3406 domnoli
729 3348 808 3406 sunt.
856 3343 953 3414 Quum
969 3341 1019 3404 M.
1032 3343 1166 3405 Antonio

71 3433 157 3493 vires
181 3430 308 3491 Asinius
330 3447 444 3509 quoqne
466 3429 567 3490 Pollio
588 3433 619 3490 et
641 3428 803 3490 Munatius
824 3427 968 3504 Plancus,
991 3445 1058 3489 cnm
1079 3445 1166 3490 ecer-

72 3515 187 3580 citibns
200 3514 265 3576 suis
280 3512 426 3592 adjuncti,
441 3513 646 3594 ampliasscnt,
669 3517 698 3574 el
712 3513 753 3574 D.
768 3513 894 3588 Brutus,
916 3513 965 3572 oui
978 3516 1110 3587 senalus,
1130 3516 1166 3573 ut

68 3603 304 3680 persequeretur
317 3597 494 3674 Antonium,
509 3595 717 3674 mandaverat,
735 3595 859 3657 relictus
872 3615 893 3656 o
907 3595 1070 3675 leqionibus
1091 3596 1165 3673 suis,

64 3681 259 3766 prosuqisset
269 3707 279 3754 ,·
292 3681 385 3761 jussu
398 3681 536 3759 Antonii,
555 3683 589 3744 in
606 3680 692 3760 csq'ns
706 3684 891 3761 potestatem
911 3683 1044 3756 venerat,
1066 3697 1086 3740 a
1106 3679 1165 3741 Ca·

65 3788 149 3849 perso
164 3767 304 3847 Sequano
318 3763 495 3846 interjectus
517 3769 571 3828 est.
618 3766 650 3829 C.
669 3765 771 3828 Ccsor
784 3783 892 3844 paoem
906 3781 973 3825 cnm
987 3763 1121 3826 Antonio
1136 3769 1165 3826 et

71 3851 191 3932 lepido
204 3849 302 3930 fecit:
325 3851 371 3913 ita
384 3857 419 3913 ul
433 3851 556 3912 tresviri
576 3849 747 3930 reipublice
771 3847 984 3912 constituenda
998 3867 1060 3928 per
1081 3851 1166 3928 quin-

72 3936 236 4016 quennium
250 3939 349 3997 essesut
362 3935 436 4014 ipse,
452 3939 481 3997 ct
494 3933 637 4015 Lepidus,
652 3933 843 3997 etAntonius
851 3959 861 4006 ;
877 3937 907 3994 el
917 3937 952 3994 ut
962 3952 1032 3994 suos
1043 3934 1167 4014 quisque

72 4019 214 4081 inimicos
236 4017 474 4100 proscriberent.
506 4020 540 4080 in
568 4037 627 4099 quoa
648 4017 873 4098 proscriptione
895 4017 1025 4098 plurimi
1052 4019 1166 4098 equites

72 4101 217 4178 Romani,
232 4109 350 4164 centnm
365 4103 493 4183 triqinta
507 4108 680 4164 senatorum
694 4103 816 4165 nomina
822 4098 962 4181 ficuum,
977 4107 1006 4163 et
1020 4101 1101 4162 inter
1115 4117 1166 4161 eos

71 4188 110 4250 1..
125 4187 233 4250 Paulli
239 4185 358 4266 fratris
372 4187 422 4250 M.
435 4185 556 4267 Lepidi,
574 4191 604 4250 et
618 4185 655 4248 L.
673 4185 802 4250 Casoris
814 4185 943 4248 Antonii
965 4183 1114 4258 avunculi,
1135 4187 1166 4244 et

71 4272 122 4334 M.
141 4271 305 4334 Ciceronis.
340 4271 439 4350 buius,
460 4271 552 4333 occisi
575 4271 742 4350 oPopillio
765 4269 930 4350 leqionario
949 4269 1054 4344 milite,
1075 4285 1166 4347 quum

72 4355 199 4418 baberet
215 4373 310 4418 annos
323 4356 484 4438 sccoqinlo
498 4361 571 4434 tres,
586 4360 677 4436 capnt
692 4373 806 4435 quoque
821 4373 889 4416 cum
903 4353 1014 4416 deutra
1028 4351 1166 4414 monnio

178 4512 194 4558 4
213 4513 285 4562 Qum
296 4527 365 4558 annos
376 4514 523 4560 ammeta
534 4507 638 4570 baberet]
657 4509 708 4556 vlo.
721 4507 788 4564 intro,
799 4523 848 4568 cap.
862 4509 903 4554 uls.
915 4507 985 4566 hujus
996 4507 1057 4554 libri.

1268 336 1332 400 543
