3094 4954
206 278 268 386 aaa

778 316 871 381 'I'I'I'I
902 313 1020 380 LIVII

207 481 343 596 lars
371 464 1125 638 seueruintrmlnuncesr
1141 459 1332 630 hia
1353 459 1469 607 Plit-

372 636 512 722 operculi
526 635 681 700 foramina
700 636 872 733 praelongae
897 635 1008 711 hastae,
1024 651 1109 730 'qups
1129 629 1260 692 sarissas
1278 635 1404 726 vopant,
1420 628 1468 726 ‘ad

373 721 606 784 submovendos
629 722 737 784 hostes
760 719 951 784 eminebant.
988 714 1158 780 scmtrllarn
1187 713 1291 812 levem
1314 733 1399 797 ignis
1419 735 1469 775 rn-

373 803 920 954 iiieldffioe'riiienfil'lbffi
935 798 1340 970 clpfflirlaefsffioelll
1360 797 1470 944 {adii

373 974 872 1143 eme,
885 968 1469 1148 cananense

416 1143 514 1206 VIII.
537 1143 648 1208 Quum
662 1143 696 1206 in
710 1143 771 1206 hoc
795 1149 882 1205 stata
899 1162 950 1204 rea
969 1140 1011 1203 ad
1031 1137 1233 1202 Ambraciam
1255 1144 1349 1214 esset,
1372 1135 1469 1220 legati

374 1227 415 1291 ab
430 1226 548 1290 AEtolis
567 1227 720 1291 Phaeneas
735 1235 768 1290 et
782 1225 976 1302 Damoteles,
995 1245 1069 1287 cum
1092 1221 1199 1286 liberis
1221 1221 1391 1299 mandatis,
1415 1221 1470 1284 de-

375 1319 461 1374 creto
488 1311 603 1396 gentis,
632 1312 673 1374 ad
700 1311 863 1375 consulem
889 1316 1055 1374 venerunt.
1099 1327 1174 1370 nam
1201 1313 1333 1404 praetor·
1347 1317 1470 1403 eorum,

374 1417 476 1480 quum
499 1395 560 1460 alia
578 1404 668 1480 parce
693 1396 896 1460 Ambraciam
922 1391 1101 1478 obpugnari
1120 1397 1271 1470 cerneret,
1295 1389 1356 1453 alra
1373 1391 1471 1454 infes-

374 1488 440 1543 tam
455 1501 543 1544 oram
556 1481 691 1544 navibus
704 1481 846 1544 hostium
861 1501 940 1556 esse,
956 1479 1018 1541 alia
1029 1475 1260 1561 Amphilochos
1283 1474 1469 1560 Dolopiam-

375 1585 437 1648 que
452 1585 472 1628 a
485 1565 718 1629 Macedonibus
732 1564 857 1642 vastari,
869 1585 928 1626 nec
943 1561 1070 1626 AEtclos
1086 1560 1180 1624 simul
1195 1560 1236 1624 ad
1250 1559 1332 1622 triae
1347 1559 1471 1622 diversa

374 1649 459 1712 bella
472 1649 679 1713 obcursantes
694 1649 859 1727 subiicere,
880 1655 1052 1711 convocato
1075 1645 1219 1724 concilio,
1241 1644 1368 1708 AEtolos
1381 1645 1471 1730 prin·

376 1732 472 1817 cipes,
487 1733 565 1816 quid
579 1733 738 1817 agendum
753 1743 847 1812 esset,
868 1732 1039 1796 consuluit.
1083 1729 1238 1796 Omnium
1251 1751 1288 1792 eo
1304 1730 1470 1792 sententia

211 1820 283 1868 Μ
295 1834 337 1880 e·-
376 1817 594 1896 decurrerunt,
615 1824 651 1880 at
658 1839 736 1899 pac,
749 1821 778 1881 ri
784 1825 900 1902 pared,
914 1819 1008 1900 apriis
1015 1844 1026 1890 ,·
1049 1818 1078 1879 ci
1095 1817 1205 1892 mmm,
1219 1815 1387 1878 tolerandis
1400 1835 1471 1878 can-

209 1899 260 1932 “m
272 1889 363 1946 Μ·
375 1902 540 1965 ἀϋίοπὶὂω
554 1909 724 1984 peteretne.
766 1905 913 1966 Antiochi
925 1903 1045 1983 fiducia
1061 1902 1170 1964 bellan
1183 1905 1362 1982 susceptam.
1404 1901 1471 1962 Απ-

375 1989 474 2050 ticcho
490 1992 575 2050 terra
589 1989 726 2070 marique
739 1994 893 2070 caperato,
911 1993 941 2050 et
949 2007 1050 2070 prope
1061 1991 1152 2050 eatra
1167 1985 1269 2048 arbem
1283 1991 1374 2048 terra
1387 1987 1471 2047 altra

366 2071 447 2153 japa
465 2073 561 2134 Tauri
574 2079 691 2150 eaocto,
714 2093 804 2155 qaam
818 2093 901 2154 spera
920 2091 984 2135 ecee
1000 2071 1168 2134 trutinandi
1187 2071 1282 2133 teth?
1327 2071 1472 2132 Pheneos

375 2162 405 2220 ct
419 2157 603 2235 Damoteles,
617 2159 699 2239 qaod
711 2177 777 2220 ere
789 2159 976 2234 AEtolarum
989 2163 1024 2220 at
1043 2158 1077 2218 in
1095 2157 1153 2218 tali
1173 2175 1257 2234 caea,
1271 2153 1395 2236 fideque
1414 2175 1471 2218 aaa

374 2261 439 2305 ecce
452 2249 616 2321 comment,
632 2249 766 2328 aperept.
812 2243 901 2316 Quod
913 2244 992 2306 enim
1006 2241 1066 2303 cibi
1078 2241 1246 2318 consiliam,
1261 2246 1315 2302 cat
1327 2240 1412 2320 cajac
1425 2243 1471 2302 rei

374 2327 548 2390 electionem
563 2349 582 2390 a
589 2327 721 2408 sortana
735 2329 901 2391 relictam?
938 2327 1022 2390 Cum
1036 2325 1086 2388 his
1101 2324 1259 2388 mandatis
1274 2323 1368 2409 legati
1382 2325 1471 2386 missi

374 2431 463 2474 orare
484 2413 659 2489 consulem,
679 2419 714 2474 at
729 2419 876 2493 parceret
899 2413 979 2489 arba',
1002 2413 1197 2476 misereretur
1206 2412 1308 2492 peritia
1322 2411 1472 2491 pacandam

374 2497 473 2573 rocio,
488 2497 567 2558 nolle
582 2497 683 2558 dicere
696 2497 829 2575 trifariis,
846 2499 978 2560 miseriis
992 2502 1073 2560 certe
1087 2502 1198 2559 coacta
1213 2497 1358 2558 insanire.
1400 2496 1473 2558 Non

368 2581 442 2660 phar
456 2581 530 2642 mali
544 2581 669 2642 meritos
681 2581 805 2644 AEtoloc
819 2583 966 2644 Antiochi
981 2583 1067 2660 betto,
1090 2600 1181 2662 paam
1196 2581 1265 2642 bani
1279 2586 1359 2658 arcte,
1382 2601 1472 2662 qaam

375 2663 520 2725 adamam
535 2665 713 2744 Philippum
727 2665 869 2728 bellatum
883 2667 935 2744 sit,
943 2665 1067 2747 secisse.
1089 2685 1145 2728 nec
1159 2671 1222 2728 tam
1238 2666 1324 2747 torpe
1334 2667 1471 2747 qratiam

374 2748 506 2810 relatam
519 2748 587 2825 sibi,
603 2769 658 2811 nec
671 2769 752 2812 nanc
766 2751 915 2814 inmodice
923 2771 1048 2832 paenam
1068 2751 1186 2832 injrmpi
1209 2751 1326 2813 debera
1368 2750 1421 2812 Ad
1435 2771 1473 2812 ea

374 2831 488 2894 consul
516 2832 702 2918 respondite
724 2835 832 2917 Mapir
853 2855 941 2917 cape,
964 2857 1055 2917 qaam
1079 2855 1149 2898 cere
1175 2855 1327 2918 amqnmm,
1349 2835 1473 2898 AEtotcs

371 2936 478 2998 pacem
485 2924 602 3000 petere.
637 2919 834 2984 imitarentur
848 2922 1033 2984 Antiochum
1047 2923 1081 2983 ia
1089 2921 1224 3002 petenda
1233 2941 1323 3002 pace,
1339 2941 1425 3002 qaem
1439 2923 1471 2982 in

375 3001 484 3066 deltam
508 3006 685 3068 mactarent.
729 3007 802 3070 Non
815 3008 928 3088 paacie
949 3006 1074 3068 achibas
1087 3025 1164 3083 earn,
1187 3005 1224 3068 de
1238 3025 1367 3087 qaamm
1382 3006 1472 3068 liher-

374 3093 439 3150 tate
463 3095 613 3152 certatam
638 3092 689 3169 eit,
714 3092 770 3154 sed
789 3093 870 3155 omni
895 3092 975 3154 Asia
998 3092 1042 3154 cis
1064 3091 1197 3153 Taaram
1215 3097 1354 3169 mantem,
1375 3093 1471 3172 cpinra

374 3191 477 3254 repnc,
492 3175 664 3237 encaeniare.
708 3177 842 3254 AEtolos,
867 3177 928 3240 nisi
950 3177 1089 3254 inermes,
1114 3176 1151 3237 de
1168 3195 1249 3256 pace
1270 3181 1393 3257 apentcc
1413 3195 1472 3237 non

375 3257 550 3318 auditarum
564 3277 606 3320 re.
642 3279 730 3322 amna
743 3261 806 3324 illic
816 3263 910 3344 prins
924 3281 1072 3342 epaosqae
1089 3279 1190 3323 manes
1212 3261 1378 3323 tradendas
1398 3279 1471 3338 ecce,

375 3339 482 3402 deinde
497 3340 611 3403 ”mitte
624 3345 771 3406 raanan
785 3348 905 3428 arpenti
913 3347 1028 3430 papula
1048 3346 1186 3408 Romano
1212 3345 1364 3408 dandam:
1388 3345 1473 3426 majia

374 3443 497 3486 namma
511 3425 669 3491 dimidiam
677 3449 814 3509 presan
827 3435 1047 3509 numeraretur,
1068 3432 1096 3493 ei
1108 3449 1217 3512 pacem
1230 3430 1341 3494 habere
1352 3431 1471 3492 vehent.

374 3509 476 3572 Acten
491 3509 679 3591 adjectarum
694 3515 786 3577 etiam
800 3517 833 3578 in
839 3514 944 3596 saduc
958 3535 1032 3594 ecre,
1055 3521 1090 3578 at
1110 3515 1238 3595 eordan,
1259 3535 1333 3598 qnae
1339 3515 1473 3596 populas

374 3592 538 3673 Romanas,
554 3597 668 3662 amicae
682 3605 773 3681 atque
786 3601 886 3663 hostes
900 3601 1040 3663 habeant.

418 3677 479 3741 IX.
502 3679 664 3746 Adversus
679 3705 751 3768 quae
766 3683 872 3769 legati,
887 3691 920 3747 et
934 3684 1010 3768 quia
1023 3683 1130 3769 gravia
1144 3689 1245 3762 erant,
1263 3688 1296 3745 et
1310 3680 1384 3764 quia
1397 3703 1472 3744 suo-

373 3781 445 3824 rnm
459 3763 581 3828 animos
595 3765 767 3833 indomitos
781 3768 802 3800 '⁶
813 3791 850 3832 ac
860 3769 1054 3833 mutabiles‘l
1068 3775 1232 3846 noverant,
1247 3765 1337 3830 nullo
1347 3766 1471 3830 reddito

500 3923 558 3968 aad
567 3926 614 3971 tria
623 3927 692 3973 rinei
704 3927 779 3976 Bekk.
1076 3933 1090 3972 l
1106 3927 1257 3976 immutabiles
1269 3927 1343 3976 (Iron.

241 4061 270 4108 21
290 4063 336 4110 Per
352 4065 452 4125 opcmntt
462 4062 592 4130 snrantna]
612 4071 679 4127 Bina,
690 4087 720 4120 ex
738 4075 821 4120 eodem
854 4083 932 4122 temen
942 4075 1022 4122 addita
1033 4075 1131 4130 ratione,
1148 4089 1189 4122 cur
1203 4089 1217 4121 a
1234 4073 1306 4119 veteri
1322 4073 1422 4120 lectlcne
1434 4089 1470 4120 rc-

209 4126 250 4172 lllc
261 4125 399 4187 fragmento.
854 4153 945 4185 ,mum
957 4141 993 4186 ,ξι

242 4191 273 4236 22
291 4191 436 4255 complesset]
454 4195 537 4256 Scripsi
550 4197 693 4246 Gronorianl
710 4208 733 4247 et
745 4209 823 4248 noster
887 4203 919 4249 23
936 4204 1004 4249 Mara
1015 4200 1137 4264 intentam]
1157 4203 1248 4248 Marem
1260 4201 1351 4259 argenti
1364 4201 1459 4256 9³,75th

210 4253 432 4330 vienantnptener.
466 4259 569 4306 Verbum
587 4263 739 4320 raricsImnm,
757 4267 823 4325 cnjus
887 4267 917 4314 at
936 4269 971 4313 Ac
991 4265 1123 4328 mutabiles]
1146 4267 1204 4313 Iloec
1223 4273 1260 4312 eet
1278 4266 1347 4310 lectio
1365 4268 1470 4312 omnium

209 4327 234 4362 et
250 4319 315 4365 alind
332 4324 466 4382 exemplam
484 4325 643 4384 reponebatur
660 4329 722 4387 apud
736 4329 794 4374 Plia.
807 4330 822 4374 Ι.
855 4331 1002 4390 scriptorum,
1015 4331 1112 4378 testibus
1125 4331 1244 4378 Gronorio
1256 4337 1280 4376 et
1292 4330 1409 4376 llearnlo:
1428 4345 1471 4377 nec

209 4379 252 4458 XI.
272 4397 290 4429 c.
306 4384 344 4438 ³7.
380 4389 479 4434 Cachlcis
496 4391 607 4436 acalcrarn
624 4393 693 4438 aloem
710 4395 823 4439 cornicula
855 4395 963 4440 dlceentir
984 4395 1070 4440 Victor.
1092 4396 1158 4442 liber.
1193 4394 1276 4453 ltaque
1297 4393 1330 4438 ric
1352 4395 1470 4441 edendnm

210 4446 410 4512 {aurolentam
428 4453 558 4513 adlmplent.
592 4455 637 4500 Sed
652 4455 675 4502 in
695 4455 824 4503 editiones
855 4458 995 4504 curavimus.
1029 4457 1146 4505 NimIrum
1164 4460 1304 4504 verebantur
1319 4457 1469 4518 legatiindo·

240 4520 270 4554 ir.
284 4511 407 4559 llerdninc
417 4516 530 4566 adornata
538 4517 624 4578 legitur
634 4521 741 4580 hnphnr:
759 4520 823 4567 nulla
855 4523 924 4569 mltos
935 4522 1005 4568 rinrnl
1016 4535 1044 4568 sc
1054 4525 1178 4570 mutabiles
1194 4535 1290 4568 inomni
1301 4522 1407 4578 animam
1424 4526 1471 4570 imo
