3070 4962
459 337 643 404 LIBROR.
666 337 863 404 DEPERD.

110 483 427 566 Kncnmtntenstnn,
448 487 530 568 quod
555 493 662 551 eontra
678 486 783 568 facim
800 493 830 552 et
848 489 1014 552 enercitum
1029 493 1059 552 et
1078 489 1202 553 montes

109 569 259 632 materias
272 569 427 648 baberent,
434 591 545 651 pacem
566 573 648 635 intes·
660 591 711 636 eos
732 579 763 636 et
777 574 977 636 Masinissam
987 571 1096 654 socero
1118 575 1202 636 octu-

111 659 211 731 erunt,
235 653 407 716 Masinissa
434 675 520 736 nyso,
540 655 577 719 de
602 675 660 738 quo
685 658 724 720 tis
750 663 829 735 crat,
854 655 984 720 cedente.
1018 658 1075 721 sed
1098 659 1201 740 Gisoo,

110 738 302 801 Hamilcaris
317 736 415 818 fitius,
434 740 522 802 bomo
540 740 709 818 seddiossss,
727 742 780 822 qui
796 747 867 804 tunc
881 743 914 804 in
926 743 1109 823 monstrato
1122 747 1201 820 erat,

110 841 202 904 mmm
221 827 345 884 senatus
360 823 539 902 positurum
556 843 590 887 sc
602 825 722 906 jsedioio
743 827 851 907 leuatis
873 825 1010 904 dmisset,
1031 827 1078 888 ito
1093 826 1201 889 bedum

111 907 257 969 adoerssss
279 905 434 969 Rommm
456 909 609 971 erradmdo
634 910 806 988 concitauit,
829 915 863 973 ut
884 909 1008 992 bootae,
1030 930 1087 992 quo
1101 912 1201 974 minus

109 992 307 1068 metarentur,
313 989 394 1073 st'da
409 993 597 1072 conticuerit.
628 993 670 1055 Id
682 995 868 1072 nunciantes,
882 993 1022 1076 irsscstum
1028 995 1099 1074 jam
1112 1014 1200 1058 rena-

110 1081 176 1138 tum
190 1075 507 1156 Kartbaainiensibus,
528 1075 714 1158 infestiorem
719 1077 870 1158 fecerunt.
913 1079 960 1142 M.
976 1079 1106 1142 Porcium
1123 1079 1200 1142 Cato

100 1158 178 1239 fitis',
205 1161 239 1222 in
260 1165 404 1240 oratura
431 1163 553 1239 mortui,
573 1159 671 1242 fisum
699 1163 881 1241 tenuissimo,
904 1169 939 1225 ut
961 1164 1068 1242 coluit,
1092 1162 1199 1238 ('nom

102 1263 226 1324 pasrper
236 1249 317 1319 erat)
334 1249 434 1306 sumtu
441 1243 530 1324 fecit.
573 1246 755 1324 Andriscus,
770 1247 822 1328 qui
835 1266 868 1309 se
881 1248 984 1309 Persei
993 1246 1103 1328 fitium,
1117 1250 1200 1330 reyis

108 1327 260 1409 quondam
276 1328 473 1406 Macedonia,
491 1331 607 1412 inqessti
630 1329 855 1394 adseveratione
870 1333 1057 1410 mentiretur,
1072 1333 1200 1394 Romans

107 1413 229 1475 misum.
272 1412 320 1475 M.
335 1413 485 1476 AEmitius
506 1415 650 1496 Lepidm,
673 1416 726 1496 qui
741 1415 886 1496 princeps
899 1420 1022 1478 sensatus
1034 1415 1092 1478 'ob
1104 1417 1200 1479 sentis

99 1497 174 1578 jam
189 1497 359 1573 censoribus
372 1503 440 1560 erat
454 1499 558 1577 lecton,
572 1504 734 1580 antequam
753 1503 933 1580 suspiraret,
947 1502 1095 1580 pracepit
1107 1500 1198 1580 filiis,

108 1584 188 1644 tecto
202 1601 234 1644 se
246 1587 344 1644 strato
357 1583 422 1644 sine
437 1583 548 1661 linteis,
570 1584 635 1646 sine
650 1603 792 1664 purpura
814 1583 975 1664 effmrmst5
997 1585 1031 1646 in
1051 1585 1199 1666 reliquum

100 1665 201 1748 ficosus
213 1665 268 1728 'nc
276 1667 358 1748 pon,
373 1685 464 1748 queam
478 1669 548 1730 mis
559 1667 660 1745 denos,
674 1674 898 1730 consumerent:
914 1669 1081 1750 imoqinum
1090 1669 1198 1749 specie,

107 1771 170 1814 non
185 1751 341 1828 sumtibus,
365 1751 523 1815 nobilitari
539 1771 718 1834 maenarum
731 1753 866 1815 uirorum
872 1751 988 1834 funera
1001 1753 1106 1815 solere.
1149 1753 1198 1816 De

106 1833 1198 2003 ssfimff'ttnpm‘hmstinm

110 2003 234 2084 ”quum
258 2005 387 2084 pretori
409 2024 469 2086 pro
496 2024 529 2067 se
555 2005 648 2068 uades
672 2004 833 2082 dedissent,
857 2010 1052 2086 coenaturum
1077 2006 1197 2070 decreto

108 2095 222 2151 necata
235 2093 315 2151 ment.
354 2088 375 2120 ¹¹
389 2089 531 2167 Gubmsm
551 2089 726 2152 Masinissa
731 2087 829 2172 fitius,
842 2089 1042 2168 dmsunciaoit,
1057 2089 1197 2152 Kartba-

104 2174 178 2254 ,nine
202 2173 333 2236 deiecbcs
355 2174 417 2256 aqi,
439 2174 565 2236 classem
586 2174 768 2254 comparari,
790 2179 820 2236 et
843 2173 928 2235 baud
948 2172 1070 2236 dubium
1089 2173 1197 2236 bellum

105 2259 197 2321 strui.
243 2257 341 2330 Quem
366 2257 442 2321 Cato
463 2259 614 2335 ssmderet,
627 2263 662 2320 ut
676 2258 716 2320 iis
730 2257 838 2320 deuon
852 2256 1045 2335 indiceretur,
1067 2259 1105 2320 P.
1122 2259 1197 2320 Cor·

107 2343 187 2404 netio
210 2341 328 2404 Nasica
351 2341 478 2419 dicente,
501 2343 580 2404 scibit
601 2347 711 2405 temere
725 2339 917 2422 faciundum,
939 2342 1070 2422 plausit,
1095 2341 1197 2404 decern
1290 2362 1294 2370 ·

106 2427 190 2490 mitti
204 2427 318 2507 tenatos
337 2427 538 2506 senioratum.
579 2425 617 2490 L.
631 2427 770 2490 Licinius
792 2425 946 2504 Lueuttm,
967 2427 1008 2488 A.
1022 2427 1197 2488 Postumius

106 2511 239 2574 Albium
253 2511 397 2588 consules,
418 2531 509 2592 quum
522 2511 668 2574 delectum
679 2530 779 2574 seuere
792 2515 925 2591 arerent,
947 2529 1002 2573 nec
1020 2531 1197 2592 qsumquam

103 2596 212 2676 matio
233 2595 429 2672 dimitterent,
450 2595 490 2658 ab
509 2595 639 2658 tribunis
647 2595 756 2676 plebis,
771 2596 823 2676 qui
830 2614 892 2676 ,oro
907 2597 1014 2658 amicis
1027 2596 1091 2658 suis
1105 2615 1197 2658 uoca-

108 2681 220 2742 tionem
231 2681 395 2760 impetrare
404 2685 622 2760 nonpoteront,
637 2681 670 2743 in
685 2699 837 2742 carcerem
851 2679 978 2760 conjecti
991 2685 1072 2743 sunt.
1099 2679 1196 2753 Quum

106 2764 310 2844 Hispaniense
325 2763 441 2840 beilum,
451 2784 565 2845 parum
572 2783 720 2845 prospere
734 2765 892 2846 otiqscoties
905 2770 1034 2846 aestum,
1055 2766 1101 2828 ita
1126 2784 1195 2828 con-

98 2847 235 2930 firdisset
250 2849 401 2912 ciuitatem
415 2849 595 2926 Romanam,
615 2853 650 2910 ut
671 2869 708 2911 nc
728 2849 884 2928 iiquidesn
907 2850 1123 2927 invenirentur,
1144 2849 1197 2930 qui

107 2938 162 2995 ont
177 2933 363 2995 tribunatum
377 2935 559 3014 acciperem,
581 2937 635 2994 aut
658 2933 751 3013 boati
773 2933 820 2994 ire
841 2933 960 3011 cedent,
983 2934 1022 2995 P.
1040 2933 1197 2994 Cornelius

106 3017 296 3080 AEnsitianm
308 3019 469 3098 processit,
490 3021 520 3080 et
535 3021 728 3096 euceptmum
741 3035 774 3078 se
788 3016 905 3078 militia
915 3035 1020 3097 oenus,
1035 3016 1196 3097 quodcum-

106 3122 165 3183 que
193 3103 372 3182 imperatum
401 3107 488 3178 essct,
506 3097 664 3182 professes
692 3105 747 3162 est.
782 3119 840 3180 osso
865 3101 1000 3180 eoonpio
1029 3119 1129 3162 omnes
1155 3099 1198 3161 od

105 3185 240 3250 studitam
254 3185 406 3249 militandi
421 3186 592 3249 concitauit.
616 3183 636 3216 ¹¹
643 3183 681 3247 L.
690 3183 836 3246 Lucullus
851 3185 963 3262 consui,
977 3185 1029 3266 qui
1043 3184 1092 3246 M.
1105 3183 1195 3246 Glari·

140 3321 156 3375 7
173 3321 233 3368 Non
243 3335 330 3381 panon
346 3317 408 3381 erat]
429 3320 500 3366 iisud
517 3319 551 3366 its
570 3319 716 3376 Plutsschus,
749 3319 815 3376 libro,
828 3333 847 3366 c.
861 3319 899 3375 1⁰,
911 3319 970 3366 nihil
981 3319 1103 3375 definiem,
1114 3321 1221 3368 modicam
1232 3323 1359 3382 manian,

106 3385 148 3446 qui
167 3385 281 3431 Catonem
298 3385 435 3443 colligenda
454 3385 559 3444 pecunius
574 3384 717 3430 studiosissi—
749 3383 774 3431 in
786 3383 857 3430 funus
868 3398 937 3430 suum
948 3385 1051 3430 consumi
1060 3384 1157 3444 Jussisse
1170 3385 1284 3444 Lepidum
1293 3387 1358 3432 dicit.

105 3463 173 3495 mum
185 3448 254 3494 inisse
266 3449 372 3502 affirmas,
383 3462 427 3494 uec
444 3448 538 3494 mulsei
553 3461 603 3494 rem
615 3447 717 3500 cessisse.
783 3447 814 3496 1⁰
834 3448 898 3494 Viros
908 3445 1104 3509 suaseonsutares]
1119 3449 1216 3495 Addidit
1226 3450 1359 3496 Gronovius

106 3515 171 3560 Eum
182 3512 235 3558 ride
247 3513 272 3558 in
284 3513 334 3558 cst.
348 3511 403 3570 Mal.
748 3525 762 3558 e
781 3512 856 3557 tribus
877 3511 943 3558 MSS.
962 3525 1042 3558 rocem
1059 3513 1193 3560 conmiarss.
1227 3513 1288 3559 Sene
1299 3513 1359 3560 sites

140 3577 209 3622 unc
226 3577 296 3622 sestis
307 3573 359 3636 jon
373 3571 513 3635 consoribus]
531 3573 630 3621 Addidit
649 3575 716 3633 Sigo-
748 3575 818 3620 exiis
831 3575 1155 3622 L·Postusniusconsuistum
1166 3584 1276 3636 gesserm.
1309 3577 1356 3623 Sed

105 3639 161 3686 nius
173 3640 311 3699 porticulum
323 3641 370 3686 ab:
387 3653 435 3686 non
452 3639 503 3686 sinc
520 3652 597 3696 muse,
610 3645 636 3685 ut
646 3647 716 3698 pute-
749 3639 875 3685 Claudium
887 3639 992 3684 Asellum
1003 3639 1074 3685 tuisse
1085 3641 1203 3685 consulem
1217 3655 1263 3687 uon
1281 3648 1359 3688 exstet

105 3717 168 3750 mus.
749 3703 868 3748 memorie.
903 3701 986 3748 Vide.
1000 3701 1030 3750 lo
1040 3703 1109 3762 huius
1121 3703 1182 3749 libri.

139 3767 156 3815 s
172 3767 208 3814 Ne
216 3767 270 3827 ptus
279 3781 346 3828 quous
353 3769 407 3813 aris
414 3762 494 3826 dmm]
512 3767 609 3813 Summe
619 3765 717 3811 ridicule
783 3765 810 3812 li
832 3765 904 3814 Quum
913 3769 1007 3825 prestari
1016 3767 1104 3826 prades
1114 3767 1223 3828 vadesque
1230 3763 1358 3829 dedissent]

104 3831 199 3890 exigue.
234 3831 294 3876 Deni
306 3830 369 3876 enim
380 3830 440 3886 seris,
452 3829 543 3876 etiamsi
555 3841 624 3888 grune
636 3843 668 3874 ns
679 3829 716 3874 iu·
750 3830 864 3876 Observst
883 3829 1014 3875 Gronovius
1032 3829 1091 3875 nihii
1111 3829 1149 3876 hie
1164 3831 1281 3890 preditus
1299 3845 1358 3890 opus

104 3893 627 3954 telligatur,equantdensriumunuro,sirs
643 3906 717 3938 unum
748 3907 807 3940 esse.
841 3892 1245 3948 Prudesenimiuiitenummsris,
1254 3893 1358 3940 ndesin

103 3957 198 4016 urgenti
213 3971 323 4019 grossum.
356 3957 424 4004 Unus
444 3957 494 4004 MS.
517 3965 577 4003 teste
599 3956 718 4003 Gronorio
749 3971 775 4002 re
786 3956 879 4016 espitsii
891 3957 1013 4005 dabuntur.
1047 3957 1130 4016 ltaque
1147 3971 1176 4004 ex
1187 3957 1256 4002 vssiis
1273 3957 1357 4015 depra-

104 4023 178 4068 hebet
189 4021 243 4067 aris
253 4021 399 4076 damnande
408 4021 586 4067 iseiilimumest
594 4021 718 4066 idefflcore
750 4029 855 4066 satarum
875 4020 900 4066 in
923 4019 990 4067 MSS.
1012 4020 1138 4067 lectionum
1160 4020 1263 4078 vestigiis
1283 4019 1359 4066 varius

105 4085 171 4146 quod
184 4085 718 4143 Pithasm,memorunteiiesrnimoonjecesst,
750 4083 925 4131 emendationes
947 4091 1037 4130 tentet:
1064 4097 1163 4142 querum
1184 4083 1234 4128 nee
1256 4083 1358 4129 msxisns

103 4149 261 4196 aerisdscissc
278 4149 323 4194 nisi
335 4149 398 4207 quod
414 4156 471 4194 tunc
488 4161 580 4194 summu
597 4163 644 4193 non
662 4161 717 4192 con·
751 4147 867 4208 perspicui
886 4161 968 4194 sensus
987 4161 1038 4194 esse
1056 4145 1122 4192 nobis
1137 4145 1243 4192 ridetur:
1259 4160 1327 4206 quum
1343 4161 1359 4193 a

104 4212 357 4271 temnendsexsurgit.
392 4212 475 4259 Decies
491 4212 554 4257 enim
571 4219 718 4257 centenses-
750 4219 845 4270 prestare
866 4213 904 4258 dis
925 4212 988 4258 dieta
1005 4211 1073 4258 cadas
1091 4209 1211 4256 dsdirsm
1253 4209 1300 4254 Sed
1318 4209 1359 4256 iile

104 4277 168 4324 sium
180 4275 262 4331 rniliie,
274 4276 365 4322 etiamsi
377 4275 540 4334 intelliguntur
551 4275 658 4334 vulguree
667 4282 717 4320 tum
751 4275 843 4333 longius
854 4275 902 4320 sbit
913 4289 928 4320 s
940 4275 1006 4321 MSS.

102 4353 177 4394 uses,
186 4339 226 4399 qui
238 4340 345 4386 renident
360 4340 384 4386 in
396 4339 520 4386 denarium
535 4339 715 4384 contribuebsn·
782 4337 811 4386 lu
829 4339 928 4385 Gulussa
939 4369 945 4384 .
957 4369 982 4384 ..
999 4336 1150 4390 dementavit,
1163 4333 1302 4396 Cartbagine
1318 4335 1358 4384 ds·

103 4415 152 4460 sur,
164 4412 259 4463 equsnt
276 4404 384 4450 denarios
403 4403 500 4458 dimoti,
519 4415 608 4449 marcus
625 4400 716 4460 argenti
748 4403 819 4448 tectus
837 4399 890 4463 agi]
917 4401 1002 4448 bieiius
1021 4399 1126 4447 Pithoeus
1145 4397 1209 4458 apud
1228 4399 1359 4446 iiesrniuus

104 4475 221 4515 nostrates
233 4465 288 4522 976,
300 4467 380 4512 uncias
391 4467 414 4522 i,
422 4466 565 4513 semunciam
579 4465 600 4512 1.
635 4465 716 4511 {mite-
749 4467 872 4512 nunciavit.

103 4547 159 4580 snur
176 4539 270 4578 esuum
287 4530 442 4578 Freinshemii
458 4530 604 4584 modestiam,
616 4529 657 4588 qui
674 4529 717 4575 noc
784 4528 814 4575 13
832 4529 858 4574 l..
872 4529 979 4576 Lucuttus
994 4525 1078 4582 cosmi,
1094 4522 1217 4586 (Claudius
1228 4526 1360 4580 ddareeitsss,
