3070 4962
475 928 821 1011 EPITOMAE

261 1177 952 1274 ·LIBRORUM

459 1422 844 1491 DEPERDITORUM.

534 1616 773 1628 ......----

578 1745 721 1820 XLVI.

104 1893 331 1958 EUMENES
351 1913 409 1956 reu
432 1893 560 1956 Romam
583 1892 685 1955 oeuit:
717 1893 779 1974 qui,
805 1893 876 1973 quio
898 1894 1097 1959 Macedonico
1121 1896 1196 1960 bella

104 1979 238 2042 medium
263 1983 375 2061 efferat,
395 1998 432 2040 ue
455 1983 509 2040 aut
534 1979 630 2039 hostis
643 1975 805 2056 judicatus
825 1978 988 2057 viduetur,
1011 1981 1197 2044 risnellum

105 2069 196 2142 esset,
216 2069 270 2126 aat
293 2063 438 2125 liberatus
460 2062 595 2139 uimine,
617 2063 646 2124 si
671 2062 902 2135 admitteretur;
924 2065 957 2125 iu
979 2083 1131 2127 commuue
1148 2067 1198 2128 lea

106 2150 240 2226 luteast,
255 2167 292 2210 ue
306 2148 354 2210 oui
368 2149 434 2228 νομί
446 2147 575 2209 Romam
592 2148 694 2208 uenire
706 2147 820 2208 liceret.
866 2147 1012 2209 Claudius
1027 2149 1198 2212 Marcellus

106 2234 214 2296 consul
221 2233 350 2313 Alpinos
367 2231 482 2308 Gallos,
498 2233 531 2293 0.
548 2231 700 2311 Sulpicius
722 2231 829 2292 Gallus
852 2231 957 2292 consul
978 2232 1108 2314 Liqsmes
1128 2233 1198 2294 sud-

107 2319 180 2399 eqit.
220 2317 330 2398 Legati
343 2317 463 2378 Prusia
478 2317 560 2396 reyis
571 2315 723 2396 conquesti
736 2321 807 2376 sunt
826 2315 863 2377 de
873 2315 1018 2394 Eumene,
1031 2315 1199 2397 quoodfiues

106 2421 179 2464 suos
195 2402 415 2482 popularetur:
438 2401 647 2480 diueruntque,
662 2419 729 2461 eum
754 2401 942 2480 conspirasse
965 2420 1032 2463 oum
1046 2401 1198 2464 Antiocho

108 2492 216 2549 eontra
223 2486 368 2566 populum
381 2485 560 2548 Roruauum.
603 2484 740 2546 Societas
754 2503 821 2546 oum
832 2483 961 2546 Rliodiis
970 2485 1199 2565 deprecantibus

108 2569 214 2633 iuncta
233 2576 287 2633 est.
329 2569 475 2632 bostrum
500 2589 520 2630 a
544 2568 715 2631 camoribus
740 2569 892 2632 eonditum
914 2575 968 2632 est.
1015 2571 1111 2632 Genua
1128 2577 1199 2634 suut

110 2655 220 2717 ciuium
234 2656 335 2736 capita
350 2660 484 2717 trecenta
494 2654 602 2735 uiqiuti
611 2658 724 2734 septem
732 2653 829 2716 millia
838 2655 945 2735 maiuli
954 2655 1023 2717 duo.
1051 2655 1200 2737 Princeps

109 2744 233 2801 sertatim
255 2741 349 2802 lecton
361 2740 409 2801 M.
424 2739 572 2800 AEmitius
586 2738 728 2818 Lepidus.
766 2738 774 2770 ¹
787 2739 967 2802 Ptolemoeus
980 2741 1112 2822 AEyypli
1132 2759 1199 2817 reu,

106 2825 215 2904 pillau
228 2843 320 2904 reyuo
343 2825 493 2886 aminare
507 2822 624 2902 fratre,
638 2823 738 2885 missis
753 2823 796 2886 od
818 2843 884 2886 eum
904 2825 1021 2904 leuatis,
1040 2825 1200 2887 restitutus

111 2913 167 2970 est.
205 2908 374 2970 Ariarathe
391 2907 589 2988 Cappadocia
603 2926 673 2988 reqe
694 2912 822 2984 mortuo,
835 2907 923 2986 filius
939 2908 1003 2988 ejus
1014 2909 1200 2971 Ariarathes

111 3011 236 3073 reanum
259 2993 384 3072 aceepit,
399 2998 429 3054 et
452 2992 619 3054 amicitiam
642 3011 709 3053 oum
725 2993 839 3071 populo
853 2991 990 3053 Romano
1006 3011 1067 3071 per
1085 2993 1200 3073 leyalos

111 3080 276 3140 renouauit.
319 3078 381 3138 Res
396 3081 549 3158 praterea
567 3075 711 3137 aduersus
728 3075 867 3155 Mauros,
882 3080 911 3137 et
928 3077 1046 3152 Corsos,
1061 3081 1090 3138 et
1109 3077 1199 3138 Liui-

113 3167 211 3239 tonos,
225 3163 311 3224 aomo
325 3167 431 3224 eoeutu
441 3165 554 3242 aestas,
569 3166 598 3222 et
612 3165 711 3222 motus
725 3160 834 3240 Syrie,
845 3165 963 3222 mortuo
976 3161 1137 3236 Antiootoo,
1148 3161 1200 3240 qui

106 3245 209 3328 filium
223 3247 406 3308 Antiochum
414 3265 545 3326 puerum
560 3244 721 3308 admodum
735 3245 910 3325 reliquerat,
925 3245 1066 3308 oudinet.
1110 3245 1201 3307 Huuo

113 3330 297 3392 Antiochum
313 3351 444 3412 puuum
458 3328 468 3359 ¹
480 3349 547 3392 oum
559 3329 656 3410 Lysia
665 3335 764 3392 tutore
777 3329 960 3406 Demetrius,
976 3329 1094 3392 Seleuci
1101 3328 1200 3409 filius,

115 3415 165 3496 qui
175 3415 278 3478 Roma
289 3415 373 3478 obses
378 3413 497 3496 sumat,
511 3411 620 3492 ⁸elnm,
633 3415 705 3494 quia
720 3435 779 3477 non
790 3414 999 3478 dimittebatur
1009 3435 1029 3476 a
1044 3414 1201 3491 Romanis,

114 3501 266 3562 interemit
273 3527 284 3573 ,·
313 3505 344 3562 et
362 3501 427 3580 ipse
441 3499 475 3561 iu
488 3518 613 3580 reanum
627 3505 774 3580 receptus.
817 3499 855 3562 L.
870 3500 1000 3561 AEmilio
1013 3500 1134 3576 Paullo,
1149 3499 1201 3580 qui

114 3585 230 3646 Perseu
252 3587 377 3661 υἰοεναί,
392 3589 520 3661 mortuo,
535 3589 623 3646 tauta
638 3583 702 3663 ejus
716 3583 899 3646 abstinentia
910 3582 985 3662 suit,
998 3587 1043 3660 ut,
1058 3603 1148 3663 quum
1162 3603 1202 3645 ea

115 3669 266 3748 Hispania
281 3675 311 3732 ot
324 3689 363 3732 eu
377 3668 561 3731 Macedonia
575 3669 725 3730 iuueeusas
736 3687 806 3748 opes
824 3669 987 3744 retulisset,
998 3669 1051 3729 uia
1072 3688 1111 3730 eu
1129 3687 1201 3730 auo-

116 3755 195 3816 tioue
208 3752 273 3832 ejus
286 3753 443 3816 reductum
456 3754 507 3830 sit,
519 3752 598 3815 unde
611 3753 702 3814 uuori
715 3752 779 3831 ejus
793 3751 848 3813 dos
861 3751 1036 3814 solueretur.
1064 3753 1202 3833 Pompti-

116 3857 161 3900 ua
168 3837 298 3917 paludes
312 3859 332 3900 a
344 3838 482 3900 Cornelio
500 3838 628 3917 Cettteqo
638 3837 825 3914 consulatui
836 3837 1042 3916 eaprooiuoia
1052 3841 1201 3914 evenant,

116 3923 245 4000 siooatoe,
260 3942 389 4004 namque
402 3941 441 3984 ea
454 3922 495 3983 iis
499 3921 616 4002 sactus.

149 4069 160 4118 l
178 4070 312 4118 Ptolsmaeus
323 4087 363 4118 res
373 4071 479 4132 AEgyptt,
489 4071 569 4130 pulum
577 4084 646 4132 reguo
656 4084 671 4116 a
682 4070 725 4116 mi·
790 4069 806 4115 2
818 4069 873 4116 Cum
881 4069 954 4130 aym
962 4065 1047 4130 tutore]
1060 4067 1159 4116 Addidit
1169 4067 1277 4127 Sigonius
1286 4083 1366 4118 vocem

117 4150 167 4182 nore
178 4129 270 4196 fratrs]
296 4135 333 4181 Sic
350 4135 521 4181 treuGronovii
539 4133 605 4180 MSS.
618 4131 725 4180 etCsm-
757 4130 813 4194 ejus,
831 4147 902 4192 quam
920 4133 1005 4180 deinde
1020 4141 1158 4193 “oeperunt
1179 4131 1286 4178 editores.
1320 4135 1368 4182 Sed

117 4213 196 4274 ponus.
238 4197 314 4258 Vulgo
326 4199 461 4246 Ptolemaeis
473 4199 633 4308 ὢςέρὲἰονὸυπ
649 4211 726 4305 “²2⁰
757 4195 1039 4307 ἓῑιῐιοίΙεὶηῑοΙΙίἓίἓπι
1057 4209 1230 4270 quumqusueo
1242 4197 1368 4308 sffid'dnss

117 4258 725 4388 wttt'ugtttttttssot,letti
759 4271 1351 4384 latuistis,,uetustum²

118 4404 145 4438 ex
156 4403 220 4436 more
231 4389 300 4438 solito
310 4389 431 4452 loquendi.
465 4389 554 4438 Vocula
571 4403 584 4438 s
601 4389 670 4450 plone
686 4401 725 4434 re·
788 4387 805 4434 3
823 4389 893 4444 Clam,
908 4389 963 4448 quia
979 4403 1022 4434 nou
1039 4387 1197 4434 dimittebatur
1214 4401 1229 4433 o
1250 4383 1367 4450 Romanu]

119 4455 213 4502 dundut.
759 4451 827 4498 Adde
839 4451 877 4498 hic
887 4453 983 4512 elapsus.

386 4539 459 4604 (5⁰³)
