3108 4982
485 317 571 380 LIB.
595 317 760 382 XXXIX.
792 317 888 383 CAP.
911 319 993 384 XII.
1336 333 1399 396 203

140 467 250 532 testim
263 465 378 532 mulier
391 464 556 544 exclamat,
579 466 717 546 ffscpolc
737 465 896 532 mamilla
917 485 1023 531 carere
1046 487 1113 532 essa
1134 471 1235 536 deceat
1247 492 1276 539 u.
1285 493 1312 540 c.
1324 495 1380 543 mu

10 615 12 620 ,
139 559 244 616 noctes
257 569 427 632 conpesce,
442 551 526 612 illius
541 550 564 582 ‘⁸
574 556 703 612 eccetan
723 551 925 614 delinimentis
943 557 974 614 et
995 555 1116 617 veneaia
1136 557 1233 620 imis·
1245 556 1274 603 l»
1283 558 1311 604 0·
1325 557 1378 606 Μ

137 643 215 716 tan,
230 655 285 700 aee
293 637 445 717 pareatis,
458 653 514 698 nec
526 635 631 698 vilrici
641 634 664 711 ⁶,
678 653 733 698 nec
742 635 877 698 Deam
887 639 1098 700 omentadiom
1111 641 1231 706 latim.

132 722 304 808 jurgantes
319 719 395 782 hinc
409 725 520 795 mater,
538 718 613 782 hinc
627 717 768 796 vitricus,
782 739 857 782 cum
877 729 1015 802 quatuor
1038 743 1110 784 eum
1132 725 1230 788 servia

139 807 236 870 domo
251 811 434 888 exegerunt.
475 801 670 866 Adolescens
693 802 767 866 inde
792 803 832 866 ad
854 803 1022 868 AEbutiam
1043 826 1077 868 se
1100 808 1229 873 amitam

139 889 294 953 contulit:
316 907 524 970 camsamque
545 886 585 964 ei,
600 907 657 949 cur
678 894 761 950 esset
782 895 916 951 amatre
936 889 1066 972 ejectus,
1081 893 1227 959 narravit.

139 975 253 1038 deinde
266 993 305 1036 cx
318 971 505 1035 auctoritate
516 969 584 1034 e'us
617 979 722 1034 ostero
733 971 783 1034 die
794 971 835 1034 ad
843 972 1005 1036 consulem
1017 973 1228 1055 Postumium,

138 1058 264 1122 arbitris
277 1056 419 1133 remotis,
433 1075 501 1118 rem
519 993 574 1118 det
610 1055 643 1118 't
687 1054 810 1120 Consul
832 1065 908 1141 post
928 1057 1013 1121 diem
1038 1059 1167 1122 tertium
1186 1061 1228 1126 ad

10 1211 12 1218 ‚
138 1163 172 1206 ae
182 1142 312 1227 jussum
332 1139 433 1204 redire
456 1139 594 1202 dimisit:
617 1139 686 1223 ipse
711 1139 894 1225 Sulpiciam,
916 1163 1043 1225 gravem
1066 1143 1227 1226 feminam,

139 1249 265 1290 socrmn
290 1247 391 1303 auam,
412 1231 638 1308 percunctatus
660 1231 719 1302 cst,
744 1244 868 1306 ecquem
892 1246 983 1288 amaa
1004 1228 1165 1292 AElalioat
1187 1251 1228 1294 ea

137 1313 289 1374 Aventino
309 1311 434 1373 nosset?
468 1329 569 1392 quum
586 1329 653 1372 eom
674 1329 771 1386 acrae,
782 1309 925 1391 molam,
946 1315 976 1373 et
996 1314 1115 1393 asdiqai
1132 1317 1226 1378 moris

130 1395 289 1477 seminam,
308 1393 531 1476 respoadirsel,·
553 1413 627 1474 opus
640 1413 705 1456 erce
717 1394 778 1456 ribi
791 1413 827 1457 ea
842 1401 987 1457 concerto
1001 1395 1090 1459 dixit.
1124 1400 1225 1461 mitte-

138 1486 186 1543 ret
200 1481 341 1544 mamea
354 1479 399 1541 cd
410 1499 486 1558 eata,
501 1483 535 1540 at
549 1479 674 1542 veniret.
716 1477 851 1542 AEbutia
864 1477 968 1542 adcita
988 1479 1031 1542 ad
1052 1479 1225 1564 Sulpiciam

138 1563 236 1628 venit.
263 1572 295 1627 et
319 1561 432 1627 consul
454 1561 561 1648 paullo
589 1571 674 1647 post,
695 1562 783 1626 velut
805 1563 886 1626 forte
911 1563 1141 1644 intervenisset,
1161 1587 1226 1630 scr·

139 1669 266 1711 monem
280 1649 319 1712 de
332 1646 467 1711 AEbutio
486 1647 591 1710 arants
605 1646 674 1732 ejus
688 1647 754 1710 filio
774 1646 880 1710 infert.
922 1649 1077 1713 Lacrimae
1100 1650 1225 1714 mulieri

139 1733 269 1812 obortas,
281 1741 314 1798 et
333 1731 475 1795 miserari
497 1753 605 1794 casum
629 1731 835 1796 adolescentis
862 1733 967 1817 coepit,
992 1734 1048 1818 qui
1071 1735 1224 1819 spoliatus

137 1817 283 1897 fortunis,
298 1839 317 1880 a
330 1817 448 1902 quibus
462 1815 592 1880 minime
605 1823 774 1901 oporteret,
789 1817 875 1902 apud
890 1837 923 1880 se
936 1827 1014 1881 tunc
1035 1827 1128 1899 esset,
1142 1820 1225 1905 ejec-

136 1911 190 1966 tus
204 1925 224 1966 a
244 1911 355 1980 matre,
370 1901 457 2048 quod
479 1900 600 1986 probus
622 1901 804 1965 adolescens
830 1901 929 1984 (⁴'Dii
950 1903 1080 1990 propitii
1103 1909 1221 1992 essent)

136 1987 306 2064 obscaenis,
320 1995 357 2049 ut
384 2007 455 2048 uma
468 1993 562 2064 esset,
576 1985 671 2048 sacris
685 1985 802 2050 initiari
815 1985 923 2050 nollet.

179 2071 262 2134 XlI.
285 2071 367 2134 Satis
381 2070 420 2133 de
432 2070 567 2134 AEbutio
580 2070 779 2154 exploratum
791 2077 880 2133 ratus
891 2070 1012 2149 consul,
1026 2093 1092 2136 non
1104 2095 1222 2138 vanum
1237 2095 1334 2155 ntspue

136 2164 302 2217 auctorem
323 2175 400 2234 esse,
413 2153 542 2218 dimissa
556 2154 700 2233 AEbutia,
722 2175 848 2218 socrum
868 2163 969 2238 rogat,
983 2163 1021 2218 ut
1045 2157 1222 2242 Hispalam,
1235 2168 1355 2206 ventura

135 2239 281 2303 munem
295 2259 334 2303 ex
348 2239 503 2303 avanano
524 2239 715 2316 omnnem,
728 2259 795 2301 non
817 2238 959 2322 ignotam
973 2239 1107 2317 aalma,
1122 2263 1222 2305 aaa
1234 2223 1335 2270 ΝΜ·

136 2331 220 2388 seret
231 2323 273 2388 ud
288 2343 366 2387 sese.
393 2343 470 2403 eam,
486 2344 612 2408 quoque
627 2343 706 2401 esse,
722 2343 794 2406 quoe
808 2322 1007 2407 percunctari
1020 2323 1123 2387 vellet.
1165 2326 1219 2390 Ad

135 2409 228 2494 cujus
243 2408 397 2472 nuncium
418 2409 603 2493 perturbata
618 2407 762 2494 Hispala,
778 2406 865 2492 quod
885 2407 926 2470 ad
945 2414 1011 2470 tam
1031 2407 1169 2472 nobilem
1190 2418 1223 2474 et

136 2513 265 2578 gravem
278 2493 426 2557 feminam
450 2493 561 2578 ignara
582 2513 703 2556 caussae
726 2499 953 2556 accenseretur:
975 2499 1145 2578 postquam
1167 2495 1223 2558 lio-

135 2587 223 2640 torcs
237 2577 271 2640 in
287 2577 443 2642 vestibulo
457 2578 646 2662 turbamque
666 2577 863 2641 consularem
885 2586 918 2640 et
939 2577 1102 2642 consulem
1115 2579 1221 2664 ipsum

136 2661 310 2747 conspexit,
323 2683 422 2748 prope
433 2663 610 2726 exanimata
619 2669 678 2726 est.
722 2662 762 2725 ln
775 2661 956 2726 interiorem
966 2670 1089 2747 partem
1103 2665 1222 2728 oedium

134 2745 307 2811 abductam
329 2767 422 2812 socru
444 2747 586 2810 adhibita
610 2747 732 2825 consul,
746 2749 782 2812 st
804 2767 878 2810 cera
902 2749 1003 2811 dicere
1026 2749 1168 2813 inducere
1188 2751 1222 2813 ia

135 2833 386 2914 caiamaapoasei,
398 2839 504 2916 negat,
513 2833 693 2913 pmturlcri
715 2831 830 2895 debere.
850 2831 946 2911 fidem
968 2835 1018 2895 ael
1038 2835 1221 2914 oSalpicic,

134 2915 326 2997 talisnaiao,
340 2919 389 2980 vel
401 2917 440 2980 ob
454 2937 487 2980 ae
501 2919 659 2998 occiperet.
687 2921 877 2998 eaprmaeret
893 2917 963 2993 sili,
988 2937 1053 2996 qaae
1078 2917 1141 2980 ”ia
1154 2919 1221 2981 laco
1273 2995 1274 2999 Ἰ

134 3001 263 3064 Similia
280 3001 550 3065 ’Bacchanalibus
564 3003 597 3065 ia
612 3019 701 3064 acero
714 3006 860 3064 anctum
874 3001 1005 3062 coarcat
1019 2999 1105 3080 fieri.
1149 3001 1221 3064 Hoc

133 3084 190 3148 ubi
211 3085 343 3165 audivit,
367 3094 477 3149 tentus
500 3106 598 3172 pavor
625 3093 805 3168 tremorque
835 3083 978 3147 omnium
1005 3083 1221 3148 membrorum

133 3169 298 3233 mulierem
325 3171 420 3256 cepit,
444 3177 482 3233 ut
511 3171 567 3234 diu
591 3169 711 3234 hiscere
738 3189 804 3232 non
831 3175 957 3253 possete
989 3167 1118 3231 tandem
1145 3189 1221 3232 con-

132 3253 268 3332 firmate,
280 3257 417 3336 puellum
439 3256 599 3318 admodum
620 3275 652 3318 sc
673 3255 816 3318 ancillam
835 3254 989 3316 initiatam
1002 3273 1070 3317 cum
1088 3255 1220 3334 domissq

133 3337 187 3402 ait.
217 3342 334 3420 aliquoi
348 3342 446 3418 anau,
460 3361 500 3403 ea
523 3361 580 3422 quo
602 3340 787 3402 mammea
809 3340 861 3416 sit,
883 3339 970 3416 aiiii,
993 3339 1069 3422 qaid
1087 3339 1131 3402 ili
1146 3338 1219 3419 fiat,

132 3425 222 3486 scire.
246 3423 315 3507 jam
337 3424 372 3490 id
393 3423 500 3510 ipsum
525 3423 637 3487 consul
660 3423 798 3502 laudare,
820 3443 910 3504 quum
932 3424 1087 3486 initiatam
1106 3443 1139 3487 ae
1160 3443 1221 3494 aaa

132 3507 334 3588 inficiaretur,
346 3509 401 3572 aed
412 3516 443 3574 et
456 3515 557 3573 celero
571 3509 675 3572 eadem
688 3509 755 3588 fide
768 3514 965 3589 depromeret.
994 3510 1117 3590 ceponii
1136 3509 1220 3573 eslim

133 3593 298 3678 qtcidquom
312 3597 391 3658 scire
403 3593 423 3626 ‘¹
432 3615 492 3658 aon
506 3593 650 3672 eamdem,
665 3591 778 3671 dicere,
792 3593 820 3654 si
834 3597 1019 3674 coarpuolur
1032 3591 1072 3654 ob
1094 3593 1166 3672 alie,
1180 3611 1218 3657 ec

231 3725 296 3780 ‘iaec
306 3733 383 3778 atrati
393 3745 432 3778 aec
439 3731 544 3792 portatis
556 3729 628 3776 (iren.
640 3729 709 3776 Cres.
843 3727 951 3772 ‘Simila
963 3725 1060 3788 Kreyss.
1073 3725 1150 3774 Beltlr.

166 3844 199 3892 48
215 3841 332 3904 hatra]
363 3843 471 3903 Hydram
490 3843 611 3890 Lernaeam
631 3846 744 3888 excetram
808 3839 840 3884 ao
857 3838 885 3884 la
911 3839 960 3886 laco
982 3832 1090 3899 Statilio]
1116 3838 1251 3899 inspicatur
1270 3837 1382 3884 Gelenius

135 3909 277 3969 appellatam
298 3907 370 3954 luisse
390 3909 473 3967 probat
492 3907 618 3952 Marcellus
638 3905 745 3950 Donatus
777 3902 885 3948 Semelen
899 3900 984 3948 Bacchi
996 3909 1094 3947 matrem
1106 3901 1196 3949 detorta
1208 3901 1316 3947 nonnihil
1327 3913 1382 3946 soca

135 3985 164 4017 ea
177 3971 260 4018 Plauto
275 3972 300 4018 in
316 3971 393 4026 Persa,
405 3970 460 4017 Aet.
474 3971 493 4016 1.
505 3971 542 4018 Sc.
556 3968 577 4016 l.
610 3967 744 4016 Addeser·
776 3967 806 4012 ab
828 3965 922 4012 indocto
941 3964 1012 4024 vulgo
1031 3965 1117 4012 dictam
1138 3979 1189 4012 ease
1209 3965 1318 4011 Sintica.
1351 3964 1383 4009 At

136 4035 200 4080 dum
210 4035 241 4080 ad
252 4035 293 4081 vl.
307 4035 362 4081 AEn.
374 4049 396 4080 s.
407 4033 463 4088 287.
497 4033 543 4080 llic
560 4045 603 4092 per
621 4039 742 4077 conturna·
774 4028 910 4075 scholiastes
920 4028 1041 4075 luvenalis
1051 4029 1082 4076 ad
1093 4029 1219 4075 secundam
1231 4036 1342 4086 satyram,
1351 4027 1381 4072 da

135 4099 192 4144 liam
203 4113 232 4146 eo
243 4099 338 4148 nemim
350 4098 458 4158 designat
466 4096 557 4146 AEbutli
568 4103 642 4144 mater
654 4093 741 4154 Hispa·
774 4093 811 4140 his
822 4091 878 4152 ipals
889 4091 1072 4138 Bacchanalibus
1083 4105 1162 4152 agens,
1171 4090 1382 4152 appelletStisaala

136 4161 183 4208 lam
775 4155 915 4204 melana.
949 4155 1172 4214 Stimulcasquoque
1191 4155 1258 4198 deam
1275 4153 1381 4199 nominat

167 4225 199 4272 ta
216 4224 270 4285 (ott
278 4227 375 4286 propitii
385 4231 459 4273 sucat
466 4221 488 4284 l)
505 4225 625 4272 omcoeau.
638 4255 645 4270 .
657 4215 742 4280 sacri]
776 4219 929 4278 Auffmtinua,
948 4219 977 4264 dc
996 4219 1047 4266 Cir.
1066 4219 1119 4272 Dei,
1138 4217 1155 4263 l.
1173 4215 1213 4262 lv.
1233 4229 1299 4274 capp.
1313 4213 1340 4262 ll
1359 4223 1382 4262 et

136 4287 223 4336 linter
232 4289 313 4336 timide
322 4289 430 4348 religiosa
439 4303 486 4335 non
496 4287 567 4335 sudet
578 4286 663 4334 Bacchi
672 4283 743 4332 sacris
778 4281 814 4329 la.
848 4281 981 4342 ltaquehic
996 4295 1089 4342 quoque
1104 4281 1166 4328 idern
1179 4277 1280 4326 Stiasalae
1295 4292 1382 4326 nornen

134 4353 293 4400 obscenitatis
305 4361 385 4400 notam
395 4353 527 4412 injungere,
538 4351 589 4398 aine
599 4349 744 4410 praelatione,
775 4345 947 4394 admittendum
959 4359 1010 4392 csse
1021 4343 1196 4392 crediderimus.

134 4429 182 4474 qna
194 4417 292 4463 deorum
300 4417 359 4463 iram
368 4419 514 4476 deprecetur.
533 4415 589 4461 ideo
600 4419 654 4460 ante
664 4425 744 4458 vocem
808 4409 838 4456 tl
858 4407 934 4456 ’Noa
945 4407 1044 4454 sandrat
1056 4439 1063 4454 .
1078 4437 1103 4452 ..
1116 4437 1122 4452 .
1134 4407 1220 4452 seriata
1233 4409 1273 4450 ast
1282 4407 1383 4466 gratim

134 4481 251 4534 altem,
259 4481 382 4540 premitur
392 4481 456 4528 illam
467 4478 634 4540 precationem,
641 4476 683 4524 Dii
691 4491 746 4536 pro·
771 4469 837 4533 sota]
858 4473 912 4520 Non
929 4469 1012 4518 eadem
1031 4469 1141 4516 laeilltata
1160 4468 1344 4528 impetraturam,
1357 4477 1383 4516 ut

132 4545 291 4602 pttttsmat!
777 4543 819 4581 aut
841 4535 910 4582 venia
931 4533 1073 4580 concedatur
1094 4531 1146 4589 sibi,
1167 4539 1194 4579 ut
1215 4531 1287 4580 etiam
1308 4533 1384 4595 qratia
