3118 5002
424 335 512 398 LIB.
536 335 646 398 XLII.
684 334 780 398 CAP.
803 334 926 398 LXIV.
1308 343 1368 406 381

120 507 184 572 qua
198 483 402 560 declinarent,
417 481 472 566 qui
485 481 631 566 agebant,
653 482 763 560 ictum,
782 503 841 568 pro
856 482 962 546 diruto
980 503 1072 546 muro
1088 503 1207 548 nomm
1222 505 1355 554 u.c.sa1.

119 569 328 636 tumultuario
350 587 455 650 opere,
478 566 594 650 raptim
613 566 634 598 ¹³
645 587 684 630 ex
704 567 774 652 ipsa
791 567 915 630 ruinaer
930 575 1034 652 strage
1049 567 1207 652 congestis
1221 571 1249 617 Α·
1262 572 1287 618 ⁰·
1303 569 1355 625 ¹7¹·

121 655 215 733 saxis,
230 651 445 716 exstruebant.
488 650 599 716 Quum
616 651 764 736 operibus
779 651 974 736 obpugnatio
987 651 1103 714 lentior
1114 661 1208 731 esset,

122 739 221 802 scalas
243 759 301 822 per
322 735 502 818 manipulos
525 733 623 798 dividi
637 743 754 819 praetor
763 735 870 820 jussit,
885 743 923 800 ut
937 757 1052 799 corona
1066 736 1208 820 undique

122 822 238 886 moenia
252 822 476 906 adgressurus;
490 840 528 882 eo
537 819 638 903 magis
649 819 862 882 subiecturam
874 820 914 882 ad
924 819 958 882 id
970 819 1208 884 multitudinem

121 915 221 983 ratus,
249 905 344 989 quod,
369 925 432 987 qua
459 910 548 986 parte
574 903 667 988 palus
691 903 804 968 urbem
829 903 937 989 cingit,
962 925 1020 967 nec
1046 904 1208 968 adtinebat

123 989 309 1074 obpugnari,
328 1009 388 1052 nee
411 994 544 1072 poterat.
588 987 662 1072 lpse
684 987 724 1050 ab
745 1009 782 1050 ea
800 995 900 1072 parte,
922 1009 986 1071 qua
1007 987 1079 1050 duae
1094 996 1207 1067 turres,

145 1075 271 1158 undque
293 1074 446 1136 intereas
464 1071 547 1134 muri
564 1079 732 1156 prorutum
750 1071 861 1151 areret,
880 1072 945 1134 duo
959 1071 1057 1136 millia
1070 1071 1207 1136 militum

124 1097 316 1222 delectorum
338 1154 496 1232 admovit3
517 1163 555 1218 ut
579 1155 690 1219 eodem
709 1163 861 1240 tempore,
883 1177 947 1239 quo
960 1156 1032 1240 'ipse
1046 1164 1208 1220 transcen-

124 1243 195 1306 dere
204 1242 310 1306 ruinas
319 1248 494 1317 conaretur,
504 1260 661 1302 concursu
671 1239 1104 1324 adversusseoppidanorum
1114 1241 1208 1319 sacto,

124 1326 215 1390 scalis
236 1346 336 1390 vacua
357 1323 574 1388 defensoribus
596 1324 714 1387 moenia
737 1324 808 1408 capi
832 1332 921 1408 parte
945 1324 1049 1408 aliqua
1067 1333 1207 1409 possent.

126 1411 225 1475 Haud
247 1409 384 1494 segniter
403 1407 553 1492 oppidani
568 1407 633 1471 vim
652 1407 721 1492 ejus
741 1429 845 1472 arcere
864 1416 987 1493 parant.
1023 1430 1098 1472 nam
1113 1430 1209 1493 super

124 1503 260 1558 stratum
280 1493 380 1556 ruinis
403 1493 520 1570 locum,
542 1492 681 1556 fascibus
703 1492 798 1556 aridis
820 1501 1050 1558 sarmentorum
1073 1491 1208 1577 injectis,

124 1586 245 1642 stantes
260 1599 333 1641 eum
354 1576 536 1640 ardentibus
550 1575 672 1640 facibus
694 1597 880 1640 accensuros
895 1598 931 1640 ea
948 1597 980 1640 se
1003 1598 1087 1661 saepe
1108 1576 1209 1640 mina-

123 1663 250 1740 bantur,
266 1669 312 1740 ut,
326 1661 470 1725 incendio
482 1660 628 1724 “interae
652 1661 677 1724 ti
687 1661 727 1724 ab
737 1662 839 1740 hoste,
854 1681 870 1724 s
893 1661 992 1724 atium
1005 1661 1046 1724 ad
1060 1659 1208 1746 objicien-

123 1748 201 1812 dum
224 1745 403 1810 interiorem
431 1766 560 1808 murum
584 1683 746 1810 haiemnt
790 1683 892 1810 Quoi
914 1744 1075 1829 inceptum
1098 1765 1208 1808 eorum

122 1831 186 1896 fors
211 1830 353 1928 inpediit.
390 1850 464 1893 nam
481 1836 590 1893 tantus
613 1838 743 1915 repente
763 1829 882 1893 effusus
899 1837 948 1892 est
967 1828 1078 1907 imber,
1098 1839 1135 1893 ut
1149 1851 1208 1894 nec

123 1915 250 1980 accendi
272 1915 363 1978 facile
383 1921 558 2012 pateretur,
582 1921 614 1976 et
637 1914 851 1999 exstingueret
866 1934 1006 1977 accensa.
1049 1913 1161 1998 Itaque
1177 1921 1209 1978 et

122 1999 275 2064 transitus
287 2020 345 2084 per
359 1999 509 2062 detracta
527 1997 682 2062 sumentia
695 1998 832 2083 virgulta
850 1997 971 2082 patuit3
993 2005 1035 2076 et,
1058 1998 1092 2062 in
1112 1999 1209 2062 unius

85 2122 89 2130 ·
122 2085 183 2148 loci
220 2084 381 2148 raesidium
395 2082 543 2147 omnibus
555 2083 664 2161 versis,
683 2083 800 2146 moenia
814 2103 940 2166 quoque
953 2081 1098 2166 pluribus
1114 2083 1210 2146 simul

122 2178 267 2253 partius
295 2167 386 2232 scalis
412 2167 591 2253 capiuntur.
636 2166 676 2230 In
704 2166 807 2252 primo
832 2165 975 2230 tumultu
996 2175 1098 2250 captoe
1120 2167 1209 2230 urbis

123 2253 262 2316 seniores
276 2252 500 2336 inpubesque¹,
515 2273 596 2335 quos
611 2272 703 2316 casus
717 2249 827 2314 obvios
841 2249 968 2327 obtulit,
982 2249 1102 2334 passim
1116 2251 1208 2314 caesi:

122 2337 234 2401 armati
248 2337 281 2400 in
297 2358 399 2400 arcem
413 2337 492 2400 conf
548 2343 641 2399 runt:
664 2343 697 2399 et
712 2342 839 2420 postero
854 2334 915 2410 die,
931 2355 1032 2417 quum
1047 2355 1062 2396 s
1086 2334 1115 2396 ei
1130 2335 1210 2398 nihil

123 2429 311 2507 superesset,
332 2420 490 2485 deditione
524 2427 604 2498 acta,
628 2420 689 2484 sub
709 2441 826 2484 corona
845 2418 1022 2482 venierunt.
1063 2356 1210 2482 i'uerunt

123 2515 228 2570 autem
244 2507 308 2569 duo
320 2505 418 2568 millia
431 2505 528 2568 ferme
541 2512 574 2568 et
585 2503 771 2590 quingenti:
793 2511 978 2568 ornamenta
990 2501 1079 2566 urbis
1096 2511 1209 2566 statuae

123 2597 156 2653 et
179 2590 295 2654 tabulae
319 2590 423 2674 pictae,
446 2597 478 2652 et
496 2589 652 2673 quidquid
670 2589 816 2674 pretiosae
832 2587 949 2675 praedae
968 2585 1039 2666 fuit,
1059 2587 1100 2651 ad
1113 2609 1209 2652 naves

123 2675 281 2738 delatum:
303 2675 380 2738 urbs
395 2675 500 2738 diruta
514 2673 768 2740 alirndamentis.
812 2674 833 2705 ¹⁵
845 2673 925 2737 Inde
945 2671 1072 2736 Thebas
1094 2673 1210 2736 ductus

123 2759 299 2824 exercituss
330 2759 447 2844 quibus
476 2758 543 2822 sine
571 2759 740 2824 certamine
767 2758 913 2844 receptis,
941 2757 1053 2820 urbem
1080 2757 1210 2822 tradidit

123 2845 296 2923 exsulibus,
311 2843 412 2927 etqui
429 2844 644 2908 Romanorum
656 2843 756 2928 partis
775 2851 884 2906 erant:
907 2842 1046 2908 adversae
1065 2841 1210 2906 sectionis

123 2929 300 3007 hominurn,
321 2929 543 3012 fautorumque
565 2928 648 3026 regis
670 2949 706 2991 ac
730 2927 945 2991 Macedonum
967 2925 1130 2990 ’⁸samilias
1149 2927 1209 2990 sub

123 3035 240 3112 corque
266 3013 417 3078 vendidit.
454 3013 504 3078 his
531 3021 629 3098 gestis
658 3012 691 3076 in
717 3011 851 3089 Boeotia,
875 3011 916 3074 ad
943 3031 1028 3072 mare
1055 3031 1091 3073 ac
1114 3031 1210 3074 naves

122 3098 291 3246 redlliltilll.
313 3181 423 3248 Quum
437 3183 506 3246 haee
520 3183 554 3246 in
569 3181 693 3246 Boeotin
707 3187 899 3267 gererentur,
911 3179 1044 3244 Perseus
1058 3177 1099 3242 ad
1109 3177 1209 3262 Sycu-
1222 3177 1319 3224 renea

123 3265 207 3330 rium
238 3266 351 3331 stativa
372 3267 494 3330 dierum
516 3267 637 3351 aliquot
658 3267 781 3331 habuit.
838 3265 904 3330 Ubi
931 3285 1031 3348 quum
1059 3261 1208 3341 audisset,
1222 3241 1374 3352 {ffiffi}

123 3349 241 3435 raptim
257 3351 416 3415 hmanas
431 3351 513 3414 circa
533 3373 572 3415 ex
587 3351 670 3437 agris
691 3352 870 3416 demessum
885 3350 1081 3413 frumentum
1096 3369 1209 3412 conve-
1222 3370 1347 3416 tnoenaere

124 3435 210 3512 here,
223 3434 336 3498 deinde
351 3443 423 3500 ante
439 3457 496 3499 sua
509 3457 665 3520 quemque
680 3435 815 3500 tentoria
828 3435 930 3534 spicas
944 3433 1083 3498 fascibus
1094 3443 1107 3472 ⁸
1122 3433 1209 3496 dese-
1222 3435 1278 3481 *¹¹¹⁸-

124 3528 261 3599 cantem‚
275 3541 339 3602 quo
359 3520 471 3604 purius
493 3520 687 3584 frumentum
703 3529 828 3599 tereret,
840 3527 985 3605 rngentes
1006 3539 1133 3582 acervos
1153 3537 1211 3602 per

126 3611 194 3668 tota
215 3613 318 3667 casua
341 3613 585 3668 stramentorum
599 3604 727 3669 fecisse:
751 3613 839 3668 ratus
861 3603 1007 3667 incendio
1031 3609 1210 3700 opportuna

125 3709 205 3766 esse,
220 3688 314 3769 faces,
328 3688 517 3773 taedamque,
532 3697 565 3753 et
578 3689 738 3768 malleolos
754 3697 881 3774 stuppae
896 3687 1004 3752 inlitos
1025 3686 1212 3772 praeparari

157 3863 171 3902 1
182 3861 254 3908 rss'srae
265 3860 311 3908 del.
323 3861 396 3908 Gron.
524 3867 536 3896 ¹
547 3863 713 3924 inpsbsresqse
725 3863 798 3910 Gron.
811 3863 879 3909 (ιον.
1006 3858 1126 3923 *foletbss
1137 3859 1203 3906 Eud.

158 4008 190 4056 23
207 4009 244 4056 Es
254 4011 304 4070 ipso
320 4011 393 4056 ηὲιια
410 4005 499 4070 strage]
517 4009 672 4056 (ironorisna
687 4009 736 4056 edi·
768 4024 890 4057 manorum
907 4009 1024 4056 civitatem
1040 4007 1250 4056 commendavisse:
1268 4011 1292 4050 et
1308 4017 1327 4050 c.
1338 4003 1377 4058 48,

125 4073 203 4118 tiones
220 4073 332 4120 omittunt
350 4087 430 4120 rocem
450 4075 530 4129 wisa,
548 4089 600 4132 qne
617 4081 693 4120 exstat
712 4075 736 4120 in
769 4075 851 4120 tentati
871 4087 886 4120 s
903 4073 995 4129 Perseo,
1006 4073 1064 4120 nihii
1083 4071 1141 4119 moti
1160 4078 1222 4116 sunt.
1251 4069 1292 4114 Vel
1307 4067 1379 4126 igitur

127 4137 204 4196 prims
225 4137 330 4182 omnium
352 4137 463 4192 editione,
481 4144 505 4184 et
525 4138 588 4197 sputi
607 4137 738 4197 sigonium,
769 4138 807 4184 bie
824 4137 921 4198 aliosque
940 4137 1034 4183 alterius
1051 4135 1151 4183 eiritstis
1168 4147 1253 4179 nomen
1270 4137 1379 4192 posuerat

127 4207 187 4246 teste
199 4199 311 4246 llearnio.
770 4201 857 4256 Livius,
869 4202 906 4247 vel
921 4201 1010 4260 aliquid
1029 4199 1108 4246 omisit
1126 4199 1156 4244 de
1173 4193 1299 4249 Thebanis,
1317 4193 1380 4240 unde

159 4259 341 4324 2⁴1rrtersepti]
360 4263 738 4324 eonjectursrtorebetttsstgo.
769 4278 837 4310 nosse
855 4278 983 4325 possemus,
1005 4278 1046 4310 cur
1067 4263 1177 4308 sdversus
1198 4273 1237 4305 eos
1260 4257 1380 4304 Romanus

127 4327 292 4386 niosdoptata
328 4327 393 4373 Prius
405 4329 531 4386 interrepti.
769 4327 1001 4374 exereitusducstur.

159 4391 192 4436 25
205 4391 262 4436 Inde
272 4391 356 4437 Μαι
364 4387 575 4452 daetssessreitss]
589 4391 659 4450 Atqui
669 4403 740 4450 supra
802 4391 834 4438 26
851 4387 971 4450 Familias]
998 4390 1080 4436 Servos
1091 4394 1114 4434 et
1124 4389 1193 4432 bons.
1225 4385 1278 4431 vid.
1290 4391 1337 4430 not
1349 4383 1381 4429 ta

127 4469 148 4501 e.
159 4455 199 4508 id,
216 4453 322 4500 Thebani
341 4461 500 4502 memorantur
515 4454 651 4508 decrevisse,
663 4461 689 4499 ut
699 4454 744 4498 tol·
776 4457 806 4501 sd
818 4456 832 4500 i.
845 4455 891 4501 lll.
904 4469 923 4501 e.
935 4455 976 4514 bd,
985 4465 1061 4512 supra.

127 4518 217 4564 leretur
234 4517 299 4577 regis
315 4517 421 4572 societaa
438 4524 461 4564 et
479 4517 533 4563 lidei
552 4519 681 4578 legstornnt
696 4517 743 4563 lio·
