3108 4982
428 337 517 404 LIB.
540 339 707 406 XXXIX.
742 341 838 408 CAP.
864 345 938 410 XL
1300 357 1364 421 229

100 497 222 554 rentur.
265 488 385 574 Ageuti
398 489 522 554 consuli
536 511 575 554 ex
591 491 866 556 senatusconsulto
877 494 1042 578 respondit
1053 495 1197 578 Flaccus,
1212 513 1241 560 υ.
1253 515 1279 564 c.
1290 515 1345 563 soa.

99 577 186 652 niltil,
200 575 284 656 quod
295 595 328 638 se
341 575 498 657 indiprrum
512 582 599 653 erret,
606 573 775 656 factumn.
813 576 923 640 Medio
937 599 1090 664 responso
1106 604 1197 667 spem
1212 578 1239 626 Α·
1252 579 1279 626 ⁰·
1292 579 1345 628 ¹¹st

99 659 174 722 “ad
198 657 398 722 voluntatem
423 659 705 758 interpretantibus
727 659 852 740 fecerat,
874 683 1038 728 cessurum
1065 666 1196 732 Petrum

99 742 280 808 auctoritati
303 764 382 808 esse.
427 743 574 808 Comitiis
598 743 701 808 acrius
720 745 825 825 etiam,
848 767 943 829 quam
957 757 1041 827 ante,
1056 751 1195 899 iidem

99 828 307 906 criminando,
321 828 502 926 extorqueri
516 827 576 893 sibi
591 849 610 891 a
623 828 752 892 conside
767 837 799 892 et
814 839 925 894 senatu
935 833 1047 918 populi
1108 837 1195 902 mani

98 911 302 991 beneficium,
315 919 349 977 et
363 912 515 976 invrdiam
527 912 679 998 geminati
692 913 821 978 honoris
839 913 928 994 fieri3
949 925 1015 980 tam
1038 939 1112 983 uam
1128 943 1194 986 non

99 997 274 1081 adpareret,
289 995 346 1061 ubi
360 996 545 1082 designatus
559 1005 679 1082 praetor
691 1003 786 1076 esset,
806 1000 966 1085 extemplo
989 1023 1017 1066 ae
1041 1003 1139 1070 ¹'tate
1159 1027 1193 1070 se

100 1081 331 1144 abdicaturum.
363 1081 496 1160 Consul,
511 1103 612 1166 quum
626 1089 659 1146 et
672 1081 876 1166 pertinaciam
889 1087 1028 1169 petentis
1042 1109 1192 1171 crescere,

100 1174 132 1228 et
145 1166 285 1230 favorem
301 1165 414 1250 populi
428 1166 529 1250 magis
542 1166 706 1252 magisque
724 1166 758 1230 in
775 1188 849 1230 eum
872 1167 1017 1234 inclinari
1040 1183 1191 1256 cerneret,

100 1249 238 1314 dimissis
263 1249 409 1329 comitiis,
440 1259 587 1314 senatum
611 1250 744 1315 vocavit.
780 1262 973 1318 censuenmt
1000 1255 1191 1341 frequentes,

101 1339 243 1417 quoniam
257 1336 400 1398 marum
419 1337 587 1400 auctoritas
601 1337 732 1400 Petrum
747 1337 826 1400 nibil
838 1339 988 1418 munierat,
1009 1339 1032 1373 ‘⁷
1043 1343 1191 1426 adpopu-

98 1421 159 1482 lum
175 1441 244 1483 cum
257 1421 368 1484 Macco
385 1421 542 1502 agendum.
586 1419 747 1484 Concione
771 1421 932 1502 advocata,
956 1444 1056 1508 quum
1075 1427 1191 1512 egisset

98 1504 231 1583 consul;
252 1525 294 1568 ne
315 1512 387 1568 tum
412 1504 540 1588 quidem
562 1504 601 1568 de
624 1505 782 1568 sententia
800 1514 918 1586 motus,
939 1509 1056 1594 gratias
1071 1513 1191 1598 populo

100 1589 245 1652 Romam
273 1588 347 1674 eg't,
375 1589 458 1672 quod
484 1595 570 1653 tanto
596 1591 708 1668 studio,
736 1593 974 1676 quotiescumque
1001 1595 1192 1662 declarem

97 1675 263 1737 uoluam
269 1673 503 1756 poleetaascctu
517 1680 605 1752 earet,
612 1681 778 1756 pretorem
791 1696 824 1740 re
836 1678 979 1742 coluisset
984 1677 1103 1760 secere.
1138 1683 1191 1746 Eu

97 1759 158 1822 eibi
179 1759 282 1822 studio
305 1761 416 1822 οὶυίιιιιι
437 1779 560 1824 morum
579 1759 742 1824 destituere
755 1781 815 1824 ncn
828 1762 862 1824 in
876 1764 977 1827 cnimc
991 1784 1064 1830 eree.
1109 1766 1191 1832 Haec

96 1865 170 1907 vero
194 1852 260 1907 tam
283 1843 444 1908 obstinata
456 1865 518 1908 vox
538 1851 664 1907 tantum
684 1843 712 1908 ei
732 1845 870 1910 savorem
884 1847 1037 1928 accendit,
1052 1856 1090 1914 ut
1103 1851 1190 1916 haud

98 1928 213 1992 dubius
227 1936 347 2014 prretor
360 1935 453 2007 esset,
469 1928 495 1992 si
510 1927 622 1992 consul
636 1929 776 2015 accipere
790 1952 907 1996 nomen
922 1932 1026 1998 vellet.
1070 1934 1109 1998 In
1150 1958 1189 2000 ιιι
1203 1961 1333 2009 suumn.

97 2021 256 2076 certamen
277 2013 427 2092 tribunis,
450 2021 483 2076 et
506 2013 589 2077 inter
611 2035 645 2078 se
671 2013 768 2100 ipsos,
792 2022 825 2078 et
848 2037 923 2080 cum
945 2017 1085 2098 consule,
1146 2021 1188 2085 'tr
1202 2025 1342 2073 emunim

97 2099 199 2162 donec
220 2106 350 2162 senatus
372 2119 391 2162 a
412 2097 542 2162 consule
560 2105 609 2162 est
627 2099 767 2178 habitus,
782 2099 1026 2184 decretumque:
1049 2107 1190 2184 quomam

88 2185 241 2266 preclaris
262 2183 444 2264 mlrnpnndi
468 2185 591 2247 cumdio
616 2203 654 2247 ne
681 2185 795 2266 lepidam
809 2183 933 2265 fimnrt,
950 2188 1126 2266 pertinacia
1152 2191 1188 2262 Q.

95 2269 205 2330 llacci
228 2273 259 2329 et
278 2285 378 2348 praua
400 2267 500 2331 studia
524 2269 676 2332 lominum
698 2269 879 2349 inpedirent,
903 2275 1040 2332 roratum
1060 2291 1189 2352 emere,

95 2354 175 2415 satie
192 2357 364 2433 prelorum
384 2371 466 2416 ecre.-
489 2355 527 2417 P.
542 2355 699 2417 Corneliae
719 2359 878 2435 utramque
900 2354 934 2415 in
953 2354 1028 2417 urbe
1038 2353 1189 2435 jurisdic-

97 2439 209 2500 tionem
223 2437 358 2516 moeret,
379 2437 400 2468 ‘¹
406 2439 599 2520 Apollinique
614 2436 837 2519 ludossncerel.

140 2521 216 2584 XL.
240 2521 302 2584 His
316 2521 451 2586 comitiis
465 2522 635 2608 prudentia
649 2530 681 2586 et
693 2522 812 2586 virtute
827 2528 956 2586 senatus
971 2521 1114 2605 sublatis,
1127 2523 1188 2589 alia
1200 2524 1337 2574 ⁰⁰¹²¹²¹¹²iffi

1201 2604 1242 2636 nee
1254 2589 1284 2637 de

97 2605 229 2703 majoris
242 2607 430 2686 certaminis,
444 2628 508 2691 quo
522 2616 555 2670 et
568 2606 686 2693 majore
701 2607 740 2671 dc
754 2629 799 2687 re,
813 2615 846 2672 et
859 2607 943 2672 inter
952 2607 1060 2694 plures
1074 2617 1187 2708 poten·
1199 2667 1304 2702 “mm

97 2698 258 2774 boreaque
272 2691 363 2770 viros,
379 2700 457 2754 aunt
475 2699 593 2756 exorta.
637 2691 814 2756 censuram
837 2714 962 2757 summa
985 2701 1187 2760 contentione

138 2775 250 2840 tebant
272 2777 311 2840 L.
326 2776 472 2840 Valerius
496 2777 639 2856 Flaccus,
663 2777 698 2842 P.
712 2785 745 2842 et
758 2779 797 2842 L.
814 2777 989 2863 Scipiones,
1013 2779 1073 2844 Cn.
1090 2780 1187 2844 Man-

111 2861 283 2939 'usvrdsq
306 2861 344 2926 L.
359 2861 476 2925 Furius
500 2861 674 2947 Purpureo,
719 2861 838 2926 atriciir
859 2861 975 2947 plebeii
997 2872 1114 2943 autem,
1137 2865 1186 2928 M.

97 2945 230 3009 Porcius
260 2945 351 3025 Cato,
381 2945 431 3010 M.
453 2945 584 3010 Fulvius
611 2945 695 3010 Nob·
712 2946 767 3025 'or,
794 2946 844 3009 Ti.
862 2955 895 3009 et
924 2947 974 3009 M.
997 2946 1186 3032 Sempronii,

95 3029 231 3115 Longus
246 3039 278 3094 et
291 3031 481 3094 'Ibditanus
516 3031 573 3095 sed
594 3052 704 3096 omnes
716 3029 865 3116 patricios
879 3029 1081 3114 plebeiosque
1095 3030 1187 3094 nobi·

94 3113 288 3178 lissimarum
311 3115 500 3178 familiarum
525 3115 574 3180 M.
599 3115 729 3180 Porcius
750 3115 844 3199 longe
867 3113 1017 3178 anteibat.
1061 3113 1101 3178 In
1124 3115 1186 3178 hoc
1200 3118 1232 3166 Μ·
1246 3119 1319 3196 rogat

93 3199 162 3263 viro
175 3207 266 3263 tante
279 3199 327 3263 vis
342 3199 440 3263 animi
454 3199 634 3286 ingeniique
647 3199 718 3280 suit,
733 3207 781 3278 ut,
794 3219 994 3284 quocumque
1007 3198 1077 3263 loco
1091 3206 1186 3264 natus
1199 3183 1296 3295 ᾖξ’·

93 3293 188 3364 esset,
201 3285 363 3348 fomunam
379 3283 439 3348 sibi
452 3285 520 3370 ipse
534 3285 676 3348 facturus
689 3285 786 3348 firisse
800 3283 968 3348 videretur.
1011 3284 1111 3349 Nulla
1125 3305 1187 3365 ars,
1223 3263 1238 3296 ¹¹
1269 3263 1288 3295 ⁸'

92 3368 1186 3539 ttttllttlsslltllibltintetlttblltti

93 3539 227 3602 scientia
235 3539 329 3623 juris,
343 3538 421 3602 alios
436 3539 626 3623 eloquentia,
648 3538 725 3602 alios
769 3537 847 3601 loris
869 3537 1013 3602 militaris
1032 3538 1186 3624 provexit.

92 3623 168 3686 huic
183 3621 330 3686 versatile
344 3623 508 3708 ingenium
534 3623 579 3687 sic
597 3623 714 3710 pariter
734 3559 774 3686 ad
794 3622 901 3686 omnia
921 3623 992 3701 fuit,
1016 3631 1053 3686 ut
1075 3631 1187 3687 natum

93 3707 133 3770 ad
158 3707 193 3772 id
218 3729 322 3772 uuum
346 3708 476 3788 diceres,
504 3709 728 3792 quodcumque
756 3715 872 3792 ageret.
916 3706 956 3770 In
983 3705 1067 3770 bello
1088 3729 1187 3772 manu

93 3791 298 3871 fortissimus,
311 3793 484 3878 mrdtisque
499 3793 679 3879 insignibus
701 3793 804 3857 clarus
823 3790 952 3877 pugnis.
988 3791 1083 3872 idem,
1098 3799 1187 3891 post·

9 3913 14 3940 t
92 3897 190 3960 quam
205 3877 247 3940 ad
263 3897 397 3961 magnos
411 3879 548 3941 bonores
562 3877 715 3964 pervenit,
730 3897 875 3940 summus
893 3875 1080 3962 imperator:
1102 3877 1188 3942 rdem

92 3961 126 4024 in
141 3983 231 4046 pace,
246 3961 339 4047 sijus
354 3963 545 4042 consuleres,
559 3961 789 4048 peritissimum
805 3961 832 4025 si
843 3981 954 4026 caussa
965 3961 1084 4026 oranda
1094 3971 1187 4042 esset,

92 4045 383 4129 eloquentissimus.
412 4069 472 4111 nec
486 4047 514 4110 is
527 4055 665 4125 tentum,
679 4046 770 4132 cujus
784 4047 894 4132 lingrm
903 4045 975 4110 vivo
990 4067 1028 4110 eo
1042 4046 1188 4132 viguerit,

92 4139 339 4195 monumentum
354 4131 543 4216 eloquentiae
558 4131 683 4196 nullum
698 4139 818 4196 exstet:
840 4131 919 4196 vivit
933 4131 1030 4196 immo
1040 4131 1188 4217 vigetque

92 4213 275 4300 eloquentia
288 4215 368 4301 ejus,
383 4225 506 4282 sacrata
520 4217 645 4303 scriptis
663 4216 767 4280 omnis
788 4215 923 4302 generis.
968 4215 1137 4281 Orationes
1156 4221 1189 4278 et

125 4363 158 4410 td
175 4363 215 4409 Al
226 4363 363 4411 edomatur
382 4361 599 4427 interpretantibus]
617 4365 650 4412 lte
668 4365 709 4426 qui
743 4365 853 4412 Flaccum
864 4371 891 4411 ut
899 4363 1033 4412 auctoritati
1042 4369 1137 4410 senetur
1148 4359 1250 4406 cederet.

90 4426 116 4472 id
129 4428 343 4486 interpretarentur
354 4429 416 4488 quod
428 4429 472 4490 ipei
485 4438 605 4489 cuperent.
773 4429 806 4475 48
823 4430 968 4490 Apollinlqee
979 4419 1150 4486 ledersoeeret]
1170 4423 1248 4470 Ludos
1260 4422 1351 4484 Apolli·

125 4491 156 4546 47
175 4489 239 4538 'Ad
266 4493 372 4552 populum
403 4508 453 4539 cerr
475 4493 558 4540 Flacco
585 4489 709 4555 agndum]
742 4506 811 4540 neree
832 4500 918 4552 pretor
940 4491 1043 4537 urbanus
1066 4487 1172 4536 adeun
1205 4487 1258 4535 Vid.
1282 4501 1352 4549 rupte

91 4553 178 4602 Coram
195 4555 292 4616 populo,
304 4555 329 4602 ln
341 4557 453 4604 concione
470 4557 644 4604 edbomndmn
659 4571 710 4606 esee
742 4558 757 4604 l.
771 4556 872 4604 xxvn.
885 4569 905 4602 e.
917 4554 956 4602 ἢ
