3094 4954
437 353 524 418 LIB.
547 351 729 419 XXXVII.
759 355 855 422 CAP.
877 359 970 424 XLI.
1326 371 1385 433 115

123 501 226 566 trium
254 499 399 580 msslium,
428 501 526 588 ”pari
552 504 650 568 sei-me
678 525 811 571 numero
837 527 911 606 pars
941 509 1119 592 Cretenses,
1145 533 1219 598 pars
1234 533 1262 580 u.
1275 533 1300 582 c.
1313 535 1367 584 sca

122 585 257 660 Tralles.
292 586 357 650 duo
376 586 475 650 millia
492 595 525 650 et
543 589 710 674 quingenti
728 592 750 623 ²⁸
760 593 849 676 Mysi
868 593 1062 678 sagittariisl‘
1077 597 1219 682 adjuncti
1232 597 1261 644 Α·
1274 597 1300 646 ⁰·
1314 599 1366 648 ¹⁰⁰·

122 679 226 736 erant.
274 670 464 734 Extremum
492 693 592 736 cornu
620 675 810 740 claudebant
837 687 973 761 quatuor
999 680 1097 744 millia
1125 683 1217 746 mixti

122 755 247 840 Cyrlaei
260 755 447 834 funditores,
461 763 494 820 et
507 757 548 819 El
604 758 643 821 aei
658 759 821 843 sagittarii.
863 762 915 825 Ab
929 762 1009 826 laevo
1024 785 1124 828 cornu
1136 767 1216 851 plia·

123 839 411 938 langitis'adjui'icti
425 847 515 939 erant
533 777 723 942 (ii'ilograeci
744 845 866 928 equites
883 846 968 910 mille
981 855 1015 910 et
1028 849 1214 934 quingenti:

122 933 157 988 et
171 923 315 988 similiter
328 925 379 988 his
392 933 504 988 armati
517 925 581 988 duo
595 927 694 990 millia
714 927 958 1014 Cappadocum:
983 931 1034 1012 (ab
1049 934 1214 1000 Ariarathe

122 1009 213 1072 missi
238 1017 329 1072 erant
350 1009 459 1094 regi¹).
503 1009 583 1072 Inde
605 1009 771 1075 auxiliares
789 1013 880 1077 mixti
904 1015 1047 1080 omnium
1060 1039 1214 1102 generum

122 1093 188 1156 duc
202 1093 301 1158 millia
315 1101 348 1156 et
362 1115 395 1156 se
436 1094 443 1108 '
507 1093 566 1172 nti,
581 1103 614 1157 et
629 1095 691 1158 tria
709 1097 808 1160 millia
828 1100 1101 1183 cataphractorum
1124 1105 1213 1186 equi-

120 1185 203 1255 tum,
224 1186 257 1240 et
275 1115 426 1241 milesii
440 1178 572 1261 equites,
593 1180 680 1264 regia
693 1180 742 1243 ala
755 1181 951 1246 levioribust
1013 1185 1129 1248 mentis
1145 1188 1212 1252 suis

120 1283 350 1346 equorumque,
364 1261 426 1326 alio
440 1263 526 1326 haud
539 1263 683 1327 dissimili
705 1265 837 1330 habitu:
861 1267 934 1351 Syri
957 1269 1099 1366 parique
1122 1279 1212 1336 erant

120 1345 305 1431 Phrygibus
326 1354 359 1410 et
377 1347 477 1432 Lydis
495 1347 630 1411 inmixti.
674 1349 758 1413 Ante
783 1351 870 1413 hunc
892 1361 1069 1434 equitatum
1089 1355 1211 1420 salcatae

119 1431 283 1516 quadrigae
298 1439 331 1494 et
344 1431 465 1510 cameli,
479 1451 561 1515 quos
576 1432 738 1517 adpellant
751 1435 928 1498 muniades.
964 1436 1014 1498 his
1031 1437 1212 1502 insidebant

118 1515 242 1580 Arabes
265 1515 428 1600 sagittani,
453 1515 574 1600 gladios
600 1517 753 1582 habentes
777 1527 900 1598 tenues,
923 1519 1036 1606 longos
1059 1529 1211 1604 quaterna

118 1599 238 1678 cubita,
263 1609 302 1663 ut
330 1621 369 1662 ex
397 1609 487 1663 tanta
512 1599 678 1665 altitudine
706 1602 889 1688 contingere
916 1604 1042 1668 hostem
1068 1615 1209 1690 possent.

117 1685 139 1718 ¹¹
153 1685 234 1748 Inde
246 1685 307 1748 alia
318 1683 502 1762 multitudo,
516 1685 625 1770 parci,
640 1707 713 1770 quse
725 1687 760 1750 iii
774 1687 885 1752 dextro
898 1707 998 1752 cornu
1013 1698 1098 1752 erat:
1138 1691 1209 1755 rimi

118 1771 141 1804 '¹
150 1770 324 1848 Tarentini,
345 1769 460 1832 deinde
490 1769 759 1854 Gallograecorum
787 1772 930 1855 equitum
958 1773 1022 1836 duo
1050 1711 1149 1838 millii
1177 1785 1209 1839 et

116 1855 295 2003 qyungeuti',
310 1855 384 1918 inde
400 1853 422 1886 ¹³
429 1855 599 1917 Neocretes
619 1855 715 1934 mille,
735 1864 767 1919 et
787 1857 897 1920 eodem
917 1866 1040 1921 armatu
1064 1857 1161 1923 Cares
1176 1869 1209 1923 et

146 1939 233 2002 ilices
254 1939 341 2002 mille
362 1946 395 2002 et
417 1937 594 2038 quingenti,
616 1947 648 2002 et
667 1940 799 2004 totidem
822 1941 953 2020 Tralles,
976 1950 1010 2005 et
1031 1943 1093 2006 tria
1109 1945 1208 2008 millia

115 2033 338 2104 coetratorum3
362 2023 491 2106 (Pisidae
510 2023 573 2086 hia
593 2031 693 2102 erant,
713 2033 745 2088 et
759 2026 949 2111 Pamphylii,
971 2035 1003 2090 et
1018 2027 1120 2112 Lycii)
1136 2037 1207 2092 tuin

115 2108 318 2192 Cyrtascruin
333 2117 366 2172 et
380 2109 596 2193 Elymaeorum
607 2109 695 2194 paria
708 2109 741 2172 in
757 2111 867 2174 dextro
881 2131 981 2174 cornu
1000 2112 1109 2175 locatis
1130 2133 1207 2176 aux-

115 2193 181 2270 ilia,
195 2202 228 2256 et
243 2194 399 2257 sexdecim
412 2193 572 2278 elephanti
586 2194 711 2257 modico
725 2193 889 2260 intervallo
904 2195 1067 2258 distantes.

160 2277 256 2341 XLI.
278 2279 348 2340 Rex
364 2277 431 2362 ipse
444 2279 478 2341 In
493 2278 605 2342 dextro
624 2299 726 2342 cornu
745 2287 832 2342 erat:
856 2279 1025 2343 Seleucum
1047 2279 1150 2342 filium
1174 2287 1207 2343 et

114 2361 327 2448 Antipatrum
355 2363 456 2426 fratris
485 2363 587 2426 filium
616 2363 650 2426 in
676 2363 757 2426 Iaevo
779 2362 974 2462 praeposuit:
998 2362 1102 2425 media
1124 2363 1206 2427 acies

114 2447 222 2512 tribus
246 2447 408 2532 permissa,
433 2447 579 2526 Minioni,
604 2455 637 2510 et
660 2447 804 2527 Zeuxidi,
826 2455 858 2511 et
884 2445 990 2532 Philip
1054 2447 1206 2532 magistro

114 2533 165 2596 ele
190 2533 368 2596 hantorum.
412 2533 434 2564 ¹⁴
446 2533 573 2596 Nebula
597 2532 764 2612 matutina,
790 2540 949 2596 crescente
997 2531 1025 2595 ie
1048 2532 1150 2596 levata
1171 2533 1225 2607 in,

113 2639 163 2680 nu
204 2617 407 2703 s,mligInem
421 2617 517 2682 dedit.
548 2619 664 2680 humor
676 2617 760 2696 inde,
776 2618 816 2682 ab
831 2625 939 2680 austro
953 2617 1050 2696 velut,
1064 2617 1205 2703 perfudit

112 2703 233 2766 omnia.
277 2703 358 2770 Quae
372 2702 453 2766 nihil
467 2703 638 2801 admodum
651 2703 813 2802 Romanis,
829 2703 937 2766 eadem
947 2703 1205 2804 perincommoda

111 2787 1203 2958 'ttffitltmdillllhIllitlnllllldlllll

111 2959 179 3022 sere
200 2959 287 3044 gravi
309 2967 443 3038 armatu,
464 2957 545 3022 nihil
567 2957 688 3042 gladios
711 2965 768 3022 aut
790 2957 856 3042 pila
876 2955 1055 3052 hebetabat.
1100 2955 1202 3052 liegii,

110 3051 180 3106 tam
195 3043 258 3108 lata
271 3045 347 3122 acie,
362 3065 402 3106 ne
417 3063 457 3106 ex
470 3043 575 3107 medio
596 3043 724 3126 quidem
743 3061 862 3106 cornua
886 3061 943 3102 sna
963 3059 1202 3122 circumspicere

109 3137 270 3214 poterant,
291 3129 409 3192 nedinn
428 3127 558 3191 extremi
578 3128 661 3191 inter
681 3147 714 3190 sc
734 3126 1010 3212 conspicerenture
1032 3131 1065 3187 et
1087 3123 1203 3185 humor

109 3235 204 3277 arcus
226 3213 405 3298 iimdasque
434 3221 467 3276 et
484 3212 663 3298 jaculorum
685 3221 811 3275 amenta
840 3209 1021 3273 emollierat.
1065 3206 1201 3306 Falcatae
1216 3199 1314 3311 ⁸¹¹2&

108 3321 290 3448 isnin
363 3297 571 3446 linui
587 3279 1259 3446 :iriununiilmmel

492 3429 502 3460 ,
1028 3425 1036 3442 .

108 3479 217 3534 sutem
232 3469 267 3533 in
281 3469 368 3533 hunc
383 3468 518 3532 maxime
532 3467 665 3532 moduni
678 3473 777 3531 erant.
812 3465 991 3550 ”cuspides
1005 3462 1087 3526 eirca
1101 3469 1202 3525 tenio·

205 3600 220 3640 ι
236 3609 354 3668 ”siim
369 3607 405 3654 θ’
416 3605 510 3666 Krsslss·
520 3603 621 3702 ΜΕΝ
630 3669 654 3716 M
664 3667 709 3715 m
723 3667 779 3714 Eud
795 3599 802 3637 ¹
814 3605 876 3652 sss'sss'
887 3617 939 3665 rege
951 3603 1026 3648 tiron.
1039 3601 1107 3648 Cres.

141 3799 172 3848 la
189 3795 324 3859 Psrs‘serne
341 3813 438 3854 ιιιιιιι,
454 3813 510 3859 pars
522 3799 648 3855 Cretenses,
662 3811 718 3858 pars
782 3795 814 3842 22
830 3795 845 3826 ⁶
856 3787 987 3852 Taresls'sl]
1007 3791 1041 3837 De
1061 3790 1089 3836 iis
1108 3790 1154 3837 sid.
1173 3803 1245 3850 supra
1263 3787 1360 3836 XXXV.

109 3861 211 3926 Tralles]
230 3865 267 3910 Its
284 3873 310 3910 us
327 3877 370 3924 par
387 3863 435 3910 iere
455 3877 566 3910 numerus
584 3869 645 3910 esset
659 3861 716 3908 cie·
749 3859 788 3906 Ἃ
1352 3914 1358 3926 .

106 3929 210 3975 sensim
221 3937 246 3974 es
258 3927 380 3974 TraIIIuin.
781 3921 812 3968 2¹3
830 3915 961 3980 Neocretes]
980 3917 1039 3966 Nori
1052 3917 1140 3964 Cretes.
1170 3916 1203 3963 At
1214 3917 1310 3976 quinem
1326 3913 1360 3960 illi

138 3993 171 4040 U
187 3993 251 4054 Nyss'
270 3993 400 4054 sagittariis
418 3989 523 4053 aaly'isscli
544 3985 622 4051 ιιιιιι]
652 3987 717 4048 sigo·
749 3985 803 4042 sint,
815 3999 862 4031 non
881 3984 968 4044 liquet:
987 3981 1031 4028 nisi
1049 3983 1111 4042 quod
1130 3980 1193 4042 apud
1205 3979 1286 4039 Polyb.
1302 3977 1318 4023 l.
1330 3977 1358 4024 V.

105 4057 160 4102 iiius
180 4067 298 4104 existere
317 4057 378 4102 libro
394 4055 462 4102 affert
477 4055 601 4116 sagittarii.
635 4053 716 4099 Recte.
749 4063 814 4110 capp.
826 4047 857 4096 bb
876 4055 900 4093 et
921 4045 961 4101 7⁰,
984 4045 1133 4092 Cretensibus
1155 4043 1315 4104 adjungantur
1335 4047 1360 4087 et

108 4121 189 4180 Nysae
206 4121 269 4168 euius
286 4127 392 4168 recenset
411 4117 534 4180 Appianus
550 4119 612 4164 inter
627 4117 717 4176 equites
749 4119 942 4160 annumerantur.

106 4186 244 4244 ιιςίιιιιίοι.
782 4177 813 4224 24
829 4177 920 4222 Nebula
938 4169 1061 4234 malatina]
1080 4173 1172 4220 Nebula
1183 4167 1299 4216 matutine
1310 4165 1358 4212 cil-

138 4249 168 4296 si
188 4249 243 4296 Iade
257 4249 304 4298 elle
315 4247 444 4302 multitado,
454 4262 498 4306 per
510 4247 532 4294 el
543 4259 593 4308 ιιι
604 4245 628 4290 s'e
638 4243 717 4290 derlee
748 4249 803 4288 ente
815 4241 853 4286 die
865 4238 989 4300 caliginem
1000 4237 1080 4285 dedis:
1098 4240 1224 4290 crescente,
1236 4233 1312 4278 lerata
1323 4237 1359 4275 est

105 4327 174 4360 esras
188 4311 249 4374 eret]
266 4315 325 4360 Fere
343 4327 402 4374 par:
420 4311 499 4372 aliqua
515 4309 577 4356 enim
597 4305 716 4354 differunt.
748 4306 773 4351 in
786 4306 866 4350 nubes.

105 4377 216 4424 cessem
226 4379 340 4426 nonnulla
350 4385 406 4424 sunt
418 4375 443 4421 in
452 4383 501 4420 tots
509 4373 553 4420 hac
562 4371 634 4418 deseri
654 4371 717 4416 tione
780 4370 812 4416 25
830 4367 939 4428 cuspides
957 4398 983 4414 ..
995 4395 1002 4410 .
1014 4397 1020 4410 .
1039 4365 1114 4411 decess
1135 4361 1211 4436 esbltq
1232 4353 1357 4418 arienses]

105 4441 211 4488 intrim
223 4451 245 4489 es
256 4443 353 4496 ineerta,
368 4455 422 4500 qun
434 4440 464 4484 ad
476 4437 591 4498 ltquidum
602 4435 717 4481 adducere
750 4433 832 4479 Cubita
850 4431 907 4492 Iegis
924 4429 1056 4477 Schefferus
1072 4429 1102 4473 de
1120 4439 1145 4469 re
1157 4423 1255 4469 sebieul
1267 4423 1282 4468 l.
1294 4421 1326 4468 II.
1338 4435 1358 4468 c.

106 4501 717 4566 mpoaniemmaquimusmnnelibmmmope,
751 4495 787 4544 lb.
800 4495 945 4542 Heinsius
981 4491 1038 4538 liar
1049 4487 1160 4536 sibenen
1173 4489 1304 4546 conlectura
1315 4486 1357 4532 sd·

106 4583 149 4615 see
158 4585 297 4631 megiiopere
309 4569 372 4616 selle
383 4568 475 4614 debeat.
749 4559 864 4608 mittenda
874 4557 974 4610 videtur,
986 4569 1015 4600 ne
1031 4553 1140 4598 Immanis
1157 4551 1188 4598 slt
1202 4551 1292 4598 llliruin
1305 4563 1358 4598 ciss-

1143 4615 1191 4677 12
