3094 4954
204 347 266 409 138
799 342 893 408 ΤΙΤΙ
915 339 1030 404 LIVll

204 513 233 558 υ.
246 511 272 557 c.
284 511 337 558 eoa
366 491 495 554 Zenone
509 489 550 552 ad
561 509 667 572 regem
680 495 858 554 eruerunt.
887 485 1035 571 'postero
1050 483 1122 548 die⁸
1136 505 1193 568 per
1207 483 1350 547 inducias
1365 505 1457 570 sepe·

204 579 231 623 A
245 575 271 622 ⁰·
285 574 337 622 ¹⁸2
366 574 463 638 liendi
477 594 575 636 caesos
590 581 730 658 potestas
744 573 827 636 facta
839 579 898 635 est.
1082 633 1087 639 .

410 659 475 721 111.
496 657 712 742 Amynander,
725 663 909 740 recuperato
923 673 1032 736 regno,
1046 651 1166 735 legatos
1181 650 1250 714 'et‘
1263 653 1398 716 Romam
1414 655 1456 716 ad

368 750 523 819 senatum,
536 741 622 804 etad
636 739 800 824 Scipiones
815 739 848 802 in
862 737 982 814 Asiam,
996 735 1118 820 Ephesi
1131 742 1205 820 post
1215 757 1368 820 magnum
1379 759 1456 802 cum

367 825 525 890 Antiocho
540 825 688 909 proelium
702 830 872 900 morantes,
892 820 990 884 misit.
1034 821 1147 883 Pacem
1165 820 1304 904 petebat,
1325 842 1456 884 exeusa-

367 910 409 972 ba
445 929 485 972 ue
496 929 574 987 sese,
586 909 672 991 quod
757 906 883 971 AEtolos
897 925 972 968 recu
1013 911 1113 967 resset
1127 912 1295 988 paternum
1308 925 1343 968 re
1387 927 1454 968 um.

206 1001 276 1078 AEtoli
290 1001 347 1078 lm·
369 993 429 1057 Phi
443 993 554 1078 'ppum
576 993 628 1056 inc
709 999 751 1054 at.
792 989 895 1054 AEtoli
908 1010 947 1052 ex
992 987 1152 1052 thamania
1171 987 1206 1052 in
1224 989 1311 1086 Amp
1336 989 1455 1052 ’ochos

205 1067 345 1142 ponteonem
369 1077 502 1162 profecti
524 1084 611 1154 sunt,
632 1085 664 1140 et
682 1074 810 1159 majoris
832 1073 931 1160 partia
945 1071 1107 1136 voluntate
1121 1071 1220 1156 injus
1240 1072 1455 1156 ditronemque

205 1131 325 1254 ,mm
369 1169 469 1226 totam
483 1162 540 1226 red
596 1168 672 1224 runt
686 1167 824 1244 gentem.
866 1155 1089 1242 Amphilochia
1101 1165 1236 1254 recepte,
1254 1158 1339 1238 (nam
1353 1159 1456 1222 frrerat

369 1246 530 1330 quondam
539 1183 746 1326 efflaturum)
771 1243 880 1306 eadem
898 1263 954 1326 spe
978 1241 1012 1304 in
1030 1242 1235 1326 Aperantiam
1253 1243 1456 1304 transcende-

369 1338 454 1394 runt.
477 1351 513 1393 ea
523 1350 649 1413 quoque
664 1349 779 1413 magna
793 1349 833 1390 ex
844 1335 934 1412 parte
949 1326 1016 1390 sine
1031 1325 1199 1388 certamine
1213 1325 1247 1388 in
1263 1325 1455 1390 deditionem

369 1414 466 1478 venit.
506 1414 648 1498 Dolopes
663 1433 838 1496 numquam
851 1411 1032 1474 AEtolorum
1045 1410 1188 1473 fuerantr
1203 1409 1342 1494 Philippi
1355 1421 1454 1476 erant.

370 1499 404 1562 hi
450 1499 566 1562 dmum
585 1499 626 1561 ad
646 1519 734 1560 amre
753 1502 997 1560 concurreruntr
1020 1503 1168 1573 ceterum,
1188 1503 1357 1578 postquam
1376 1496 1455 1558 Am-

370 1605 394 1667 p
418 1583 424 1596 '
439 1584 536 1646 ochos
549 1604 623 1646 cum
638 1581 755 1646 AEtolis
768 1601 847 1658 csse,
861 1580 1032 1664 fugamque
1046 1599 1085 1642 ex
1098 1578 1289 1642 Athamania
1305 1579 1454 1664 Philippi,

370 1674 403 1729 et
417 1667 536 1730 oaedem
550 1665 690 1752 praesidii
703 1665 771 1750 ejus
786 1685 943 1748 accepere,
958 1671 990 1728 et
1004 1663 1066 1748 ipsi
1079 1684 1098 1726 a
1111 1663 1259 1748 Philippo
1274 1663 1315 1726 ad
1328 1663 1455 1728 AEtolos

371 1750 532 1813 deficiunt.
576 1749 704 1816 Quibus
725 1747 934 1833 circumjectis
959 1747 1107 1832 gentibus
1127 1747 1196 1832 jam
1217 1747 1358 1832 undique
1381 1769 1456 1812 sea

372 1833 602 1897 Macedonibus
627 1841 715 1896 tutos
739 1832 940 1896 credentibus
961 1853 1040 1910 esse,
1061 1831 1179 1896 AEtolis
1196 1831 1281 1896 fama
1305 1833 1454 1911 adfertur,

370 1918 566 1981 Antiochum
585 1917 620 1980 in
644 1917 722 1981 Asia
741 1917 861 1981 vietum
880 1917 920 1980 ab
941 1915 1102 1982 Romanis.
1136 1937 1195 1980 nec
1209 1916 1253 1980 ita
1266 1917 1367 1980 multo
1380 1927 1456 2002 post

371 2001 466 2086 legati
480 2002 520 2064 ab
536 2003 638 2066 Roma
650 2001 769 2066 rediere
784 2001 851 2066 sinc
867 2021 923 2086 spe
942 1999 1039 2085 pacis,
1058 1999 1269 2084 Fulviumque
1294 2001 1455 2065 consulem

371 2086 558 2150 nunciantes
567 2085 635 2170 jam
650 2107 724 2150 cum
739 2085 900 2150 exercimss
914 2085 1082 2170 trajecisse.
1114 2085 1176 2148 His
1191 2085 1299 2164 territi,
1311 2085 1400 2170 prius
1414 2086 1455 2149 sb

372 2171 486 2234 Rhodo
510 2179 543 2234 et
566 2171 701 2234 Athenis
724 2169 934 2256 legationibus
958 2169 1078 2248 excitis,
1100 2177 1138 2232 ut
1159 2190 1217 2254 per
1238 2169 1455 2234 auctoritatem

371 2254 545 2319 dutadum
560 2277 667 2320 earum
683 2277 749 2320 auae
762 2276 871 2340 preces
885 2275 988 2354 nuper
1004 2253 1177 2338 repudiatae
1196 2253 1365 2318 faciliorem
1389 2255 1456 2317 adi-

370 2347 441 2402 tum
465 2341 505 2404 ad
532 2349 677 2405 senatum
704 2339 866 2419 haberent,
891 2339 993 2424 princi
1017 2360 1050 2402 es
1114 2338 1177 2402 ntis
1203 2339 1243 2402 ad
1267 2339 1456 2402 tentandum

370 2424 515 2488 ultimam
530 2425 641 2508 spemh
653 2426 788 2488 Romam
800 2424 973 2488 miserante
989 2359 1147 2501 Puniens
1161 2421 1280 2486 bellum
1294 2423 1456 2502 haberent,

370 2507 580 2654 oraru
595 2507 1456 2677 antenorea

412 2637 420 2654 ·
568 2637 579 2670 s
1119 2637 1130 2670 s

246 2645 286 2691 ‘¹⁰'
370 2673 567 2757 principibus
595 2675 804 2756 consultabat,
832 2678 917 2742 unde
946 2676 1065 2740 bellum
1100 2675 1260 2824 inciperet.
1314 2677 1456 2762 Epirotis

369 2756 570 2822 Ambraciam
606 2758 728 2822 lacebat
742 2761 881 2845 adgredi,
895 2781 967 2844 quse
981 2769 1051 2824 tum
1062 2761 1163 2825 contri
1186 2769 1318 2825 aeratae
1329 2761 1455 2826 AEtolis.

368 2843 432 2904 sive
445 2843 489 2904 od
508 2848 521 2905 t
664 2844 746 2908 eom¹
760 2847 896 2908 verirent
908 2847 1019 2924 AEtols',
1041 2851 1163 2927 opertu
1176 2847 1261 2910 circo
1280 2867 1401 2928 compos
1415 2847 1459 2910 od

369 2927 573 2992 dimicandum
602 2949 685 2992 esee:
714 2932 777 2994 sive
801 2931 1004 2995 detrectarent
1026 2937 1187 3008 certamen,
1210 2931 1457 3012 obpsprsotionem

361 3009 434 3091 sore
455 3013 540 3076 hond
561 3015 722 3098 dffeilern.
758 3037 830 3078 nom
850 3021 880 3078 et
898 3017 1016 3096 omium
1033 3018 1067 3078 e'a
1080 3017 1251 3096 propinquo
1265 3017 1400 3078 munire
1415 3017 1459 3078 nd

369 3117 494 3177 appareo
508 3099 685 3162 antander
698 3105 728 3163 et
743 3105 843 3164 cetero
856 3119 947 3180 opero
965 3119 1048 3163 esse.-
1071 3105 1101 3162 et
1117 3101 1315 3164 Arettontem
1324 3099 1348 3178 ¹,
1370 3103 1457 3162 eooi-

365 3181 498 3259 pobs'lem
523 3203 650 3259 omnem,
675 3190 874 3264 oppwtonam
898 3184 942 3246 od
964 3183 1190 3265 comportanda,
1208 3205 1273 3266 prere
1294 3185 1363 3248 asni
1383 3187 1456 3263 not,

362 3270 479 3342 preater
493 3266 561 3344 ipen
574 3269 684 3330 monio
692 3268 791 3349 fiune
802 3295 812 3330 :
828 3275 858 3330 et
871 3274 1005 3332 estatem
1019 3275 1123 3349 aptam
1137 3269 1183 3332 rei
1189 3270 1330 3350 perende
1341 3270 1456 3333 odere,

368 3347 418 3410 his
429 3357 670 3493 persuaserunt,
685 3359 723 3416 ut
736 3373 793 3436 per
807 3352 943 3437 Epirum
957 3353 1097 3416 duceret.

306 3514 311 3526 Ι
411 3431 427 3493 1
461 3477 469 3493 .
492 3431 636 3512 Consuli,
654 3435 696 3498 ad
714 3436 915 3500 Ambraciam
939 3436 1128 3516 advenienti,
1151 3437 1258 3523 magni
1276 3437 1379 3522 operis
1399 3437 1457 3501 oh-

204 3513 334 3624 ·tl‘l‘
367 3515 700 3668 tentarunt
712 3521 1457 3692 ,maternitatem

367 3690 399 3746 et
413 3684 542 3765 flumen,
553 3687 747 3752 occidentem
755 3715 765 3768 3
787 3711 853 3768 arx,
868 3711 940 3774 quse
953 3691 1092 3776 inposita
1105 3698 1154 3756 est
1167 3691 1292 3756 tumulo
1302 3699 1333 3770 ¹¹¹,
1354 3691 1458 3754 orien-

361 3823 373 3852 θ
389 3827 516 3868 erasnm.
527 3830 605 3882 postea
617 3825 710 3885 Kreyss.
725 3823 802 3871 sest.
866 3821 878 3858 ¹
887 3831 909 3873 st
922 3825 968 3872 del.
981 3826 1055 3872 Gran.
1125 3829 1139 3868 Ι
1150 3841 1199 3872 eess
1210 3822 1367 3888 amitsjass
1379 3824 1457 3870 neta.

364 3877 378 3915 h
390 3885 422 3928 od
433 3887 563 3932 tentandam
575 3903 635 3946 spese
644 3890 746 3934 altimus
759 3889 817 3934 Ead.
909 3883 975 3935 leons
988 3889 1033 3935 del.
1047 3889 1113 3935 Cres.
1205 3881 1356 3935 &Amatam
1367 3895 1391 3933 et
1401 3902 1457 3933 mox

361 3948 475 3994 Aractbus
488 3949 584 4008 Kreyss.
599 3951 674 3996 sets.
718 3947 724 3984 ¹
737 3959 770 3999 est
779 3953 825 3998 del.
837 3953 911 3999 Gron.
923 3953 991 3999 Cres.
1035 3957 1057 3986 ¹¹²
1068 3967 1118 4014 qeae
1127 3953 1202 4013 posits
1213 3953 1238 3998 s's
1249 3953 1333 3999 tsmslo
1343 3959 1377 3999 ast
1389 3951 1457 3998 Ered.

232 4070 248 4116 6
265 4071 358 4120 Postero
368 4069 416 4134 dis]
435 4073 547 4131 Andreas,
560 4083 584 4122 et
595 4085 641 4124 tres
652 4077 739 4136 scripti,
751 4093 811 4125 unus
844 4079 925 4126 tantia.

200 4131 249 4181 Jsr.
263 4135 387 4192 Gronovio,
398 4139 457 4184 alter
475 4139 578 4188 llearnio
593 4140 718 4199 inspectus,
730 4143 812 4190 tertias
876 4143 940 4198 W
968 4139 1073 4203 maon]
1106 4143 1139 4190 Et
1165 4143 1300 4204 ediscimus,
1323 4141 1458 4190 auctoribus

200 4207 278 4244 noster
290 4199 349 4246 vict
367 4215 409 4260 pro
428 4201 464 4246 his
481 4203 572 4249 duabus
588 4205 681 4250 vocibus
700 4205 813 4252 exhibent
846 4207 937 4252 Thusn.
949 4213 973 4252 et
984 4207 1043 4253 vict
1056 4207 1183 4254 codicibus.

197 4268 282 4318 posteo·
300 4264 398 4319 sanari
411 4266 468 4312 nulli
482 4267 621 4312 Macedones
632 4267 656 4312 in
669 4267 812 4314 Athamania
875 4270 981 4324 st'bll,
994 4285 1021 4317 ae
1033 4271 1113 4317 belles
1124 4271 1279 4318 labrem...
1288 4263 1457 4330 numerere]

198 4335 369 4398 remanserant.
382 4329 446 4376 haud
455 4327 523 4376 facile
535 4330 685 4388 intelligetur,
695 4332 811 4390 quomodo
843 4333 923 4382 Quum
941 4333 999 4378 nihil
1017 4333 1180 4393 precavissent
1191 4335 1221 4379 sd
1233 4331 1414 4393 impetrandum,
1426 4346 1459 4378 ne

197 4387 215 4432 ti
226 4389 265 4445 qui
278 4404 319 4448 per
331 4392 451 4452 Gomphos
462 4393 487 4439 in
501 4393 661 4440 Macedoniam
679 4395 709 4440 sd
723 4395 810 4454 Philip·
842 4397 886 4442 sibi
906 4397 992 4443 bellurn
1012 4397 1144 4452 inferretur,
1161 4397 1235 4444 donee
1254 4411 1282 4443 eo
1299 4410 1336 4442 rea
1355 4396 1459 4442 adduus

245 4465 253 4486 τ
276 4464 430 4512 recurrerent,
451 4458 571 4518 potuerint
592 4465 680 4518 postero
698 4459 735 4504 dis
758 4473 811 4504 cum
842 4457 1348 4520 esseuuthoetispeneinconspectuforet.
1368 4459 1459 4505 blirum

293 4517 352 4562 adro
370 4521 461 4578 pacisci.
496 4521 574 4568 Nimia
591 4531 628 4569 est
644 4521 746 4569 locorum
762 4522 809 4570 dia·
842 4523 1359 4584 estSigoniuroinretsmclsrsbesitssee.
