3098 4958
184 261 249 328 416
749 255 842 324 Tll'l
874 257 990 324 leu

187 431 217 478 υ.
227 429 254 478 c.
266 427 321 476 ssa
351 409 438 474 sidiis
451 408 557 494 regins
568 406 630 472 suit
643 405 794 472 insessas.
823 429 925 472 uuum
948 407 982 470 in
1004 406 1109 492 primo
1120 407 1209 472 aditu
1223 407 1266 470 ad
1285 405 1447 472 Gonnum

187 494 255 543 Ν·
270 493 322 542 ¹⁸⁹·
350 503 436 560 erate
467 493 659 556 ”utemini
683 493 853 577 Condylon
877 492 1006 556 castello
1028 492 1288 578 inexpugnabilis
1310 493 1448 558 tertium

350 579 433 644 cirea
446 577 661 664 Lapathunta,
674 597 769 662 quem
781 577 923 642 Characa
932 577 1111 661 adpellants
1133 585 1284 661 quartum
1295 577 1360 640 viae
1373 577 1449 662 ipsi,
1529 629 1530 674 ἢ

350 685 415 812 pua
428 671 461 727 et
472 662 577 726 media
597 671 629 725 et
653 661 879 746 angustissima
890 661 980 725 vallis
999 669 1059 739 est,
1074 661 1260 746 inpositurn,
1276 683 1377 744 quarn
1396 663 1449 724 vel
1529 681 1530 694 ¹

373 769 459 812 eoem
474 746 601 810 armatis
616 747 698 810 tueri
711 745 800 809 facile
821 754 879 808 est.
923 746 1100 809 Intercluso
1122 767 1178 830 per
1199 745 1323 830 Tempe
1349 746 1450 809 simul

351 833 440 896 aditu
453 830 690 908 oommeatibus‚
701 829 795 894 simul
809 830 923 908 reditu,
933 829 994 915 ipsi
1007 837 1141 906 montes,
1151 851 1209 914 per
1218 851 1300 914 quos
1312 831 1451 893 deseen-

351 917 472 995 derant,
487 915 651 1000 repetendi
666 923 766 978 erant.
794 915 913 998 ”quod
936 923 974 978 ut
996 914 1081 978 furto
1101 914 1286 992 fefellerant,
1300 915 1349 976 ita
1371 937 1451 999 pm-

350 1001 466 1087 palam,
481 999 665 1064 tenentibus
681 998 843 1085 superiora
856 999 1021 1062 eacumina
1027 999 1184 1076 hostibus,
1193 1020 1258 1062 non
1273 1007 1449 1084 poterant:

351 1094 384 1150 et
398 1094 528 1170 experta
541 1085 710 1148 difficultas
725 1105 814 1168 spem
827 1105 954 1147 omnem
969 1081 1142 1146 incidisset.
1175 1083 1350 1168 Supererat
1364 1084 1451 1146 nihil

351 1170 438 1234 aliud
449 1171 483 1233 in
497 1177 614 1233 temere
629 1169 807 1247 commisso,
822 1189 917 1252 quam
932 1167 965 1230 in
981 1167 1202 1231 Maoedoniam
1215 1168 1256 1231 ad
1270 1168 1375 1230 Dium
1388 1190 1452 1252 per

351 1255 473 1318 medios
498 1255 629 1328 evadere
662 1255 787 1317 hostes:
818 1252 915 1336 quod,
939 1251 1002 1314 nisi
1024 1251 1081 1316 Dii
1102 1260 1243 1315 mentem
1334 1253 1342 1266 ”
1371 1253 1451 1316 ade-
1529 1311 1530 1326 ,

351 1340 496 1418 ruissent,
504 1339 674 1424 ipsum'in
714 1337 778 1400 ntis
793 1336 987 1400 difficultatis
1001 1344 1077 1400 erat
1100 1337 1186 1399 Nam
1195 1358 1296 1420 quum
1342 1337 1450 1422 lympi

351 1425 473 1488 radices
487 1424 605 1488 montis
618 1359 724 1508 paullo
739 1422 812 1506 plus
824 1443 919 1506 quam
932 1421 1018 1484 mille
1031 1441 1186 1506 passuum
1199 1421 1239 1484 ad
1250 1441 1338 1484 mare
1349 1422 1449 1485 relin-

352 1517 454 1594 quant
468 1508 617 1593 spatium,
632 1507 723 1591 cujus
744 1506 911 1568 dimidium
932 1505 994 1568 loci
1016 1515 1152 1590 occupat
1165 1506 1283 1568 ostium
1306 1506 1371 1569 late
1395 1529 1449 1570 re-

352 1603 503 1678 stagnans
517 1591 658 1676 Baphyri
673 1589 785 1668 amnis,
798 1590 820 1622 ‘⁰
829 1599 952 1674 partem
961 1589 1104 1675 planicie
1117 1597 1173 1653 aut
1180 1589 1203 1654 J
1204 1590 1271 1654 ovis
1284 1591 1448 1676 templum

352 1685 408 1740 aut
417 1675 572 1822 oppidum
587 1683 695 1754 tenet;
716 1673 874 1757 reliquum
887 1675 1095 1760 perexiguum
1108 1675 1193 1772 fossa
1206 1675 1332 1773 modica
1345 1676 1449 1739 vallo-

351 1759 1335 1928 ll?atltlffiilffls'lffslffllffltlffi
1344 1769 1448 1928 ῗὲιῗ

352 1927 443 1992 erint.
489 1929 635 1994 Quorum
660 1927 739 1992 nihil
762 1949 862 2012 quum
885 1927 1074 2026 dispexisset
1088 1936 1205 1992 caecata
1222 1949 1314 1991 mens
1335 1929 1448 1992 subito

351 2019 480 2162 ter-plora,
496 2013 658 2076 “nudatis
681 2013 830 2078 omnibus
854 2012 1019 2099 praesidiis,
1034 2012 1262 2099 patefactisque
1285 2013 1386 2094 bello,
1404 2014 1449 2077 ad

424 2119 499 2162 nam
512 2099 581 2162 refu
605 2097 639 2162 ἰ.

354 2099 473 2248 PyVll.
496 2119 629 2262 conell,
644 2181 817 2268 plurimum
832 2189 864 2245 et
878 2181 1017 2267 presidii
1032 2189 1064 2245 et
1078 2181 1145 2267 spei
1160 2201 1292 2246 remens
1314 2182 1348 2245 in
1365 2183 1448 2246 stul-

352 2267 423 2332 titia
430 2277 462 2332 et
471 2268 619 2354 segnitie·
630 2268 740 2347 hostis,
748 2267 879 2331 remisso
892 2267 1010 2330 nuncio
1021 2268 1061 2330 ad
1073 2268 1128 2352 Sp.
1141 2267 1327 2330 Lucretium
1337 2268 1448 2330 Laris-

353 2374 431 2432 sam,
445 2361 484 2416 ut
498 2353 635 2429 castella,
649 2353 757 2416 relicta
770 2353 810 2416 ab
824 2353 925 2430 hoste,
941 2351 1024 2415 cirea
1037 2353 1156 2436 Tempe
1167 2361 1348 2436 oocuparet,
1361 2374 1448 2438 prae-

351 2438 450 2502 misso
463 2437 597 2522 Popillio
612 2437 652 2499 ad
666 2437 875 2522 explorandos
889 2437 1042 2499 transitus
1055 2436 1137 2500 circa
1149 2436 1258 2514 Dium,
1260 2445 1448 2584 postquam

351 2529 459 2606 patere
473 2521 580 2583 omnia
601 2520 634 2582 in
658 2542 768 2583 omnes
791 2529 898 2605 partes
918 2521 1148 2600 animadvertit,
1163 2543 1259 2584 secun
1283 2521 1310 2583 is
1332 2523 1448 2585 caruis

352 2603 496 2689 pervenit
520 2604 562 2666 ad
587 2603 705 2667 Dium:
727 2605 902 2702 metarique
928 2607 951 2637 ‘¹
964 2606 1024 2669 sub
1047 2606 1117 2692 ipso
1141 2605 1273 2690 templo,
1297 2627 1340 2669 ne
1366 2607 1448 2690 quid

188 2693 241 2740 ⁰⁰⁸·
254 2691 326 2740 oium
352 2709 440 2752 sacro
453 2687 486 2749 in
500 2687 570 2750 loco
584 2687 762 2766 violaretur,
772 2688 880 2772 jussit.
925 2689 1010 2774 lpse,
1033 2691 1145 2753 urbem
1166 2689 1340 2774 ingressus,
1361 2691 1448 2754 sicut

186 2757 301 2818 “¹³²⁰'‘
351 2794 417 2838 non
441 2792 600 2856 maguam,
629 2771 673 2835 ita
695 2781 879 2836 exornatam
902 2773 1070 2859 ”publicis
1098 2774 1176 2838 loeis
1205 2783 1238 2838 et
1262 2774 1447 2838 “multitu-

351 2857 425 2922 diue
454 2864 641 2935 statuarum,
668 2859 887 2942 munitamque
916 2859 1050 2944 egregie,
1078 2859 1132 2923 vix
1154 2859 1230 2922 satis
1250 2859 1389 2937 credere,
1412 2861 1447 2924 in

351 2943 449 3007 tantis
489 2942 585 3006 rebus
623 2942 691 3006 sine
725 2963 837 3006 caussa
872 2943 990 3006 relictis
1029 2967 1094 3008 non
1134 2945 1270 3028 aliquem
1310 2945 1447 3008 subesse

352 3029 472 3093 dolum.
516 3028 628 3092 Unum
656 3027 740 3091 diem
764 3027 804 3090 ad
833 3029 1026 3112 exploranda
1052 3030 1134 3092 eirea
1160 3027 1266 3092 omnia
1288 3037 1446 3108 moratus,

351 3122 454 3178 eastra
476 3122 601 3178 movet:
634 3112 772 3196 satisque
797 3112 938 3190 credens,
959 3119 1121 3197 paratamt
1145 3113 1295 3176 frumeuti
1316 3112 1447 3198 copiam

350 3198 426 3276 fore,
442 3218 479 3260 eo
492 3197 543 3260 die
557 3197 598 3259 ad
612 3217 738 3259 amnem
753 3196 881 3260 nomine
899 3195 1008 3281 Mityn
1051 3198 1192 3262 rooessit.
1237 3199 1369 3261 Postem
1393 3199 1446 3262 die

349 3301 547 3366 progressus,
560 3282 715 3363 Agassam
724 3291 738 3320 ¹¹
752 3279 876 3361 urbem,
898 3220 1097 3346 tredentrlrus
1115 3303 1183 3346 sese
1197 3281 1286 3368 ipsis,
1300 3285 1445 3368 recepit:

408 3449 504 3508 rugat:
515 3447 610 3508 Kreyss.
621 3447 697 3496 aeas.
826 3450 905 3496 sada.
917 3452 949 3497 ad
960 3451 1026 3498 End.
1155 3456 1200 3500 res
1213 3455 1287 3513 ipsa·
1299 3451 1367 3500 aaa

378 3513 498 3574 'segnitia
511 3511 588 3559 sesa.
669 3511 791 3571 tasson,
803 3515 828 3559 is
840 3514 920 3560 Ptm’o
932 3515 1029 3575 Kreyss.
1043 3515 1120 3562 sear.
1201 3520 1217 3548 ¹²
1228 3519 1331 3578 Agassas
1345 3517 1443 3577 steyn

215 3661 248 3711 38
263 3663 366 3710 Aliensi
384 3658 510 3723 Condylon]
530 3661 596 3708 luem
611 3663 743 3710 Gronovius
760 3663 795 3710 le·
823 3664 937 3724 paruas
1156 3679 1159 3682 ·

183 3727 286 3788 gendum
297 3725 415 3772 existimat
434 3727 537 3782 olerum,
554 3741 638 3786 nempe
650 3727 792 3788 presidium,
858 3728 886 3774 41
906 3729 1115 3776 Nasamoniaeo
1123 3723 1251 3790 presidiis]
1269 3727 1441 3787 Nudstisproe·

182 3793 215 3838 ud
233 3790 354 3850 caussas
388 3789 485 3837 Castalio
503 3790 609 3850 intellige
627 3807 677 3839 eun
694 3793 793 3846 amisus,
825 3791 885 3838 sidio
896 3793 1005 3838 omnibus
1017 3793 1079 3839 loeis.

183 3857 219 3902 vel
231 3857 255 3901 s's
266 3853 363 3900 russeus.
856 3856 889 3902 ⁴2
905 3857 952 3902 Sat
969 3859 1018 3916 ὁμο
1034 3853 1126 3918 Μυρὼ]
1144 3857 1268 3916 Templum
1285 3855 1350 3902 Joris
1368 3857 1442 3902 intel·

214 3919 247 3967 39
266 3917 364 3968 modat
373 3912 591 3976 furtosaesellsrsss]
610 3918 681 3968 Quod
692 3924 718 3964 ut
730 3917 791 3964 lees-
824 3917 878 3978 lige,
898 3922 963 3980 cnjm
982 3921 1026 3966 sub
1048 3920 1119 3968 linem
1137 3934 1156 3966 r.
1175 3919 1328 3980 praestantis
1350 3921 1443 3966 mensio

181 3992 235 4030 rant
254 3982 360 4029 fallentes
379 3979 440 4026 furto
453 3981 742 4040 Persesllscedoussque,
758 3981 793 4027 ius
824 3981 937 4030 steterat
1046 3987 1051 3994 “

181 4047 301 4106 propalam
321 4044 397 4090 faeere
421 4057 468 4089 non
488 4052 605 4103 poterant.
622 4045 642 4090 si
662 4045 792 4091 tenuissent
856 4047 888 4094 43
904 4045 1028 4094 ‘Pallida
1043 4043 1110 4108 loeis]
1128 4048 1213 4099 Qualis
1230 4045 1441 4105 reassumpseri-

182 4123 293 4156 cacumen
308 4110 396 4155 hostes.
420 4107 622 4153 Transcenderant
634 4109 728 4167 quidem
740 4109 791 4154 illos
823 4124 872 4164 cus,
884 4110 993 4156 basilicas.

180 4173 261 4228 saltus,
273 4173 328 4232 quis
340 4172 470 4218 fefellerant
481 4171 587 4216 hostems
605 4179 629 4216 st
640 4171 702 4217 idern
715 4171 790 4218 lacere
855 4173 887 4220 44
904 4173 1055 4221 Multitudine
1065 4169 1204 4234 sturmus]
1225 4173 1277 4218 vid.
1294 4181 1343 4219 not.
1354 4172 1394 4226 33,
1406 4173 1440 4219 sd

180 4244 358 4347 ngl'tlotll‘m
378 4236 456 4297 palam
473 4242 498 4281 et
518 4241 599 4294 aperta
620 4235 651 4290 ri,
673 4235 693 4281 si
717 4235 790 4282 hostls
822 4251 847 4346 pi!
861 4237 966 4312 proxime
985 4239 1134 4297 praeoedere:
1156 4237 1201 4283 ‘et
1220 4237 1440 4346 ispsllige,'prelter

179 4313 295 4346 osrrus
849 4315 1025 4347 smsmrcorum
1038 4311 1138 4348 turmam
1172 4315 1226 4348 uam
1253 4314 1439 4346 erseussncas·

211 4363 243 4409 40
259 4364 351 4410 Partess
368 4359 483 4423 planitia]
503 4361 630 4408 &esurit
645 4363 790 4423 primeedi-
822 4378 871 4410 sem
893 4373 1048 4422 congesserat,
1071 4315 1171 4411 slisrrlslr¹
1190 4377 1283 4424 quoque
1304 4371 1438 4410 statuarum

178 4425 399 4488 tioniuuiptursm
410 4426 551 4475 Gronovius.
585 4425 691 4487 Vulgata
702 4427 790 4476 habent
822 4441 869 4476 uon
881 4428 1021 4476 mediocrem
1032 4441 1157 4476 numerum
1168 4428 1193 4474 in
1204 4427 1262 4474 urbe
1274 4427 1320 4475 Dio
1332 4427 1411 4476 fulan.
