3118 5002
465 339 553 402 ms.
580 321 671 404 xm.
703 339 799 406 cnr.
825 341 952 405 xxvt.
1319 347 1382 409 aaa

126 485 267 550 civitatis
296 486 522 572 Eupolemum,
550 489 711 574 octogiuta
739 490 888 554 inlustres
916 491 1071 570 homines,
1100 492 1217 576 quibus
1232 505 1297 554 ttc.
1310 507 1363 560 tta.

126 571 337 635 redeuntibus
359 572 443 635 inter
464 581 602 636 ceteram
625 573 862 638 multitudinem
881 575 1078 660 Eupolemus
1102 577 1217 639 etiam⁰
1231 569 1259 616 Α·
1272 571 1297 618 ⁰·
1312 571 1364 624 ¹⁷4

126 656 242 720 obvius
270 657 398 735 exierat,
425 657 558 741 ”quum
583 657 771 722 salutatione
793 659 930 744 benigne
955 659 1077 744 excepti
1100 667 1216 739 essent,

127 741 312 826 dextraeque
327 741 420 819 datae,
435 741 647 840 ingredientes
668 751 802 827 portam,
817 745 912 807 fidem
935 744 1041 807 datam
1066 743 1215 844 Deosque

127 833 226 888 testes
241 825 359 908 nequid
380 847 456 888 uam
477 833 670 904 invocantes,
685 827 841 892 interfecti
863 837 949 892 sunt.
994 827 1073 892 lnde
1088 849 1215 912 gramm

128 909 168 972 de
182 909 304 994 integro
318 847 439 973 &llum
454 911 578 974 exarsit.
610 911 647 974 C.
663 909 807 975 Valerius
824 913 984 991 Laevinus,
1000 921 1032 975 et
1044 913 1107 998 Ap.
1119 913 1215 976 Clau-

127 993 201 1056 dius
224 995 367 1072 Pulcher,
382 1003 414 1058 et
437 995 473 1058 C.
492 995 675 1074 Memmius,
693 1005 725 1060 et
750 997 798 1060 M.
816 995 979 1083 Popillius,
996 1009 1028 1060 et
1051 997 1089 1060 L.
1106 997 1214 1060 Canu-

127 1077 207 1140 leius
228 1079 318 1142 missi
343 1079 383 1142 ab
408 1087 523 1142 senatu
543 1088 702 1143 venerant.
744 1083 844 1166 Apud
873 1103 926 1145 eos
954 1103 1054 1166 quum
1077 1081 1213 1167 Delphis

126 1162 292 1246 utriusque
316 1164 416 1248 partis
438 1163 534 1248 legati
555 1185 671 1248 magno
695 1166 864 1229 certamine
887 1173 1026 1250 agerent,
1049 1165 1213 1230 Proxenus

124 1248 271 1325 maxime,
287 1269 387 1331 quum
412 1269 533 1326 caussa,
556 1257 626 1311 turn
650 1249 839 1332 eloquentia,
862 1258 1011 1336 praestare
1035 1252 1121 1315 visus
1144 1261 1211 1330 est3

125 1332 180 1446 qui
196 1353 314 1416 paucos
329 1340 402 1417 post
417 1333 483 1395 dies
497 1333 537 1396 ab
551 1333 732 1397 Orthobula
747 1355 844 1397 uxore
852 1357 973 1398 veneno
985 1343 1033 1398 est
1048 1336 1210 1399 sublatus:

125 1417 136 1446 ²
156 1416 367 1500 damnataque
390 1439 427 1480 eo
450 1417 589 1496 crimine,
604 1417 637 1480 in
660 1418 804 1481 exsilium
827 1419 913 1482 abiit.
958 1419 1048 1482 Idem
1071 1420 1159 1484 furor
1180 1427 1211 1483 ct
1225 1423 1370 1498 cretensium

125 1498 295 1562 Cretenses
317 1501 481 1565 lacerabat.
507 1502 646 1565 adventu
670 1501 782 1566 deinde
805 1501 847 1568 Q.
869 1503 1006 1567 Minucii
1027 1504 1131 1602 legati,
1156 1505 1211 1588 qui
1224 1487 1327 1532 ‘'mm'‘

124 1605 200 1646 cum
216 1585 323 1647 decem
336 1586 469 1649 navibus
484 1585 600 1650 missus
614 1586 654 1649 ad
668 1587 807 1651 sedanda
819 1609 927 1650 eorum
943 1597 1113 1652 certamrna
1134 1597 1210 1669 erat,

123 1668 158 1730 in
182 1689 270 1754 spem
295 1670 381 1754 pacis
407 1679 565 1734 venerant.
603 1671 626 1703 ¹⁴
635 1680 774 1734 ceterum
802 1671 937 1736 induciae
961 1681 993 1736 et
1018 1673 1130 1736 antea‘¹
1155 1696 1211 1737 sex

122 1754 281 1817 mensium
296 1755 443 1818 fuerunt:
466 1755 540 1818 inde
562 1755 663 1818 multo
678 1755 804 1840 marius
818 1757 936 1821 bellum
951 1758 1075 1822 exarsit.
1119 1757 1210 1907 chii

122 1857 249 1922 quoque
264 1839 419 1924 peridem
439 1847 567 1924 tempus
589 1840 629 1904 ab
644 1841 777 1904 Rhodiis
798 1841 880 1905 bello
895 1843 1101 1906 vexabantur.
1170 1843 1210 1906 ed

123 1931 325 1988 externorum
340 1924 468 1987 interae
483 1923 575 2002 bella,
591 1947 655 2009 quo
670 1947 804 2010 quaeque
825 1926 921 1989 modo
933 1935 1023 2012 gesta
1038 1935 1123 2006 sunt,
1138 1949 1209 2012 per-

122 2009 211 2091 sequi
224 2027 290 2072 non
313 2017 487 2094 operaest
508 2009 533 2044 '¹⁸
543 2009 619 2072 satis
645 2031 802 2095 superque
817 2011 921 2074 oneris
936 2012 1105 2075 sustinenti
1119 2033 1169 2076 res
1191 2033 1210 2076 a
1249 2077 1254 2094 ,

121 2115 164 2178 po
188 2093 243 2155 ulo
258 2093 402 2156 Romano
416 2103 521 2178 gestas
537 2093 681 2157 scribere.

199 2177 292 2239 xvl.
315 2177 464 2241 Celtiberi
477 2178 510 2241 in
527 2177 693 2263 Hispanis,
708 2179 762 2262 qui
777 2177 860 2241 bello
872 2177 983 2242 domiti
997 2199 1030 2241 se
1041 2179 1092 2242 Τί.
1110 2179 1208 2243 Grac·
1221 2195 1350 2242 cettioero-

122 2261 184 2323 cbo
199 2261 391 2340 dediderant,
407 2263 510 2348 pacati
525 2271 705 2325 manserant
716 2263 763 2325 M.
774 2262 893 2326 Titinio
903 2271 1037 2346 praetore
1046 2262 1208 2326 obtinente
1220 2273 1273 2334 ’,Μ
1285 2260 1360 2305 reret·

121 2345 326 2490 provinciam.
356 2345 547 2410 rebellarunt
560 2346 582 2378 ²⁰
592 2347 653 2410 sub
668 2347 839 2410 adventurn
855 2345 917 2431 Ap.
933 2345 1068 2424 Claudii,
1083 2346 1208 2430 orsique
1221 2322 1260 2368 ¹¹⁰'

143 2430 240 2493 ellum
270 2439 346 2494 sunt
374 2431 415 2495 ab
443 2431 608 2518 repentina
636 2430 872 2516 obpugnatione
895 2440 1070 2495 castrorum
1094 2431 1209 2494 Roma-

121 2535 247 2578 norum.
293 2513 397 2578 Prima
410 2515 466 2580 lux
480 2517 578 2580 ferme
596 2523 672 2594 erat,
688 2537 788 2600 quum
803 2513 914 2614 vigiles
935 2515 969 2578 in
984 2515 1075 2593 vallo,
1091 2514 1209 2600 quique

121 2597 156 2659 in
179 2607 342 2682 portorum
364 2601 552 2663 stationibus
574 2609 673 2678 eraut,
694 2621 794 2684 quum
814 2599 967 2664 vidissent
988 2599 1099 2686 procul
1122 2599 1210 2663 veni-

121 2690 228 2746 entem
243 2683 377 2762 hostem,
392 2685 432 2748 ad
446 2705 533 2748 arma
548 2683 832 2748 conclamaverunt.
867 2685 898 2748 A
922 2685 1105 2762 Claudius,
1116 2683 1208 2769 signo

120 2767 284 2852 proposito
306 2791 434 2854 pugnae,
449 2779 507 2833 ac⁰
520 2769 630 2854 paucis
652 2769 838 2832 adhortatus
850 2707 977 2847 miltes,
991 2769 1095 2832 tribus
1114 2769 1209 2832 simul

120 2853 220 2935 portia
233 2853 353 2916 eduxit.
397 2853 638 2918 obsistentibus
653 2854 693 2916 ad
707 2853 827 2916 exitum
843 2853 1020 2931 Celtiberis,
1035 2853 1137 2938 primo
1152 2874 1210 2937 par

119 2937 311 3022 utrumque‘
322 2937 468 3024 proelium
483 2937 554 3017 suit,
569 2938 644 3022 quia
656 2945 786 3022 propter
798 2935 960 3020 augustias
976 2958 1040 2998 nou
1056 2959 1165 2998 omncs
1175 2936 1208 2998 in

119 3019 265 3085 saucibus
284 3043 426 3106 pugnare
448 3030 596 3106 poterant
622 3021 773 3085 Romani:
797 3019 999 3104 ”urguentes
1023 3019 1136 3082 deinde
1158 3018 1209 3080 alii

119 3104 198 3168 alios
220 3107 343 3169 secuti!
366 3116 533 3170 eraserunt
555 3115 644 3169 extra
658 3105 785 3184 vallum,
800 3112 838 3167 ut
859 3103 997 3188 pandere
1021 3103 1130 3181 aciem,
1145 3101 1167 3134 ¹⁸
1177 3109 1210 3164 et

119 3191 278 3274 exaequari
303 3191 452 3254 comibus
474 3191 630 3269 hostibus,
653 3190 769 3274 quibus
792 3187 1048 3267 circumibantur,
1092 3193 1208 3250 ossent.

120 3273 165 3336 ita
178 3285 308 3359 repente
324 3284 497 3360 eruperunt
505 3275 530 3353 ¹¹,
545 3283 583 3338 ut
597 3275 752 3338 sustinere
773 3274 918 3358 inpetum
933 3294 1043 3336 eorum
1059 3209 1209 3336 deltiberi

119 3359 298 3442 nequirent.
343 3361 427 3422 Ante
443 3361 553 3422 horam
567 3359 739 3422 secundam
753 3357 838 3444 pulsi
854 3365 950 3421 sunta
974 3357 1014 3421 ad
1028 3356 1209 3442 quindecim

152 3504 299 3550 ‘most
312 3505 384 3550 Gron.
397 3505 466 3551 Cres.
541 3501 763 3552 ‘ledsctaetontsn
775 3505 870 3565 Kreysa.
883 3503 960 3550 sess.
1024 3503 1207 3550 ‘ocdellted

167 3561 299 3628 ‘ua-qu
310 3569 383 3615 Gron.
392 3569 459 3615 Cret.
471 3569 738 3692 ξτᾶἵζηῇίὶίέωμ
752 3571 888 3678 belisiam
898 3569 993 3628 llreyss
1027 3569 1067 3614 uu
1079 3567 1154 3614 sext.

152 3767 184 3812 Ω
203 3767 275 3816 stom
289 3767 426 3814 :utstatim
438 3769 531 3828 migne
546 3769 633 3828 excepti
643 3763 729 3828 essent]
762 3767 871 3813 Romano
881 3771 965 3825 gestos.

120 3829 247 3876 mortemon
260 3831 362 3891 benigna
794 3829 826 3875 ab
842 3829 889 3875 roo
906 3829 1022 3875 oduntem
1035 3829 1079 3887 Ap.
1092 3825 1194 3890 Claudia]
1221 3827 1284 3878 lliuc
1301 3831 1371 3877 disci·

151 3892 185 3938 2³
202 3893 358 3956 flammaque
369 3909 394 3940 eo
405 3892 509 3954 crtntne]
529 3895 591 3953 Lege
601 3909 653 3940 cum
665 3893 731 3940 Peri·
763 3907 815 3938 mus
828 3891 873 3952 Ap.
892 3893 1015 3938 Claudium
1027 3891 1098 3938 luisse
1116 3902 1237 3952 pretorem
1252 3894 1371 3953 superiore

119 3957 197 4011 aonio,
208 3959 316 4003 donem
330 3971 387 4018 qnae.
421 3958 473 4002 th.
493 3967 542 4004 not.
559 3959 591 4006 89
606 3959 636 4003 ad
656 3959 670 4003 l.
691 3957 731 4002 lV.
763 3971 833 4010 auno,
844 3965 869 4002 et
880 3956 1010 4002 citeriorem
1025 3955 1160 4016 Rispaniam
1172 3957 1307 4003 obtinuisse.

119 4035 139 4066 c.
154 4019 272 4079 lloupre.
796 4019 827 4074 27
849 4021 959 4080 Urgentes
969 4019 1166 4067 deindeolltob'os
1174 4017 1258 4094 secuti]
1276 4019 1371 4064 Nemini

153 4084 185 4129 2⁴
202 4085 304 4130 monn
325 4085 422 4130 Μυσία
440 4091 462 4131 st
480 4092 547 4132 osteo
568 4099 607 4130 ses
626 4085 732 4130 mendum
764 4097 810 4128 non
822 4084 1371 4144 apparebitvocemseostihicitepoutomesoe,

110 4143 225 4206 sonent}
245 4148 307 4206 Lege
320 4161 374 4193 cunr
383 4149 732 4203 Gronovio,ceteroortnductae
764 4155 789 4192 ut
811 4147 922 4206 impediat
945 4148 1021 4208 potius
1043 4160 1146 4202 sensum,
1169 4159 1239 4204 quom
1267 4145 1371 4203 odJuvet.

118 4217 207 4256 tostam
218 4225 257 4256 oea
268 4208 494 4272 mmsmfeoemt.
765 4209 817 4256 Non
830 4211 971 4264 dubitamus,
979 4211 1035 4270 quin
1053 4210 1227 4256 rescribendum
1239 4207 1276 4264 sit,
1288 4223 1371 4268 erger-

152 4273 184 4318 25
212 4275 275 4320 Satis
294 4287 404 4336 esperqm
426 4279 499 4322 oneris
519 4277 639 4322 eosdmett
659 4287 696 4321 ree
717 4287 732 4319 o
764 4275 1097 4322 tandemdeotttolioseeotts.

114 4337 200 4396 popolo
222 4337 322 4384 Reum
346 4345 424 4399 gestos
450 4335 560 4400 seribere]
598 4339 731 4384 Delendum
795 4338 827 4384 28
844 4337 876 4384 m
894 4340 1008 4400 stapam
1027 4337 1130 4384 mtto
1150 4335 1256 4390 tutides.
1277 4331 1371 4396 quito]

116 4399 213 4445 ridetur
224 4401 320 4446 verbam
331 4403 512 4462 aetheraquasi
528 4411 552 4448 et
569 4403 669 4448 otiosum
688 4409 731 4456 est,
764 4401 866 4461 Reponit
878 4402 1016 4458 Gronovius,
1032 4405 1055 4446 et
1071 4400 1184 4460 eupatori
1200 4399 1303 4446 conitor
1319 4401 1370 4447 hoe·

115 4463 416 4518 etdetomotoretionem.
451 4465 514 4512 Dicit
534 4467 614 4512 Livius
632 4479 657 4512 ee
676 4464 732 4511 sads
764 4467 951 4526 ttsmoqm'tm.

116 4539 236 4586 superque
255 4528 333 4573 oneris
355 4527 424 4584 terre,
445 4543 538 4588 nempe,
560 4544 596 4576 res
613 4543 627 4576 ι
646 4529 732 4588 populo

1145 4589 1205 4648 r2
