3094 4954
225 332 287 394 130
821 322 913 386 ΤΙΤΙ
936 322 1050 386 LIVII

226 499 255 608 ι
389 479 528 622 ..tat
543 469 1330 634 ,ΕἫΜἭἬ
1340 467 1475 632 aaa,

391 637 1476 807 ili'sliiiissiiiidiili'&williwaldi

230 817 447 876 succinctam,
491 810 552 872 Pro
575 807 626 870 his
651 829 751 890 quum
772 806 888 890 gratias
912 805 1052 890 egissent
1077 804 1203 882 Rhodii,
1223 805 1262 867 de
1286 805 1369 868 Solis
1389 805 1476 881 urbe,

394 915 466 978 quae
479 892 513 956 iu
528 893 638 956 Cilicia
651 899 709 969 est,
724 897 876 974 egerunta
898 891 994 970 Arpis
1008 895 1037 951 et
1050 890 1129 966 illos,
1150 891 1229 952 sinat
1242 909 1315 966 sese,
1338 890 1477 952 orionas

394 999 466 1043 esse.
501 978 539 1040 ad
562 997 598 1040 ca
616 977 819 1058 comunitate
825 973 1001 1054 fralemam
1014 973 1074 1036 sibi
1088 993 1155 1036 cam
1169 975 1209 1034 iis
1223 975 1383 1036 commem
1405 993 1477 1034 ease.

394 1065 505 1126 Petere
525 1063 580 1124 loc
604 1059 882 1122 extraordinatam
904 1078 1021 1134 mama,
1039 1063 1073 1120 al
1087 1077 1154 1120 eam
1168 1058 1320 1120 civitatm
1334 1077 1373 1119 aa
1385 1059 1478 1118 sanai-

396 1153 459 1211 latc
472 1146 558 1226 rapio
572 1146 745 1207 ecimneat.
766 1141 879 1205 Vocati
893 1149 968 1204 sunt
983 1141 1064 1225 regis
1079 1141 1230 1204 Antiochi
1242 1140 1348 1224 legati,
1360 1149 1479 1202 actum·

396 1251 458 1314 que
473 1249 547 1292 cum
564 1227 603 1290 iis
619 1235 682 1290 est:
706 1247 765 1290 uec
786 1225 960 1309 quidquam
981 1225 1186 1310 inpetratum,
1207 1232 1344 1288 testante
1364 1224 1480 1286 soedera

396 1313 576 1397 Antipatro,
591 1312 739 1374 adversus
754 1332 826 1394 quae
841 1310 880 1373 ab
895 1309 1027 1372 Rhodiis
1047 1330 1111 1372 non
1135 1309 1236 1387 Solos,
1259 1308 1315 1372 sed
1338 1308 1479 1372 Ciliciam

396 1397 473 1483 peti,
489 1406 521 1460 et
527 1397 608 1481 juga
619 1395 716 1458 Tauri
725 1393 915 1458 transcendi.
959 1393 1125 1456 Revocatis
1135 1393 1169 1456 in
1181 1400 1326 1456 senatum
1337 1393 1480 1470 Rhodiis,

397 1503 507 1566 quum,
517 1487 710 1564 quantopere
721 1479 864 1542 tenderet
873 1479 996 1561 legatus
1006 1477 1122 1562 regius,
1131 1477 1352 1561 exposuissent
1362 1477 1480 1552 Patres,

397 1567 598 1650 adjecerunt3
621 1565 657 1626 Si
680 1565 781 1644 ulique
807 1583 873 1626 eam
898 1583 962 1624 rem
989 1563 1033 1624 od
1056 1563 1190 1626 αὐίίαίιζι
1214 1581 1276 1624 aaa
1304 1563 1481 1644 dipsitolem

391 1652 547 1730 pertinere
566 1653 718 1712 enumerat
737 1647 861 1725 Rhodii,
882 1652 1018 1709 amatam
1036 1649 1117 1709 omasi
1134 1645 1221 1709 modo
1242 1651 1482 1727 eapcyaatanon

390 1735 597 1814 pertinaciam
631 1733 806 1813 deputatum.
858 1731 943 1794 Tum
969 1751 1044 1794 vero
1072 1729 1246 1815 inpensius,
1274 1751 1371 1813 quam
1398 1737 1481 1806 ante,

399 1815 516 1879 Rhodii
544 1814 660 1912 gratias
688 1822 831 1899 egerunt,
861 1835 1066 1899 cessurosque
1094 1835 1128 1878 se
1155 1815 1263 1899 potius
1290 1814 1482 1898 adrogantiae

397 1900 569 1984 Antipatn,
593 1919 689 1982 quam
708 1919 852 1962 caussam
874 1898 1042 1962 turbandae
1064 1899 1151 1984 pacis
1173 1899 1374 1984 praebituros,
1396 1898 1483 1960 dixe-

397 1993 484 2048 runt.
520 1984 566 2046 ita
579 1983 658 2046 nihil
672 1983 711 2046 de
727 1983 809 2046 Solis
822 1989 981 2046 mutatum
996 1991 1054 2046 est

441 2068 549 2132 LVII.
572 2069 633 2131 Per
652 2089 706 2130 eos
727 2067 805 2146 dies,
848 2067 943 2130 uibus
965 2068 1035 2130 haec
1054 2073 1143 2152 gesta
1157 2065 1351 2166 suntulegati
1367 2065 1483 2166 llassi-

398 2151 546 2216 liensium
574 2152 767 2215 nunciarunt
777 2153 801 2230 ὓ,
822 2089 860 2216 L.
880 2152 1015 2214 Badium
1037 2158 1211 2234 pretorem,
1238 2173 1272 2214 aa
1292 2154 1483 2233 proomciam

398 2239 583 2318 Hispaniam
592 2235 844 2318 proficiscentem,
865 2237 903 2300 od
920 2237 1085 2318 Ιιὶριιήὸιω
1099 2237 1351 2309 dammandum
1373 2257 1484 2316 mapsa

392 2329 487 2402 parte
501 2323 642 2384 comitum
656 2341 743 2399 caea,
757 2323 945 2383 calmetam
959 2323 1065 2402 ipatam,
1087 2341 1154 2383 cam
1168 2322 1289 2401 paucis,
1309 2322 1375 2382 siaa
1397 2321 1485 2382 licto-

398 2407 494 2484 aava,
507 2407 682 2468 Massiliam
689 2404 870 2486 persupisse,
885 2411 915 2468 et
928 2407 1014 2467 intra
1026 2405 1160 2468 induam
1174 2406 1353 2486 acapiraaae.
1386 2403 1485 2467 Sena-

399 2497 463 2566 tus,
478 2511 515 2552 ea
527 2510 560 2551 re
576 2488 692 2566 audita,
715 2487 861 2566 decrevit,
875 2491 922 2552 ali
935 2489 974 2552 P.
987 2490 1098 2552 danim
1110 2490 1235 2567 anau,
1250 2490 1303 2570 qai
1310 2495 1486 2570 propretor

399 2575 433 2636 ἐπ
445 2573 577 2634 Etauria
589 2575 841 2653 esseaprovtaeia
852 2573 1178 2654 eaerdtaqaetroditia
1186 2574 1248 2651 uni,
1260 2573 1485 2649 cnioideretur,

400 2676 439 2718 ec
463 2657 581 2737 tepolis,
603 2657 668 2736 ipsc
686 2659 720 2718 ta
736 2657 910 2720 arctoam
927 2658 1110 2738 Haaponiom
1118 2656 1372 2738 proficisceremur,
1391 2677 1486 2738 eoque

400 2740 606 2819 ciprooiacio
627 2745 714 2802 esset.
759 2740 831 2803 Hoc
860 2741 1172 2804 sanatusconsultum
1200 2739 1362 2824 litcraeque
1385 2761 1405 2802 a
1427 2741 1485 2838 Sp.

402 2821 565 2886 Postumio
578 2830 713 2908 praetore
727 2823 761 2886 in
777 2824 939 2888 Etnuiam
961 2825 1066 2888 missae
1088 2833 1183 2889 sunta
1205 2825 1428 2909 profectusque
1451 2847 1486 2886 ιιι

268 2915 346 2992 qiu·
403 2905 592 2992 Hispaniam
608 2917 656 2972 est
672 2908 707 2972 P.
725 2909 843 2972 Junius
858 2917 1043 2993 propraetor.
1087 2910 1127 2972 ln
1142 2929 1206 2992 qua
1218 2909 1381 2992 provincia
1394 2908 1486 2993 prius

259 2993 296 3054 ¹¹⁸¹.
320 2995 361 3027 ¹¹⁰¹
400 2991 570 3074 aliquanto,
582 3014 677 3076 quam
693 3013 855 3056 successor
868 2993 988 3056 veniret
1000 3003 1021 3071 ⁰,
1046 2993 1085 3056 L.
1099 2993 1250 3056 AEmilius
1266 2992 1407 3070 Paullus,
1429 2993 1488 3075 qui

423 3085 510 3140 ostea
530 3099 636 3160 regem
656 3077 771 3140 Persea
792 3097 908 3162 magna
927 3077 1026 3160 gloria
1046 3077 1132 3155 vicit,
1152 3097 1253 3160 quum
1272 3077 1376 3160 priore
1400 3099 1488 3140 anno

399 3097 486 3222 Laud
499 3182 573 3245 pros
597 3182 648 3223 ere
670 3182 737 3224 rem
754 3162 913 3246 gessisset,
936 3161 1144 3224 tumultuario
1168 3161 1307 3224 exercitu
1330 3161 1487 3238 conlecto,

400 3183 1491 3392 aa.niasaansaan.satanica

399 3409 531 3472 trecenti
556 3412 650 3494 capti,
677 3420 711 3474 ct
739 3421 841 3476 castra
868 3421 1057 3498 expugnata.
1101 3413 1209 3497 Hujus
1235 3377 1377 3477 victoriae
1400 3415 1491 3477 fama

399 3493 629 3576 tranquilliores
643 3495 677 3558 iu
694 3496 755 3559 His
778 3496 1005 3560 aniaressecit.
1049 3497 1171 3560 Eodem
1194 3518 1277 3560 anno
1300 3506 1374 3560 ante
1399 3499 1488 3562 diem

398 3577 528 3641 tertium
555 3579 716 3642 Kalendas
764 3581 908 3642 annonas
930 3579 951 3614 '¹
962 3580 1140 3644 Bononiam
1162 3581 1311 3644 Latinam
1326 3582 1490 3646 coloniam

398 3680 437 3721 ex
453 3664 726 3726 senatusconsulto
741 3664 780 3726 L.
794 3663 938 3728 Valerius
954 3663 1095 3743 Flaccus,
1118 3665 1167 3728 M.
1181 3665 1300 3728 Atilius
1316 3665 1490 3744 Sem-anus,

398 3743 438 3805 L.
454 3745 598 3810 Valerius
612 3748 759 3832 Tappus‘
771 3747 927 3812 triumviri
942 3748 1152 3811 deduxerunt.
1186 3747 1248 3812 tria
1261 3749 1360 3812 millia
1380 3751 1490 3813 homi-

398 3847 477 3890 num
492 3837 568 3892 sunt
581 3831 733 3895 deducta:
757 3831 916 3914 equitibus
930 3841 1123 3916 septuagena
1132 3831 1255 3916 jugera,
1271 3833 1383 3896 ceteris
1399 3833 1490 3897 colo-

398 3911 448 3973 nis
476 3913 554 3995 quin
576 3935 698 4012 ungena
723 3925 800 3978 sunt
827 3916 910 3980 data.
952 3917 1038 4000 Ager
1066 3923 1178 3978 catus
1201 3916 1241 3979 de
1266 3916 1368 3980 Gallis
1394 3917 1490 3981 Boiis

234 4011 359 4060 ceramon
397 3994 516 4093 linerat:
549 3935 634 4061 duh
661 3999 783 4062 Tuscos
811 3999 1007 4084 exprderant.
1050 3937 1173 4062 Eodem
1201 4021 1286 4064 anno
1315 4021 1489 4064 censuram

233 4074 262 4120 ‘³⁸
274 4090 378 4126 censura
398 4079 491 4144 multa
504 4088 536 4142 et
549 4080 624 4144 clari
637 4081 696 4146 viri
714 4083 884 4167 petierunt.
920 4105 992 4166 quae
1011 4099 1073 4162 res,
1094 4091 1257 4168 umquam
1271 4084 1306 4148 in
1319 4105 1353 4148 se
1367 4108 1490 4170 parum

485 4230 499 4260 ⁸
509 4229 538 4274 ila
549 4227 625 4274 saka.
747 4223 762 4262 b
773 4233 933 4278 summumst
943 4232 1016 4278 Gran.
1025 4232 1093 4278 Grev.
1221 4236 1233 4266 ⁰
1243 4233 1338 4280 maus
1351 4231 1420 4279 ann

549 4287 598 4338 “cl
609 4291 656 4364 dal.
669 4291 744 4338 Beklr.
848 4295 915 4341 ’δυο
927 4294 986 4341 End.
1050 4289 1062 4328 s
1077 4295 1155 4356 Tappo
1167 4295 1261 4354 Kreysa.
1274 4295 1352 4342 Bekk.

262 4411 291 4466 71
310 4416 433 4465 Bononiam
448 4419 555 4466 Minoas
570 4419 677 4466 colam
689 4451 697 4466 .
709 4450 735 4466 ..
750 4419 836 4466 dedar-
869 4426 894 4466 nt
903 4421 1194 4482 colonialllaproindejrn
1203 4429 1293 4472 ustam
1305 4422 1366 4469 Latii
1376 4423 1490 4469 habam.

229 4472 308 4532 crant]
326 4479 420 4527 Durare
430 4481 558 4530 Βοηοιιίιιιι
570 4483 663 4530 mano·
673 4497 687 4530 e
697 4481 795 4538 Latinis,
804 4483 837 4530 lta
869 4484 922 4531 vid.
934 4493 981 4532 not.
994 4485 1033 4541 85,
1044 4485 1074 4532 sd
1086 4486 1103 4530 l.
1116 4485 1227 4532 xxxiv.
1239 4501 1258 4532 c.
1269 4485 1308 4532 alt
