3094 4954
382 353 470 417 LIB.
497 347 697 416 XXXVIII.
727 345 822 412 CAP.
845 349 1008 420 XXXIV.
1307 361 1367 424 165
1452 308 1455 314 ¹

107 525 255 570 caussam
280 497 447 566 dixissent.
483 500 589 564 ierunt
611 500 664 563 alii
677 500 772 564 etiam
783 497 933 564 inlustres
948 501 1016 582 virI,
1032 509 1064 566 et
1079 502 1099 536 '⁴
1109 503 1204 568 adro-
1220 519 1248 566 υ.
1258 520 1284 566 c.
1296 521 1351 568 aaa

108 589 171 652 cati
194 587 340 673 privatis,
363 595 395 649 et
443 585 497 648 uia
517 585 674 670 pertinere
695 605 839 648 caussam
853 606 963 648 eorum
978 586 1204 685 adrempubli-
1218 585 1284 630 Μ·
1299 584 1351 632 ¹⁸⁹·

108 695 180 737 cam
204 672 389 736 censebant.
468 689 620 753 umquam
646 669 722 732 alias
744 669 868 732 exsules
889 670 1203 736 Lacedaemomorum

108 758 222 822 Achaei
242 777 352 820 secum
375 753 573 818 adduxerant
600 753 634 816 in
655 754 746 832 fines,
769 753 846 837 quia
870 754 950 816 nihil
973 777 1064 838 aeque
1086 755 1202 820 aliena-

109 850 220 906 turum
234 841 358 904 animos
372 839 509 903 civitatis
520 837 696 900 videbatur.
725 845 803 900 tunc
817 838 974 902 exercitus
988 839 1087 903 totius
1099 861 1200 938 prope

110 925 311 1010 antesignani
333 923 460 987 exsules
480 929 580 986 erant.
624 921 652 984 li
673 922 873 986 venientibus
888 923 1137 987 Lacedaemomis
1159 925 1200 988 ad
1214 917 1363 994 taceremn-

110 1019 237 1096 portam
253 1017 430 1072 castrorum
446 1006 571 1090 agmine
585 1006 669 1069 facto
684 1006 903 1071 obcurrerunt.
939 1013 972 1070 et
984 1009 1087 1094 primo
1100 1009 1199 1072 laces-
1211 983 1365 1092 llssffipfss

111 1115 180 1158 sere
215 1093 335 1178 urgiis:
368 1091 482 1156 deinde
506 1090 707 1154 altercatione
731 1099 810 1170 orta,
832 1112 933 1175 quum
954 1093 1199 1157 accenderentur
1211 1109 1337 1157 erunibus.

111 1179 178 1258 irae,
193 1117 381 1242 ierocissimi
394 1175 540 1240 exsulum
560 1174 593 1238 in
617 1182 705 1238 etum
725 1174 759 1238 in
774 1175 1033 1241 Lacedaemonios
1048 1177 1200 1242 iecerunt.

112 1264 226 1330 Quum
239 1262 286 1324 illi
310 1263 398 1325 Deos
421 1268 454 1324 et
476 1259 573 1322 fidem
594 1197 772 1344 legatorum
793 1266 996 1339 testarentur,
1012 1269 1044 1324 et
1058 1261 1153 1346 legati
1168 1272 1201 1326 et

110 1356 239 1496 un
260 1428 597 1494 ...1
633 1345 1202 1508 ...tn

110 1453 262 1579 turnultdl
275 1450 576 1578 conlinniturba.
619 1451 789 1578 EtJAchaei
808 1513 849 1576 ad
869 1513 1085 1597 spectaculum
1098 1514 1201 1600 primo

111 1599 343 1664 concurrebant
352 1609 375 1663 ¹.
406 1598 520 1662 deinde
545 1595 791 1662 vociferantibus
819 1597 994 1678 exsulibus,
1022 1620 1094 1684 quae
1139 1599 1201 1664 assi

1 1743 2 1746 ,
111 1685 229 1764 forent,
253 1692 284 1748 et
317 1683 483 1747 orantibus
515 1703 620 1768 opem,
643 1681 947 1768 adfirmantibusque
976 1683 1081 1763 simul,
1135 1703 1201 1748 cm-

105 1790 213 1937 fflz
233 1771 333 1916 tales}
350 1767 732 1934 ogwlioltabiturolr,
751 1769 791 1915 δὲ
810 1788 890 1915 garn
910 1770 1200 1918 μνωίεᾱνιιιῖιὴιιαιιὶσὲ·

109 1901 243 2002 Athenis
251 1875 421 2002 ilerum
437 1936 561 2019 saturet,
583 1873 709 2000 ,imqrtzom
727 1873 1000 2019 peryilblll'ereeqll
1017 1941 1200 2021 priusquam

108 2025 174 2087 alio
199 2025 237 2086 de
260 2026 378 2105 integro
398 2022 518 2104 sedere
545 2021 761 2104 obiicerentur,
787 2023 895 2086 maior
916 2023 1087 2104 ponendos
1115 2043 1198 2097 esser

109 2129 246 2171 accensa
268 2106 319 2172 his
332 2107 463 2171 vocibus
484 2105 658 2169 multitudo
680 2105 720 2169 ad
734 2127 844 2170 vocem
864 2105 972 2184 unius,
988 2107 1053 2190 qui,
1067 2114 1106 2170 ut
1127 2107 1200 2171 feri·

109 2199 197 2270 rent,
211 2191 488 2270 inclamantem
508 2189 662 2275 conjecit:
684 2198 779 2273 atque
794 2191 838 2253 ita
859 2191 1083 2275 septemdecim
1092 2201 1115 2269 ¹,
1130 2191 1201 2274 qui·

1 2315 2 2318 =
109 2277 176 2340 bus
206 2275 333 2338 vincula
360 2297 416 2360 per
441 2275 617 2338 tumultum
645 2274 762 2359 injecta
790 2283 890 2352 erant,
922 2273 1079 2336 interiecti
1106 2283 1200 2338 suntr

109 2360 279 2446 sexaginta
293 2369 358 2423 tres
376 2369 500 2445 postero
524 2359 574 2423 die
598 2361 669 2423 com
693 2357 828 2436 rehensi,
842 2379 861 2420 a
875 2356 991 2441 quibus
1004 2364 1123 2442 praetor
1136 2359 1201 2422 vim

108 2453 265 2524 arcuerat,
292 2467 357 2508 non
394 2445 468 2530 quia
496 2444 598 2508 salvos
628 2381 733 2521 vellet,
761 2443 818 2506 sed
853 2442 929 2525 quia
959 2441 1061 2528 perire
1090 2463 1202 2506 caussa

108 2530 233 2594 indicta
267 2529 404 2608 nolebat,
437 2529 552 2614 objecti
584 2527 783 2592 multitudini
818 2527 917 2606 iratae,
947 2548 1048 2611 quum
1084 2527 1200 2592 aversis

110 2613 249 2762 amblis'
257 2635 358 2700 pauca
369 2614 469 2678 locuti
482 2621 598 2693 essent,
609 2613 750 2677 damnati
764 2633 884 2693 omnes,
900 2620 932 2678 et
945 2612 1054 2677 traditi
1069 2620 1145 2676 sunt
1160 2613 1201 2677 ad

110 2721 152 2762 au
222 2721 316 2764 crum.

188 2784 317 2848 XXIV.
341 2784 414 2849 lloc
447 2791 537 2850 metu
572 2783 698 2870 injecto,
728 2785 979 2849 Lacedaemoniis
1007 2783 1198 2871 imperatum
1213 2795 1286 2855 tege·
1300 2793 1363 2854 pse·

1 2911 3 2926 ι
132 2869 261 2948 rimum,
274 2877 312 2934 ut
325 2889 435 2932 muros
451 2869 612 2934 diruerent
624 2893 632 2932 ι
655 2869 779 2947 deinde,
795 2878 833 2933 ut
847 2891 958 2933 omnes
972 2871 1094 2934 externi
1110 2870 1198 2933 auxi-
1211 2861 1278 2906 ‘¹³⁰²'
1291 2859 1363 2934 ¹13⁶*

108 2891 214 3102 {iffi
229 2953 284 3038 qni
296 2954 441 3018 mercede
454 2953 541 3053 apud
559 2962 713 3052 tyrannos
726 2953 1028 3100 'milimselt'lillm
1042 2953 1200 3016 Laconica
1211 2925 1341 2970 ⁶²¹⁰⁰¹¹¹¹⁸

107 3047 431 3208 enatos
445 3044 1132 3206 naemu
1152 3039 1201 3184 n

108 3207 311 3288 mansissent,
334 3229 389 3271 eos
412 3207 640 3293 prehendendi,
659 3207 827 3286 vendendi,
849 3205 1048 3270 abducendi¹
1072 3143 1200 3270 Xchaeis

103 3293 160 3377 jus
177 3300 272 3356 esset.
316 3293 345 3357 L
367 3293 456 3377 curgi
479 3293 565 3378 leges
579 3314 746 3376 moresque
766 3293 964 3376 abrogarent
1007 3291 1200 3355 Achaeorum

108 3377 333 3442 adsuescerent
345 3315 470 3463 legibus
483 3377 712 3462 institutisque.
734 3377 779 3440 ita
789 3377 886 3440 unius
900 3398 953 3440 eos
968 3397 1005 3439 co
1065 3377 1108 3440 ris
1122 3377 1199 3456 fore,

108 3469 141 3525 et
156 3463 196 3526 de
208 3461 358 3526 omnibus
372 3461 468 3526 rebus
481 3461 603 3527 facibus
618 3483 839 3526 consensuros.
864 3462 886 3496 ¹⁶
896 3461 1018 3525 Nihilo
1042 3460 1199 3526 adientius

108 3547 264 3624 lecerunt,
280 3567 375 3630 quam
398 3555 435 3610 ut
458 3568 567 3611 muros
591 3547 771 3611 diruerent:
794 3563 853 3610 nec
873 3546 989 3630 aegrius
1006 3545 1092 3630 passi
1112 3553 1212 3624 sunt,

107 3651 207 3714 qnam
222 3630 348 3696 exsules
362 3631 480 3696 reduci.
523 3632 698 3696 Decretum
711 3631 826 3716 Tegeae
840 3629 874 3694 in
889 3629 1021 3693 concilio
1036 3629 1199 3693 communi

107 3717 302 3779 Achmorum
316 3715 355 3778 de
369 3716 574 3780 restituendis
588 3716 627 3780 iis
642 3717 762 3780 sactum
776 3723 835 3780 est.
861 3722 903 3792 et,
916 3713 1077 3776 mentione
1090 3715 1198 3793 inlata,

107 3809 257 3864 externos
275 3799 441 3864 auxiliares
464 3799 623 3881 dimissos,
638 3809 670 3866 et
683 3798 934 3865 Lacedaemoniis
949 3797 1125 3884 adscriptos
1143 3799 1199 3884 (ita

205 3938 220 3967 ¹
230 3937 344 3982 mmm
356 3935 430 3982 Gron.
442 3937 531 3983 cosdra
542 3935 611 3986 Cres.
738 3939 753 3968 ¹
764 3939 932 3988 mmmm.
947 3933 1020 3980 Gron.
1033 3933 1102 3982 Creu.

285 4001 384 4046 reterens
394 4005 478 4061 aeptm
490 3999 565 4047 sess
662 3999 935 4055 'abducendtmdcadl
946 3997 1006 4044 llad.

140 4109 170 4156 u
187 4111 324 4156 'Admoti
343 4107 455 4171 privatis]
489 4109 602 4158 Adlutnri
629 4109 657 4156 iis
680 4110 720 4170 qai
755 4110 825 4157 viane
836 4109 969 4156 emendatio
980 4109 1054 4169 magis
1081 4110 1149 4157 laest-

105 4173 196 4220 erccati
213 4173 316 4230 incunt,
326 4175 357 4220 ab
368 4175 484 4234 primm
502 4189 556 4221 cum
573 4175 603 4222 ils
618 4174 719 4222 neceni·
787 4173 817 4220 16
834 4173 901 4220 Nili!
911 4124 1277 4234 obedicattujrcsruutqmat
1287 4185 1361 4216 ιιιιιιοι

106 4237 225 4284 tudinem.
753 4233 882 4298 differem]
900 4237 963 4288 Oula
979 4251 1065 4297 nempe
1083 4236 1145 4283 muri
1162 4249 1175 4281 ι
1194 4233 1300 4293 tyrannis
1317 4247 1359 4278 er-

140 4299 171 4346 It
188 4301 415 4349 Grmtattunalta
426 4297 601 4362 mdtaturba]
620 4301 658 4348 Sic
669 4301 718 4348 tere
750 4303 841 4358 structi,
852 4298 961 4362 Μιτιιιιι
972 4301 1032 4348 utut
1049 4301 1166 4347 cicatrim
1182 4300 1280 4356 ὅμινιιιι
1290 4299 1360 4342 aerol-

103 4364 252 4424 aaronita
271 4367 335 4426 quod
353 4365 594 4421 alimentaria,
613 4367 717 4412 curuo:
752 4368 809 4412 tatic
829 4371 903 4420 crant,
930 4372 957 4410 ut
986 4363 1091 4422 loquitur
1120 4362 1239 4420 Lycortas,
1260 4357 1321 4405 infra
1343 4359 1359 4404 l.

103 4429 168 4474 ande
189 4429 323 4476 Gronovius
341 4429 468 4489 legendum
484 4429 600 4489 judicarit
622 4431 717 4476 cmcitc.
751 4429 891 4476 XXXlXc.
908 4429 946 4482 37.
981 4427 1034 4472 Vici.
1052 4425 1085 4472 ibi
1103 4429 1151 4471 not.
1185 4431 1209 4470 et
1226 4421 1315 4470 nctdl
1329 4423 1359 4470 ad

104 4491 183 4552 Vulgo
195 4493 253 4540 editi
264 4493 383 4540 habebant
399 4495 513 4542 eradebat
525 4493 634 4540 tunultu
645 4497 720 4540 mct-
756 4492 868 4541 XXXIV.
879 4491 919 4547 ³8,
930 4501 1008 4550 supra.

105 4563 154 4602 tara
165 4559 254 4604 tuta.-
272 4555 337 4618 quod
352 4557 396 4604 etsl
408 4557 501 4605 tolerari
513 4565 615 4618 poterat,
628 4557 721 4604 Grorto·
