3094 4954
240 307 302 372 106
806 297 899 364 Tl'l'I
930 295 1045 362 LlVll

404 443 1473 614 reustum,

406 621 447 684 ad
461 627 628 704 praetcrem
642 615 810 692 adductus,
824 611 965 692 nunciat,
986 612 1167 676 ”aueum
1182 613 1253 692 jam
1274 613 1353 676 diem
1370 616 1473 677 classes

406 711 490 768 stare
504 703 547 766 od
559 703 689 766 insutum
706 701 843 776 Moesias,
866 704 896 760 et
911 698 1016 778 paullo
1036 703 1107 760 aute
1118 698 1201 760 obas
1215 698 1361 779 maedam
1373 720 1473 762 moves

408 795 561 868 tamquam
575 786 618 848 nd
627 783 852 866 profectivum,
867 801 968 844 moes.
1012 781 1060 844 Re
1081 780 1365 928 subitanperoulsus
1379 791 1474 866 praeto

407 869 565 938 tubicines
579 889 690 934 canere
700 867 804 951 jubet,
818 873 856 928 ut
870 865 898 928 si
912 864 968 961 qui
1022 885 1146 950 ragros
1161 887 1184 950 p
1233 865 1258 928 ti
1278 875 1392 943 essent,
1414 865 1474 928 redi

408 963 496 1019 rents
518 953 664 1017 tribunos
681 952 715 1014 in
728 951 840 1014 urbem
853 949 952 1012 mittit
965 885 1022 1012 ade
1020 949 1179 1033 cogendos
1192 949 1309 1012 milites
1324 959 1474 1034 nautasqu

409 1039 443 1104 in
457 1059 564 1102 naves.
608 1036 706 1100 Hand
721 1055 822 1112 secus,
836 1055 932 1116 quam
947 1032 980 1096 in
994 1032 1160 1116 repentino
1175 1033 1321 1098 incendio
1336 1043 1391 1098 aut
1404 1043 1475 1118 capt

409 1123 498 1202 urbe,
509 1120 695 1206 trepidatur,
704 1119 773 1182 eliis
783 1119 816 1182 in
827 1117 939 1180 urbem
951 1117 1151 1180 omrentibus
1161 1119 1202 1180 ad
1212 1139 1287 1180 suos
1296 1119 1475 1182 revocandos

410 1208 478 1272 aliis
493 1229 533 1270 ex
546 1205 625 1269 urbe
639 1225 734 1268 naves
749 1223 846 1266 cursu
858 1201 1092 1286 repetentibus:
1108 1201 1297 1286 incertisque
1309 1202 1475 1266 clamoribu

413 1291 541 1376 (quibus
565 1289 643 1375 ipsis
669 1288 756 1352 tubae
780 1286 886 1351 obstte
927 1287 1009 1366 rent)
1035 1285 1171 1350 turbatis
1194 1285 1345 1370 imperiis,
1370 1287 1476 1350 landet

411 1397 601 1440 concursum
616 1373 657 1436 ad
671 1393 767 1436 naves
782 1379 840 1436 est.
903 1370 936 1432 ix
949 1391 1040 1434 suam
1054 1369 1189 1454 quisque
1203 1391 1332 1434 noscere
1346 1379 1401 1434 aut
1413 1371 1476 1434 adir

411 1483 478 1546 prae
492 1457 634 1524 tumultu
648 1465 791 1542 poterat:
807 1455 1063 1602 trepidatumque
1078 1475 1152 1518 cum
1207 1453 1306 1518 riculo
1321 1463 1354 1520 et
1367 1455 1400 1518 in
1410 1477 1476 1518 mar

412 1554 444 1608 et
459 1545 492 1608 in
507 1553 591 1607 terra
604 1544 694 1619 foret,
711 1539 755 1618 ni,
774 1539 857 1624 parti
880 1560 918 1601 us
938 1539 1058 1616 divisis,
1079 1539 1123 1602 AE
1159 1537 1240 1616 ''us,
1260 1560 1333 1604 cum
1354 1540 1477 1624 praetori

412 1651 491 1692 nave
508 1629 662 1712 primuse
677 1633 773 1709 portu
787 1623 821 1686 in
836 1623 936 1686 altum
955 1631 1093 1701 evectus,
1109 1623 1269 1708 excipiens
1290 1624 1477 1707 insequente:

413 1734 472 1774 sno
486 1732 645 1794 quamque
660 1708 768 1772 ordine
784 1707 817 1770 in
832 1707 968 1770 frontem
983 1707 1204 1786 instruxisset3
1225 1707 1391 1772 Eudamus
1414 1711 1478 1772 Rho

413 1797 526 1878 disque
540 1793 649 1858 classis
670 1791 887 1857 substitissent
899 1791 940 1854 ad
954 1799 1080 1870 terram,
1101 1800 1140 1854 ut
1157 1801 1190 1856 et
1207 1791 1275 1854 sine
1294 1791 1478 1878 trepidation

413 1879 670 1955 conscenderent,
685 1884 727 1954 et,
742 1884 780 1939 ut
794 1897 929 1960 quaeque
951 1882 1060 1973 parata
1077 1883 1171 1954 esset,
1191 1875 1290 1942 exiret
1310 1876 1407 1940 navis.
1452 1878 1478 1940 lt

413 1973 445 2028 et
467 1963 643 2048 explicuere
665 1961 808 2024 ordinem
827 1959 938 2045 primae
953 1982 987 2023 m
1002 1969 1175 2045 conspectu
1187 1960 1342 2060 praetoris,
1363 1971 1395 2024 et
1414 1983 1479 2024 coar

413 2057 483 2112 tum
498 2068 611 2132 agmen
625 2047 665 2110 ab
682 2044 815 2108 Rhodiis
829 2051 896 2108 est:
919 2044 1137 2128 instructaque
1151 2066 1243 2124 acres,
1257 2045 1345 2110 velut
1363 2067 1479 2108 cernere

413 2132 526 2218 regios,
548 2132 582 2196 in
606 2131 705 2194 altum
727 2129 891 2216 processit.
927 2128 1010 2192 inter
1037 2129 1255 2214 Myonnesum
1283 2137 1316 2194 et
1344 2129 1479 2214 Corycut

413 2215 666 2302 promontorium
695 2223 795 2292 erant,
819 2235 920 2298 quum
948 2215 1073 2278 hostem
1101 2235 1303 2312 conspexere.
1346 2214 1391 2278 Et
1418 2215 1480 2298 regi

414 2302 533 2381 classis,
545 2301 630 2366 binis
645 2301 679 2364 in
693 2300 837 2364 ordinem
851 2297 986 2362 navibus
995 2297 1091 2382 longo
1104 2319 1230 2382 agmine
1239 2297 1379 2377 veniens,
1393 2307 1425 2362 et
1435 2299 1480 2382 ips

414 2387 512 2450 aciem
526 2387 688 2452 adversam
703 2383 874 2468 explicuit3
896 2391 1022 2446 tantum
1037 2383 1116 2447 laevo
1131 2391 1238 2446 evecta
1252 2405 1367 2462 cornu,
1382 2392 1420 2446 ut
1439 2405 1480 2446 an

415 2471 510 2555 plecti
524 2479 557 2534 et
571 2469 735 2532 circumire
748 2469 913 2532 dexterum
927 2489 1026 2532 cornu
1041 2469 1258 2532 Romanorum
1272 2476 1389 2552 posset.
1419 2491 1481 2551 qun

416 2555 471 2618 ubi
495 2554 671 2629 Eudamus,
693 2551 748 2634 qui
770 2552 903 2636 cogebat
920 2574 1045 2636 agmen,
1059 2552 1150 2630 vidit,
1171 2574 1236 2616 non
1253 2574 1347 2637 posse
1361 2575 1481 2636 aequare

415 2637 557 2700 ordinem
585 2637 756 2714 Romanos,
779 2645 811 2699 et
833 2644 959 2700 tantum
983 2659 1048 2702 non
1078 2637 1139 2700 'am
1166 2635 1324 2700 circumiri
1338 2638 1380 2700 a‘l
1395 2637 1481 2700 dextr

415 2741 524 2798 cornu,
545 2718 713 2793 ”concitet
741 2741 855 2797 naves;
880 2721 924 2800 (et
951 2731 1041 2784 erant
1117 2721 1219 2786 odiae‘
1244 2721 1338 2806 longe
1363 2723 1481 2786 omniur

415 2803 584 2868 celerrimae
599 2811 667 2868 tota
680 2803 791 2886 classe)
809 2813 996 2889 aequatoque
1011 2827 1120 2885 cornu,
1136 2806 1292 2892 praetotiae
1303 2805 1387 2885 navi,
1400 2807 1434 2870 in
1445 2829 1481 2890 qs

417 2888 627 2972 Polyxenidas
643 2896 719 2967 erat,
735 2909 824 2952 suam
839 2889 964 2973 objecit.

458 2973 570 3038 XXX.
592 2974 615 3040 J
616 2995 667 3036 am
682 2973 758 3037 totis
772 2973 926 3038 classibus
941 2973 1036 3038 simul
1050 2974 1090 3040 ab
1105 2975 1192 3040 omni
1206 2983 1295 3060 parte
1309 2997 1421 3062 pugna
1434 2997 1481 3038 oot

417 3067 500 3122 serta
513 3067 589 3124 erat.
610 3059 663 3122 Ab
676 3059 828 3122 Romanis
843 3059 1004 3143 octoginta
1016 3081 1112 3124 naves
1126 3061 1322 3145 pugnabant,
1336 3081 1376 3124 ex
1391 3061 1481 3144 quibt

417 3143 551 3208 Rhodiae
565 3143 637 3206 duae
650 3151 682 3208 et
691 3143 804 3227 viginti
818 3151 916 3206 erant.
961 3143 1114 3208 Hostium
1129 3145 1236 3208 classis
1250 3145 1481 3229 undenonagin‘

417 3227 546 3290 navium
561 3225 632 3304 fuit,
653 3237 686 3290 et
705 3229 851 3292 maximae
870 3229 980 3292 formae
1003 3249 1099 3292 naves
1124 3237 1188 3294 tres
1208 3230 1338 3294 hexeres
1361 3229 1481 3294 habeba

417 3311 496 3374 duas
510 3311 664 3394 heptems.
709 3313 833 3376 Robore
849 3313 977 3376 navium
996 3321 1029 3376 et
1042 3313 1158 3378 virtute
1180 3313 1318 3378 militum
1339 3313 1360 3345 ⁹⁰
1372 3315 1481 3378 Roma}

416 3393 510 3478 longe
532 3393 654 3478 regios‘
679 3397 891 3479 praestabant:
919 3397 1053 3462 Rhodiae
1080 3419 1176 3464 naves
1205 3399 1354 3484 agilitate,
1382 3407 1415 3462 et
1443 3421 1481 3462 ar

416 3478 674 3564 gubernatorum,
690 3488 721 3544 et
735 3481 866 3546 scientis
879 3481 1045 3568 remigum.
1088 3482 1231 3548 Maximo
1245 3491 1351 3548 tamen
1362 3483 1481 3546 hostibt

466 3623 588 3678 butinam
601 3631 674 3678 Gron.
833 3637 973 3696 ⁰eraeqsore
985 3633 1057 3682 Gron.
1070 3635 1138 3684 Cres.
1299 3630 1354 3682 dat
1365 3635 1445 3682 Rekls.

543 3699 555 3727 θ
567 3696 621 3742 edd.
633 3711 700 3744 usses
712 3697 785 3743 Gron.
798 3697 864 3744 Crev.
1105 3694 1223 3746 ‘Rhodios
1234 3699 1307 3746 Gran.

287 3833 319 3880 88
335 3829 453 3894 Attm]
482 3834 520 3880 Sic
540 3835 655 3882 vetustius
683 3837 740 3894 euri,
763 3845 786 3884 et
812 3837 863 3884 its
895 3845 970 3884 seret:
988 3837 1085 3886 Rosam
1095 3840 1159 3900 lorge
1170 3839 1268 3886 Rhodios
1277 3840 1437 3898 prestabant:
1452 3839 1481 3884 tu

256 3897 342 3942 Victor.
355 3911 402 3942 non
414 3898 517 3944 atteram.
896 3903 940 3948 ds'ae
955 3917 1030 3950 aava.
1065 3903 1170 3962 Utraque
1187 3903 1256 3948 lectio
1269 3905 1323 3962 Jure
1335 3903 1385 3948 vise
1396 3909 1433 3948 est
1446 3903 1480 3947 Pe

287 3961 319 4009 oe
337 3959 439 4007 emus
450 3976 515 4008 esces
522 3979 532 4015 ‚⁰
548 3961 586 4021 (et
596 3963 767 4012 cruentasse
783 3961 863 4026 esus]
896 3965 965 4011 sonia
982 3981 1012 4012 ex
1031 3975 1096 4025 perte
1114 3975 1185 4021 reete,
1204 3980 1233 4013 ex
1256 3973 1321 4026 perte
1344 3975 1466 4024 corrupta,

257 4025 370 4071 Ultimem
390 4037 469 4070 vocent
490 4033 604 4084 respuunt
624 4027 717 4074 Tbuen.
736 4036 759 4074 et
778 4030 864 4078 Victor.
895 4029 993 4088 proinde
1005 4031 1152 4076 emendenda
1169 4044 1198 4077 eo
1214 4031 1292 4086 modo,
1304 4045 1350 4090 quo
1366 4030 1405 4076 edi
1419 4043 1479 4076 eura

255 4088 360 4134 codices:
378 4096 402 4134 et
410 4088 502 4146 ingrata
512 4089 550 4135 bic
561 4091 611 4149 ejus
622 4091 729 4150 repetitio
738 4100 780 4139 est.
895 4107 955 4138 mur.
989 4093 1017 4140 ln
1036 4093 1065 4140 iis
1080 4109 1133 4154 que
1150 4094 1287 4154 precedunt
1298 4095 1409 4154 exposuit
1423 4093 1479 4140 Livi

286 4151 318 4200 90
334 4151 430 4200 &nst
441 4153 504 4212 lorge
515 4155 588 4212 regios
596 4157 752 4213 prestamus
770 4157 865 4204 modia
896 4171 998 4216 quanam
1010 4171 1035 4204 re
1045 4159 1177 4218 superiores
1194 4167 1272 4205 essent
1286 4157 1353 4217 regii,
1366 4171 1456 4216 nempe
1471 4173 1481 4202 r

254 4212 333 4275 sous]
357 4215 421 4262 Ante
440 4215 565 4262 Geleninm
584 4217 622 4262 bic
639 4219 709 4278 vulgo
728 4219 864 4278 legebatuss
896 4233 961 4267 mero
980 4221 1082 4268 nerium.
1118 4223 1163 4268 llic
1180 4223 1288 4268 observet
1305 4222 1481 4268 oeterieornnit

255 4279 350 4326 Romani
367 4281 433 4341 longe
447 4281 520 4340 regies
535 4281 691 4340 praeatus,
708 4285 776 4344 regia
787 4299 862 4330 news.
895 4283 1038 4342 superiorem
1055 4285 1126 4332 luisse
1143 4285 1248 4346 pretatis
1264 4285 1370 4340 elnaem,
1382 4299 1460 4344 quum
1480 4301 1481 4328 1

255 4341 278 4388 ls
289 4355 319 4387 ex
330 4343 409 4390 codice
419 4343 480 4403 Mog.
490 4343 579 4392 invexit
590 4359 640 4391 eant
653 4345 784 4403 lectionem,
793 4361 863 4406 quem
895 4348 951 4393 bore
960 4348 1055 4394 nerium
1064 4351 1177 4396 etrirtute
1188 4349 1289 4395 militum
1299 4348 1411 4404 Romani,
1425 4349 1481 4394 Rho

253 4419 334 4450 omnes
354 4415 405 4465 poet
423 4421 477 4454 eum
499 4407 601 4468 amplexi
623 4416 692 4462 euntr
715 4409 764 4456 sive
786 4411 864 4471 potius
896 4411 992 4457 nerium
1002 4413 1107 4471 agilitate
1114 4423 1138 4461 et
1146 4413 1229 4474 peritis
1237 4415 1426 4474 gubernatorum
1439 4427 1481 4472 reg

253 4467 355 4514 -sstitnit
366 4483 426 4526 esus,
438 4485 508 4531 quem
520 4471 626 4520 Andreas
639 4474 690 4533 lam
700 4473 756 4520 olim
767 4488 862 4536 expres·
896 4483 1042 4534 superstent.
