3070 4962
423 324 607 388 LIBROR.
631 325 827 388 DEPERD.

69 468 207 530 Bassum
222 470 400 548 tremat,
421 469 605 554 ”occisoque
624 494 667 536 eo.
714 474 817 536 aanor
834 469 1037 554 “Scipionem
1050 479 1166 554 preto·

67 572 151 628 rem,
179 551 355 634 Afranium,
375 555 543 638 Iubamque
567 560 641 620 uicit
669 558 713 620 ad
743 559 902 638 iliopsum,
925 559 1036 621 castris
1063 578 1167 621 eorum

69 639 267 718 eopupnatis.
313 640 400 717 Cato,
421 641 528 704 audim
549 661 593 719 re,
618 663 708 723 quum
729 643 977 722 repercussisset
1000 642 1104 720 Utice,
1126 648 1166 719 et,

68 723 291 785 intercessionis
307 722 387 803 filio,
409 731 580 803 curaretur,
605 728 686 790 inter
705 728 804 808 msam
828 727 1013 788 mirationem
1037 727 1165 790 rescissa

67 806 198 868 molum
221 809 399 887 suspiravit,
423 829 502 872 anno
523 812 624 873 etatis
640 811 870 892 qeeadropesimo
893 830 981 872 nono.
1024 811 1166 873 Petreius

67 889 187 952 Jubom
200 909 288 971 seque
302 891 463 972 interfecit.
506 896 545 957 P.
558 895 661 975 Scipio
671 896 705 958 in
715 915 791 957 naue
804 897 1021 957 circumrorans
1035 896 1165 957 ttonestee

69 975 168 1034 morti
190 973 319 1038 ’'oocem
338 997 453 1058 quoqsoe
475 978 607 1057 adjecit:
630 979 829 1059 moerentibus
850 979 929 1040 enim
951 979 1165 1058 imperatorem

69 1058 210 1120 loostilous
223 1059 315 1137 disit,
338 1059 514 1144 Imperator
527 1061 608 1124 bene
627 1083 660 1125 se
675 1061 780 1125 habet.
823 1063 954 1124 Faustus
968 1069 998 1126 et
1012 1060 1166 1144 Afranius

70 1143 176 1204 occisi.
222 1144 423 1224 Gotmoisfilio
440 1148 528 1208 uenia
547 1147 632 1210 data.
674 1148 802 1224 Brutus,
824 1147 941 1228 leputus
966 1147 1107 1226 Cosanis,
1130 1147 1165 1210 in

74 1225 182 1288 Gallia
194 1227 372 1292 Bellouacos
386 1229 564 1294 rebellantes
571 1231 683 1312 proelio
697 1232 780 1294 uicit.

559 1497 678 1570 CXV.

118 1672 222 1735 Cesar
235 1679 366 1756 quotuor
380 1676 547 1757 triumphos
567 1677 656 1740 duait
666 1705 677 1753 ;
699 1698 738 1741 en
761 1677 875 1758 Gallio,
894 1697 933 1742 en
952 1679 1101 1762 AEpypto,
1122 1699 1163 1742 ec

69 1757 185 1834 Ponto,
205 1777 244 1820 eo
257 1757 380 1839 Africo
423 1761 557 1842 Epulum
580 1768 610 1824 et
624 1764 721 1826 omnis
736 1764 857 1845 pateris
875 1766 1048 1846 spectanda
1069 1764 1164 1828 dedit.

67 1841 122 1904 M.
138 1842 288 1904 Marcello
304 1845 465 1922 ommuni,
480 1852 587 1909 snectu
599 1853 735 1928 reponte,
749 1848 881 1910 reditum
896 1849 1050 1912 concessit.
1072 1845 1093 1879 '⁸
1106 1849 1165 1921 Qui

67 1925 243 1988 Marcellus
257 1925 396 2008 tmuficio
409 1929 473 2008 das
486 1929 558 2010 seui
576 1951 636 1994 non
653 1933 766 2012 potuit,
786 1953 806 1994 a
824 1930 846 1964 ⁰²
858 1933 914 1996 Cu.
929 1933 1038 2015 Mapio
1061 1933 1165 1996 Cilone

68 2011 181 2072 cliente
205 2031 260 2073 seeo
282 2013 412 2074 Alienis
435 2015 559 2077 occisus.
601 2015 768 2078 Recensum
790 2017 861 2098 epit,
890 2037 947 2098 quo
976 2037 1066 2079 censo
1094 2023 1165 2080 sunt

68 2095 183 2156 mmm
211 2097 313 2175 capita
342 2103 460 2160 centum
487 2100 706 2180 perinquopinta
734 2101 841 2162 millia.
884 2099 1104 2181 Profectusque
1131 2102 1165 2163 in

67 2178 256 2258 Hispaniam
278 2180 423 2243 domnos
453 2183 507 2245 Cn.
527 2184 714 2263 Pompeium,
741 2185 846 2246 multis
867 2187 1019 2265 utrimque
1042 2185 1165 2265 sepedi-

68 2263 204 2325 tionibus
208 2263 317 2344 sactis,
332 2271 363 2327 et
377 2267 491 2347 oliqrsot
504 2267 629 2330 urbibus
643 2271 832 2350 espuynatis,
846 2289 993 2330 summam
1005 2269 1165 2332 motorium

67 2366 140 2409 cum
154 2367 263 2429 mapno
277 2348 451 2414 discrimine
465 2351 508 2413 od
520 2352 672 2414 Mundam
682 2353 786 2416 urbem
797 2358 971 2416 consecutus
982 2359 1037 2416 est.
1070 2354 1164 2416 Pom-

60 2432 158 2512 peius
171 2433 284 2496 Seetus
298 2432 413 2516 effupit.

546 2693 684 2768 CXVI.

117 2864 152 2926 C.
170 2865 273 2926 Caesar
296 2883 335 2926 ec
356 2863 509 2944 Hispania
530 2865 666 2945 quintum
685 2864 867 2943 triumplonm
887 2865 957 2945 epit.
1001 2864 1056 2942 Et,
1071 2883 1160 2946 quum

65 2949 198 3029 plurimi
211 2948 394 3028 maciemque
408 2950 534 3010 tonores
547 2949 575 3010 ei
588 2969 608 3010 a
622 2953 729 3010 screatu
744 2947 857 3010 decreti
871 2953 978 3025 essent,
992 2949 1073 3011 inter
1087 2969 1161 3029 qroos

70 3039 106 3094 ut
131 3032 225 3094 Pater
247 3031 361 3094 Potriae
386 3032 602 3112 adpellaretur,
626 3037 656 3094 et
678 3037 898 3108 sacrosanctae,
918 3051 956 3093 ac
977 3031 1110 3094 dictator
1127 3034 1161 3094 in

63 3123 246 3198 perpetuum
259 3121 346 3194 esset,
361 3117 481 3179 incidie
496 3137 635 3179 caussam
649 3115 794 3178 adcmsus
810 3135 876 3176 eum
883 3117 1065 3195 prostitere,
1081 3115 1163 3196 quod

69 3203 192 3263 sosatui
214 3199 359 3280 deserenti
381 3202 435 3262 loos
453 3202 590 3278 imsores,
613 3219 702 3281 quum
724 3205 795 3261 ante
816 3199 908 3261 adem
930 3200 1053 3262 Veneris
1068 3201 1160 3262 Geni-

70 3287 160 3347 tricis
183 3285 310 3361 sederet,
331 3305 392 3347 non
413 3284 609 3347 odsuoreait:
633 3290 663 3348 et
684 3283 765 3365 quod
784 3304 804 3344 a
822 3284 871 3346 M.
885 3284 1019 3346 Antonio
1041 3285 1160 3347 cmuule

70 3371 186 3451 cottepa
208 3390 272 3447 seso,
291 3371 372 3432 inter
391 3369 544 3450 Lupercos
566 3375 714 3445 cunone,
736 3369 877 3430 diadem
897 3369 991 3450 capiti
1004 3389 1059 3432 suo
1073 3371 1159 3451 inpo-

68 3455 162 3516 situm
185 3455 219 3517 in
246 3455 321 3516 sella
348 3455 503 3534 reposuit:
526 3459 556 3515 et
580 3453 662 3535 qnod
682 3453 796 3534 Epidio
820 3453 958 3516 Marullo
981 3459 1011 3516 et
1035 3454 1159 3517 esserto

68 3539 164 3600 Horo
188 3539 317 3600 tribunis
333 3538 433 3618 plebis
457 3538 602 3600 invidiam
624 3539 653 3600 ei
674 3543 827 3618 tamquam
849 3557 974 3618 repnam
991 3537 1159 3618 adfectanti

68 3623 263 3700 morentibrss,
272 3628 411 3703 potestas
425 3622 572 3702 atropota
584 3627 638 3684 est.
680 3621 732 3683 En
747 3622 788 3682 iis
801 3623 917 3683 caussis
937 3623 1160 3701 conspiratione

68 3709 102 3770 in
125 3727 193 3769 eum
207 3705 308 3787 sacto,
332 3706 431 3787 (cujus
450 3707 553 3786 capita
565 3705 694 3786 suerunt
714 3705 762 3766 M.
776 3705 903 3782 Brutus,
922 3709 952 3766 et
973 3706 1006 3768 C.
1025 3707 1158 3784 Cassius,

100 3881 133 3930 03
159 3881 278 3942 occisoque
299 3877 337 3942 eo]
381 3881 427 3927 iiic
449 3879 548 3928 reiciam
570 3879 680 3944 στιγμὴν
710 3895 783 3940 qurum
800 3879 913 3940 repererit
931 3879 956 3926 in
974 3881 1085 3928 unciis.
1105 3883 1150 3932 Qui
1162 3883 1264 3939 tend&
1274 3880 1323 3942 ejus

68 3945 228 4004 apposuimus,
238 3946 341 3991 obsecuti
354 3945 449 4003 Sinonia
459 3954 483 3990 et
492 3945 542 3991 tec.
550 3945 678 3991 Perizonio.
712 3945 844 3998 Marcellus.
862 3944 975 3998 meribit,
998 3945 1046 3994 Quo
1065 3947 1168 4005 &erneis
1186 3943 1236 4005 ejus
1255 3945 1322 3990 itar-

70 4009 222 4067 iiiequidem
240 4011 310 4054 etiem
329 4009 401 4055 deleri
417 4011 485 4066 jubet
496 4023 576 4054 rocem
593 4024 625 4064 eo,
638 4021 681 4054 nec
712 4009 798 4055 celtus.-
816 4015 885 4054 reete.

67 4073 208 4118 eineceuee.
242 4073 328 4132 Agitur
338 4072 402 4118 enim
414 4073 443 4117 de
452 4071 679 4131 SextoCoesere,qui
743 4070 775 4124 97
792 4071 819 4116 P.
830 4067 921 4131 Magio]
935 4071 1043 4130 Sigonius
1049 4071 1119 4131 lussit
1127 4071 1172 4128 tegi
1184 4069 1226 4114 Cn.
1235 4069 1322 4130 Magio,

67 4137 163 4181 relictus
174 4149 189 4180 e
199 4136 290 4195 legione
301 4136 390 4182 occisus
402 4143 445 4180 est.
711 4147 851 4192 ceueemque
862 4135 961 4189 eddidit,
975 4136 1036 4193 quod
1049 4147 1133 4192 nempe
1150 4133 1182 4178 sic
1198 4133 1237 4177 iiie
1249 4133 1322 4178 inter·

100 4199 131 4247 Si
149 4200 274 4258 Scipionem
281 4195 410 4258 patmon]
430 4199 552 4258 Legeeum
562 4198 681 4244 Gronorio
712 4197 785 4243 tector
797 4197 902 4243 Marcelli
914 4199 1074 4244 nominaretur
1090 4197 1114 4242 in
1133 4195 1231 4254 epistole
1248 4195 1322 4241 Servii

67 4263 104 4308 rei
117 4263 241 4322 Scipionem
255 4264 415 4324 proconsulem,
432 4263 469 4308 rei
486 4262 618 4322 Scipionem
636 4261 680 4308 Pe·
713 4261 742 4306 ed
763 4261 910 4306 Ciceronem.
943 4261 989 4308 Sed
1012 4275 1046 4306 eo
1065 4259 1185 4305 Ciceronis
1207 4258 1322 4304 editiones

67 4333 77 4372 t
107 4329 112 4338 ’
710 4337 768 4384 quse
786 4323 894 4379 vidimus,
912 4332 982 4382 etque
1001 4322 1027 4370 in
1046 4324 1075 4368 iio
1091 4321 1323 4375 Graevien2‚hebent

78 4341 230 4437 ”idaim
247 4385 344 4450 quoque]
374 4389 420 4435 iiic
441 4389 524 4434 inserit
546 4384 678 4434 Gronovius
711 4387 738 4432 P.
751 4387 837 4447 tingis.
849 4388 965 4446 quomodo
982 4387 1091 4433 hirsute
1108 4385 1197 4445 Sigonii
1209 4386 1322 4432 emende-

64 4467 151 4512 pnrenr,
163 4453 199 4498 ret
210 4454 380 4499 neumatum.
710 4451 798 4498 tionem
810 4451 937 4509 lugebitur.

99 4515 131 4564 96
150 4517 195 4566 Qui
214 4517 338 4564 Honestius
349 4516 452 4576 &reficio
463 4511 525 4576 ejus]
544 4513 677 4560 Gronovius
