3108 4982
176 316 240 382 262
752 316 847 380 'l'l'l'l
878 317 995 384 LlVll

181 483 211 530 u.
224 483 251 530 c.
262 481 317 538 orl.
347 463 447 530 tillius
462 463 632 549 Spurinus,
645 463 696 530 M.
712 465 858 530 Pinarius
873 465 985 544 Posce,
997 465 1038 530 1..
1053 463 1231 530 Duronius.
1274 464 1347 544 His,
1360 464 1442 532 inito

182 547 251 658 23⁰⁰:
266 547 319 624 ΙΨ·
348 549 548 634 magistratu,
569 549 740 647 provincias
765 551 811 614 ito
836 558 920 648 sorte
944 558 1129 614 evenerunt.
1205 549 1211 562 '
1243 633 1249 646 Ι
1326 571 1443 648 oonsu-

229 625 320 659 ’Μ’
349 633 455 713 libus3
489 634 691 720 pretonbus,
721 635 764 705 Q.
795 634 919 698 Petillio
948 634 1081 712 urbana,
1107 633 1201 700 Η
1241 654 1271 696 ιο
1297 633 1442 700 Manno

465 719 473 732 '
543 719 585 795 0„
595 719 693 783 Fabio
704 719 844 782 Buteoni
857 718 972 796 Gallis,
982 718 1031 782 Ti.
1043 717 1179 782 Claudio
1191 718 1309 790 Neroni
1325 719 1442 796 Sicilie,

354 741 404 868 ll.
430 741 556 872 linario
583 804 738 882 Sardinia,
764 805 804 868 L.
830 802 976 868 Duronio
1001 804 1031 866 A
1055 802 1139 882 sdie3
1161 811 1194 866 et
1219 802 1293 871 lstri
1316 803 1442 887 edjecti,

354 889 442 973 quod
461 887 625 954 Tarentini
648 887 897 971 Brundisinique
921 886 1039 950 nuncia
1102 896 1127 965 t,
1155 885 1326 950 maritimos

354 973 488 1038 infestos
502 971 799 1038 transmarinoruml
813 972 943 1036 numum
951 970 1124 1034 latrociniis
1138 991 1216 1036 esse.
1236 971 1342 1034 eodem
1391 993 1443 1039 as·

192 1076 323 1124 naerens
356 1057 499 1122 silienses
521 1059 561 1122 de
576 1057 734 1141 Ligurum
755 1056 890 1120 novibus
915 1055 1138 1138 querebantur.
1180 1054 1342 1121 Exereims
1365 1055 1443 1123 iude

357 1143 496 1206 decretis
519 1149 656 1226 quatuor
678 1139 819 1224 legiones
843 1139 1038 1217 consulibus,
1053 1139 1163 1222 (quina
1185 1138 1280 1202 millio
1301 1139 1444 1204 ducenos

358 1229 521 1292 Romanos
607 1225 676 1304 'ten
698 1233 843 1288 trecenos
871 1223 1024 1288 haberent
1050 1223 1183 1307 equites)
1206 1231 1239 1286 et
1262 1221 1445 1306 quindecim

357 1311 458 1376 millis
481 1309 547 1374 soei
625 1331 662 1372 ac
682 1307 789 1372 Latini
813 1307 961 1386 nominis,
974 1305 1208 1391 “octingenties
1228 1306 1358 1390 equites.
1401 1307 1443 1372 ln

360 1395 527 1481 Hispaniis
542 1401 747 1480 prorogatum
757 1392 916 1458 veteribus
926 1391 1115 1476 praetoribus
1125 1391 1292 1475 imperium
1306 1400 1354 1456 est
1367 1411 1445 1459 eum

360 1480 560 1557 exercitibus,
575 1499 655 1562 quos
669 1477 831 1540 heberent.
853 1483 886 1540 et
907 1475 942 1538 in
965 1475 1223 1562 supplementum
1243 1475 1366 1538 decreta
1382 1475 1448 1540 trio

359 1563 459 1630 millio
471 1563 588 1632 civium
603 1563 830 1640 Romanorum
844 1559 974 1624 ducenti
994 1559 1134 1644 equites:
1156 1567 1189 1622 et
1203 1559 1323 1624 socidm
1336 1559 1448 1626 Latini

359 1648 498 1712 nominis
513 1667 568 1712 ser
581 1645 680 1710 millis
693 1644 849 1730 peditum,
863 1643 996 1708 trecenti
1009 1644 1141 1728 equites.
1184 1643 1253 1708 Nec
1266 1643 1311 1706 rei
1326 1644 1449 1710 navalis

360 1753 436 1798 curs
450 1731 575 1794 omissa.
600 1728 786 1792 duumviros
801 1728 834 1794 in
849 1749 919 1792 eam
930 1749 998 1792 rem
1012 1729 1158 1792 consules
1172 1747 1275 1792 oreore
1283 1727 1377 1812 jussi,
1388 1751 1450 1813 per

360 1837 440 1900 quos
455 1835 550 1878 neves
564 1811 678 1898 viginti
693 1813 838 1878 deducte
859 1813 1024 1876 novalibus
1040 1813 1132 1878 sociis
1146 1812 1268 1876 civibus
1284 1813 1450 1892 Romanis,

360 1899 416 1998 qui
431 1898 615 1962 servitutem
628 1897 808 1976 servissent,
817 1897 1071 1982 complerentur3
1094 1897 1257 1981 “ingenui
1271 1904 1398 1962 tantum
1410 1907 1452 1966 ut

359 1983 399 2132 'qs
414 1989 598 2132 proeesqient.
642 1981 939 2130 Ιιιῐῖτηάιιιιωνίτῶε
948 1982 998 2081 ,ἰὴ
1010 1981 1243 2130 liliatum
1257 1981 1452 2130 deluitseqlodvi-

383 2089 422 2134 us
435 2089 513 2132 man
540 2087 699 2146 maora,u
783 2087 895 2130 romon
929 2088 1060 2130 numus
1111 2087 1320 2144 mervae‚veu
1419 2089 1452 2146 o,

360 2151 395 2219 io
408 2152 514 2216 medio
530 2160 631 2216 esset:
654 2151 733 2218 alter
754 2089 814 2214 iifl²
838 2151 982 2216 dextram
1006 2159 1129 2236 purtem
1149 2171 1251 2234 usque
1273 2151 1314 2214 sd
1332 2151 1453 2226 Messi-

361 2237 447 2315 liam,
457 2237 571 2302 loevam
584 2235 662 2312 alter
676 2257 778 2319 usque
793 2235 834 2298 ed
848 2237 979 2300 Barium
994 2243 1145 2300 tueretur.

405 2322 502 2386 XIX.
526 2321 674 2406 Prodigia
688 2321 790 2386 multa
803 2321 887 2384 foeda
901 2329 933 2384 et
948 2321 1058 2387 Romse
1073 2341 1109 2384 eo
1124 2341 1208 2384 anno
1222 2319 1300 2398 vise,
1312 2327 1346 2384 et
1366 2342 1454 2395 nun-

362 2406 444 2471 cisto
472 2427 612 2491 peregre.
657 2405 697 2472 In
727 2427 798 2470 ares
826 2404 963 2470 Vulcani
990 2413 1023 2471 et
1048 2404 1234 2475 Concordiae
1262 2427 1278 2468 s
1339 2450 1342 2460 ·
1366 2404 1455 2478 'nem

362 2491 463 2576 pluite
485 2499 517 2557 et
545 2489 713 2574 pontifices
742 2488 881 2554 “hastas
906 2497 1009 2554 motas
1033 2489 1232 2568 nunciarem,
1257 2497 1289 2554 et
1385 2491 1454 2566 uvii

363 2574 568 2638 simulacrum
596 2571 736 2636 Junonis
766 2572 904 2657 Sospite.
930 2574 1118 2638 lacrimasse.
1147 2581 1180 2638 et
1207 2573 1389 2659 pestilentis
1418 2575 1454 2640 in

362 2657 456 2741 egris,
471 2655 620 2739 forisque,
635 2663 668 2720 et
681 2655 908 2736 conciliabulis,
918 2659 993 2725 etin
1003 2659 1082 2722 urbe
1093 2665 1183 2726 tenta
1193 2667 1270 2738 erat,
1279 2657 1301 2690 ⁸¹
1312 2667 1350 2724 ut
1362 2659 1454 2724 Libi-

362 2741 430 2804 tins
454 2749 533 2810 tunc
561 2740 615 2804 vix
639 2739 818 2804 subticeret.
862 2741 925 2805 His
952 2743 1104 2828 prodigiis
1134 2743 1338 2826 cladibusque
1365 2745 1454 2810 anxii

363 2825 473 2890 Patres
489 2825 705 2903 decreverunt,
714 2832 753 2888 ut
765 2832 798 2904 et
811 2826 967 2906 consules,
979 2827 1096 2912 quibus
1112 2827 1184 2896 Diis
1197 2828 1367 2907 videretur,
1376 2829 1454 2892 hos-

363 2909 416 2976 tiis
431 2908 604 2995 majoribus
620 2909 842 2988 sacrificarent,
857 2919 889 2974 et
910 2911 1079 2976 decemviri
1099 2912 1196 2976 libros
1211 2913 1344 2988 edient.
1387 2913 1454 2978 Eo-

362 3017 435 3076 rum
449 2995 575 3062 decreto
590 2993 780 3082 supplicatio
794 2993 877 3059 circa
885 2995 992 3062 omnin
1001 2996 1179 3081 pulvinaria
1193 2997 1305 3074 Rome
1318 2997 1353 3062 in
1367 2997 1454 3072 diem

523 3116 531 3155 ¹
543 3123 772 3170 transmittam
784 3119 858 3166 (troo.
985 3124 1008 3156 ὓ
1018 3123 1156 3184 octingentos
1167 3121 1240 3179 tiron.
1252 3119 1321 3168 Cres.

729 3189 744 3218 Β
755 3186 779 3230 in
790 3185 837 3231 dei.
849 3183 946 3245 tuso.
960 3183 1037 3232 netu

231 3295 264 3343 63
281 3296 425 3356 Ortingentor
446 3292 544 3356 eqrrttee]
573 3295 640 3341 Nihil
662 3302 698 3341 ert
724 3307 740 3340 a
761 3309 809 3354 quo
840 3296 907 3343 citus.
941 3295 1142 3343 Sedoontrarium
1159 3295 1283 3352 evincitur,
1295 3303 1346 3342 tum
1358 3309 1388 3342 ex
1400 3295 1454 3360 ipsa

200 3359 673 3418 regeturnoroetingsntor,oistverbum
691 3359 806 3414 inurent,
840 3360 931 3408 numeri
961 3360 1059 3414 ratione,
1081 3367 1132 3408 tum
1153 3375 1182 3406 ex
1205 3362 1319 3421 eoquod
1341 3373 1413 3420 supro
1435 3361 1452 3408 Ι.

200 3424 264 3484 quod
274 3431 298 3470 et
308 3423 376 3469 cedet
386 3435 479 3482 quoque
490 3423 515 3470 in
529 3422 574 3468 bor.
590 3423 730 3476 membrum,
742 3424 808 3484 grin·
840 3423 967 3473 xxxvn.
985 3438 1006 3470 r.
1024 3425 1082 3479 zet
1099 3425 1115 3470 l.
1128 3423 1267 3472 xxxviii.
1286 3439 1306 3472 e.
1322 3425 1361 3486 ᾗ,
1379 3425 1452 3484 quin·

200 3489 271 3536 ὠτία
291 3487 364 3536 nitito
384 3487 467 3534 notan
488 3499 516 3532 ar
537 3485 618 3532 botint
637 3487 740 3532 mmet.
774 3484 808 3532 At
840 3487 916 3534 decim
928 3487 1001 3534 millia
1019 3488 1136 3536 sociorum
1154 3488 1260 3548 pediturn
1278 3483 1378 3552 singulis
1396 3501 1453 3536 ron·

200 3550 317 3610 quomodo
328 3549 373 3596 dici
385 3555 483 3610 pomum
493 3549 596 3609 legiones
614 3547 701 3595 babere
718 3549 810 3615 pedites
842 3551 931 3598 nulibus
942 3551 1099 3610 resignantur.

200 3614 338 3674 equitesque
350 3613 432 3668 sodor,
445 3627 497 3673 qun
516 3627 530 3658 e
548 3613 638 3662 civibue
655 3621 747 3660 tentum
760 3613 810 3658 Ro·
874 3613 906 3662 dt
923 3615 1019 3676 ingenui
1040 3611 1140 3675 tutan]
1168 3613 1270 3674 ingeniti
1292 3615 1343 3666 eoin
1364 3617 1452 3664 dueum

200 3678 276 3723 menis
294 3677 449 3723 eomtsbentl
484 3677 546 3736 Lege
563 3677 659 3723 omnino
678 3679 809 3737 octingenti,
841 3679 922 3724 monis
931 3679 1031 3726 obirent.
1059 3679 1093 3726 lis
1104 3686 1181 3738 potest
1192 3679 1272 3725 reterri
1284 3679 1320 3724 rel
1329 3679 1360 3724 ed
1372 3693 1452 3734 naves,

200 3741 409 3800 etdistinguelroc
419 3741 502 3788 modo:
520 3741 809 3788 Ernettu...deereti.·
842 3741 1117 3793 relsdnaralesrocior.
1143 3741 1451 3790 Desoeiiroerelibusrid

201 3809 297 3866 quotum
307 3805 404 3864 legiones
415 3806 549 3862 consulitur,
565 3803 646 3866 (quino
656 3805 730 3850 arura
740 3805 808 3851 does·
840 3813 888 3851 not
902 3807 941 3860 27,
951 3807 982 3852 ed
993 3805 1008 3852 l.
1021 3805 1088 3852 ΧΧΙ.
1099 3821 1120 3852 e.
1132 3805 1171 3854 ta.

200 3884 240 3920 nor
253 3869 361 3916 Rononor
370 3869 466 3930 pedites,
479 3875 579 3916 trecenae
590 3869 698 3916 taberent
709 3865 807 3929 equites)
872 3869 904 3916 dd
921 3871 936 3901 ⁵
946 3869 1141 3918 Pronontorion·
1155 3901 1161 3914 .
1176 3901 1183 3914 .
1196 3865 1320 3930 uineae]
1338 3869 1367 3918 lu
1379 3871 1451 3934 (nm-

200 3939 224 3980 et
241 3931 367 3992 quindecies
384 3931 457 3978 niusa
474 3933 556 3980 nocitos
567 3947 594 3978 oe
606 3931 687 3978 Lotint
705 3934 808 3990 nominis,
841 3933 921 3992 panio.

200 3997 324 4056 octingenti
343 3997 436 4058 equites.
469 3995 581 4042 ceterum
600 3995 702 4042 dubitari
723 4003 808 4055 potest,
872 3995 904 4042 dd
921 3993 1102 4058 Hesternotor]
1121 3997 1169 4044 Sus
1183 4003 1275 4056 sponte,
1286 4003 1312 4044 ut
1324 4010 1368 4058 sup
1406 3998 1451 4046 sli-

201 4068 280 4106 utrum
292 4058 332 4106 ills
344 4057 434 4106 socialis
452 4057 567 4106 exereitus
584 4059 721 4120 partiendos
739 4057 810 4106 tuerit
841 4054 1382 4126 quodomniumenexsteozetix
1409 4061 1450 4111 lV.

200 4121 263 4169 inter
282 4123 396 4178 consoler,
417 4137 447 4169 nn
467 4122 551 4182 cuique
573 4121 662 4168 consuli
682 4123 808 4172 sttributus
841 4137 859 4169 e.
880 4121 916 4170 1⁰.
951 4123 1031 4170 llastn
1050 4131 1130 4170 eutem
1152 4123 1181 4170 de
1203 4119 1346 4182 quibus'bir
1363 4125 1451 4186 agitur,

200 4187 232 4239 nit
248 4188 267 4234 is
280 4201 390 4234 numerus
401 4185 508 4247 peditum
518 4185 672 4246 equitumque
684 4187 807 4241 sociorum,
841 4185 951 4234 videntur
962 4187 1034 4236 tuisse
1045 4188 1070 4234 io
1082 4187 1132 4234 rede
1145 4187 1250 4247 Yutcsni.

200 4251 241 4310 qui
252 4251 292 4298 bic
303 4251 450 4310 exprimitur.
475 4249 599 4300 Quomodo
610 4255 698 4296 structa
709 4257 809 4296 estora·
872 4249 904 4304 67
925 4251 956 4298 Ut
967 4249 1071 4298 Libitina
1089 4254 1190 4298 toneoir
1202 4247 1325 4312 sufficeret]
1344 4251 1452 4302 Libitina

200 4313 241 4370 tio,
253 4315 386 4362 videremur
402 4313 504 4376 priorem
523 4313 662 4360 sententium
683 4313 749 4372 requi
766 4314 808 4360 de·
840 4321 876 4360 est
894 4315 1009 4374 denque
1022 4315 1116 4375 J'uribus
1137 4315 1313 4371 Menium,sire
1334 4316 1451 4376 religiosis
1544 4357 1545 4366 .

231 4391 262 4424 re.
297 4377 330 4424 Ut
348 4377 412 4424 enim
430 4386 530 4440 quotuor
548 4376 652 4438 legiones
670 4375 808 4424 dividuntur
840 4377 887 4424 illie
907 4379 989 4426 officiis
1006 4377 1091 4440 quibus
1113 4379 1200 4426 mortui
1219 4380 1336 4437 coluntur,
1373 4389 1450 4428 rnest

211 4449 263 4486 nter
281 4441 395 4497 consules,
414 4443 476 4488 bine
493 4441 578 4502 cuique
597 4455 639 4500 pro
656 4453 721 4488 more
741 4439 807 4486 sttri·
842 4441 887 4488 llic
906 4443 1006 4488 sumitur
1023 4457 1065 4504 pro
1086 4441 1237 4496 Libitinarils,
1254 4443 1280 4490 id
1298 4452 1342 4498 ert,
1362 4443 1390 4492 tls
1409 4443 1450 4508 qrri

202 4503 273 4560 bote,
284 4504 316 4552 ite
328 4513 352 4551 et
363 4503 503 4553 dividendus
512 4505 630 4553 rideretur
638 4501 729 4553 aoe'ulis
739 4518 808 4551 exer·
840 4499 980 4574 funebribus·
987 4505 1122 4554 ministeriis
1133 4503 1248 4556 obeundis
1259 4517 1384 4568 preerunt.
