3094 4954
153 301 216 366 182

739 291 831 354 'l'lTl
862 289 977 355 LlVll

155 469 185 514 υ.
198 467 223 513 c.
236 465 291 512 aas.
319 452 383 509 lam
397 463 437 508 ec
451 448 536 506 tomo
551 443 670 524 agmine
683 441 921 516 abstraherem,
941 459 979 501 ae
992 439 1060 520 quis
1071 439 1293 519 vulneraretur,
1315 462 1353 505 ae
1371 461 1411 506 ec

156 533 184 579 Α·
197 531 224 578 ⁰·
239 529 291 584 ¹⁸7·
318 531 440 594 emme
457 531 506 591 vir
522 526 620 607 fortis
641 546 679 589 ac
701 531 842 590 stromat
869 525 905 597 Q.
927 524 1084 586 Minucius
1104 527 1302 589 moreretur?
1344 526 1411 591 ”lm

318 616 375 678 boc
400 631 482 690 casu,
506 631 563 692 qua
588 610 751 692 infeliciter
772 609 890 686 incidit,
914 614 948 670 ut
969 609 1061 671 talem
1081 609 1174 672 civem
1195 611 1410 691 amitteremus,

319 701 441 761 aerest.
488 695 577 768 Quod
598 696 814 776 submisimus,
840 695 904 756 loca
924 693 1031 770 alieno,
1052 712 1142 772 quum
1163 694 1291 756 adortus
1313 697 1411 758 bostis

319 803 374 845 nos
392 786 479 856 esset,
498 780 565 842 dae
578 780 670 840 simul
681 781 762 842 acies
770 779 868 859 primi
882 783 911 840 et
926 778 1080 839 mvissimi
1099 779 1230 858 operiris
1248 780 1410 844 lsoerealem

320 867 364 929 od
383 863 586 946 tapedinwntc
606 868 712 926 mostra
731 864 896 925 ecercitam
917 861 1115 923 barbarorum
1132 863 1410 938 arcesseremusne,-

321 950 402 1032 quod
413 949 509 1012 mulo
523 947 621 1010 millio
635 949 700 1028 ipso
718 947 776 1024 die,
789 948 885 1027 pluro
901 945 995 1008 mulo
1004 951 1077 1026 post
1092 945 1157 1008 dies
1164 966 1282 1026 paucos
1296 949 1411 1011 cecide·

320 1040 394 1097 ruat
407 1039 437 1096 el
452 1037 613 1114 reprimam
628 1033 694 1109 boc,
708 1033 736 1094 ei
749 1033 810 1112 ipsi
824 1031 985 1106 tacuerint,
999 1049 1052 1092 cos
1065 1031 1206 1108 scituros,
1221 1051 1311 1111 qrmm
1324 1035 1411 1096 testie

322 1119 470 1182 oratiorsis
484 1136 556 1178 mec
570 1121 651 1178 lotus
663 1118 815 1178 ecercitaa
827 1117 879 1192 eit,
894 1133 954 1176 aon
971 1113 1119 1176 credunt?
1162 1115 1198 1176 Si
1218 1116 1357 1196 pludiam
1378 1119 1411 1179 ia

322 1204 402 1265 Ario
416 1221 476 1264 nors
489 1201 690 1276 strineissem,
704 1201 732 1262 ai
746 1201 860 1262 hortm
873 1218 934 1260 noa
944 1197 1085 1260 vidissem
1092 1223 1103 1270 ,-
1119 1203 1219 1261 tamen
1225 1202 1392 1279 proconsul
1399 1211 1411 1240 ⁸

323 1287 507 1366 cataplum
535 1286 569 1347 ia
596 1285 728 1346 llerucio
756 1283 870 1346 umba
890 1283 1013 1362 preliis
1036 1301 1215 1344 mermercm
1260 1284 1324 1346 Sed
1339 1285 1411 1364 jam

324 1371 438 1434 dictam
459 1371 537 1432 salia
559 1373 614 1431 est.
648 1369 720 1449 qaia
735 1389 793 1449 pro
814 1387 858 1444 eo,
877 1365 958 1447 qssod
968 1366 1110 1446 pluribus
1129 1367 1227 1428 verbis
1239 1387 1302 1446 vos,
1321 1389 1411 1449 pssum

323 1456 414 1532 volui,
431 1452 577 1535 fatigavi,
601 1453 762 1516 aerioma
785 1451 868 1514 cotia
888 1452 1020 1531 petitum
1046 1452 1287 1532 impetratamque
1312 1454 1410 1532 aelim,

324 1539 439 1601 Patres
452 1538 624 1618 commipti.

367 1623 406 1684 L.
430 1621 507 1684 Plus
521 1619 653 1683 crimina
666 1641 703 1682 eo
719 1618 779 1697 die,
795 1639 890 1716 quam
908 1618 1059 1698 defensio,
1073 1619 1255 1698 valuissent,
1270 1621 1304 1684 ni
1318 1621 1412 1686 ulter-

325 1706 480 1768 catiouem
502 1703 536 1767 in
560 1725 665 1766 serum
686 1704 941 1788 perdunssentfl.
974 1703 1145 1767 dimittitur
1169 1715 1297 1769 senatus
1321 1706 1355 1769 in
1375 1728 1412 1770 ea

325 1789 484 1887 opinione,
497 1795 535 1851 ut
550 1795 721 1872 negaturus
741 1787 939 1872 triumphum
958 1788 1055 1852 luisse
1072 1787 1236 1852 videretur.
1281 1790 1412 1854 Postero

162 1871 306 1946 Triumphus
326 1874 376 1936 dre
404 1880 437 1935 et
461 1871 587 1956 cognati
611 1870 765 1954 amicique
790 1871 851 1935 Cn.
870 1871 985 1934 Manlii
1010 1873 1142 1936 summis
1167 1874 1283 1959 opibus
1309 1875 1411 1938 adnisi

163 1935 252 1980 ”mm
326 1965 412 2036 sunt,
442 1965 474 2018 et
502 1955 671 2018 auctoritas
701 1955 861 2018 seniorum
884 1956 993 2036 valuit,
1015 1958 1211 2042 negantium,
1232 1960 1411 2044 exemplum

161 1999 275 2045 damma.

326 2041 488 2126 proditum
510 2039 669 2103 memoriae
693 2061 771 2120 csse,
792 2049 830 2103 ut
847 2041 1027 2126 imperator,
1050 2042 1115 2125 qui,
1129 2043 1342 2127 perduellibus
1357 2045 1412 2108 de-

326 2125 427 2206 victis,
442 2125 585 2189 confecta
598 2125 770 2210 provincia,
783 2125 954 2188 exercitum
970 2134 1173 2210 reportasset,
1188 2127 1255 2190 sine
1270 2149 1365 2192 curru
1379 2137 1413 2192 et

325 2211 432 2274 laurea
457 2209 599 2295 prIvatus
630 2209 911 2294 inhonoratusque,
940 2210 1052 2273 urbem
1081 2210 1184 2274 iniret.
1227 2211 1280 2274 hio
1308 2213 1413 2296 pudor

325 2295 554 2380 malignitatem
582 2293 668 2373 vicit,
697 2293 959 2379 triumphumque
987 2293 1167 2378 frequentes
1196 2296 1411 2362 decreverunt.

327 2379 497 2465 Obpressit
521 2379 633 2442 deinde
657 2379 851 2442 mentionem
874 2378 1119 2462 memoriamque
1137 2401 1262 2443 omnem
1281 2389 1413 2446 conteu-

325 2465 422 2527 tionis
445 2465 541 2527 hu'us
563 2463 665 2559 majus
684 2471 716 2524 et
735 2485 810 2526 cum
833 2462 949 2546 majore
971 2471 1004 2526 et
1024 2463 1152 2527 clariore
1167 2464 1234 2528 viro
1253 2473 1412 2530 certamen

326 2557 442 2611 ortum.
486 2487 522 2609 i).
538 2545 678 2630 Scipmni
693 2547 841 2610 Africano
863 2549 911 2628 (ut
925 2547 1070 2611 Valerius
1089 2549 1202 2612 Antias
1222 2556 1332 2613 auctor
1350 2554 1411 2634 est)

217 2639 259 2670 ⁰⁸¹¹
327 2632 390 2694 duo
406 2633 447 2696 0„
463 2629 577 2694 Petillii
596 2629 678 2692 diem
698 2629 854 2694 dixerunt.
890 2631 934 2710 id,
952 2641 1049 2730 prout
1072 2633 1224 2779 oup'usque
1249 2633 1413 2718 ingenium

326 2723 403 2794 erat,
424 2713 722 2798 interpretabantur.
765 2715 830 2778 Alii
844 2737 909 2779 nou
924 2717 1070 2780 tnbuuos
1084 2739 1107 2802 p
1120 2717 1196 2796 ebis,
1212 2717 1268 2780 sed
1287 2718 1414 2782 univer-

327 2821 394 2864 sam
408 2798 577 2877 civitatem,
592 2821 664 2882 quae
679 2799 712 2862 id
727 2800 793 2884 pati
807 2808 924 2884 posset,
939 2801 1136 2865 incusabant.
1165 2803 1253 2865 Duae
1263 2805 1415 2866 mocimus

327 2885 409 2949 orbis
432 2891 582 2948 terraram
601 2883 690 2947 arbes
711 2886 850 2967 iapratos
868 2905 927 2948 uae
943 2905 1042 2968 prope
1059 2892 1190 2968 tenpore
1207 2889 1240 2950 ia
1257 2889 1416 2970 principes

326 2973 484 3034 iacentes:
506 2969 634 3032 Roriam
648 2971 846 3051 ingratiorem
856 2997 867 3042 ,·
888 2971 916 3032 si
936 2971 1055 3051 quiderm
1070 2973 1152 3034 uicto
1171 2972 1331 3054 Karthago
1351 2976 1415 3036 cic·

327 3063 391 3118 tam
405 3055 608 3118 Hannibalem
621 3055 655 3116 irs
668 3055 807 3117 cecilium
821 3055 1003 3135 sepelisse&
1024 3055 1123 3120 Ιίοηια
1142 3058 1255 3120 metite
1270 3061 1415 3122 rictorem

327 3139 508 3221 Africanum
521 3140 661 3219 espellut.
704 3138 779 3216 Alii,
792 3140 949 3202 Neminem
970 3159 1061 3202 unam
1086 3142 1179 3204 civem
1202 3147 1319 3204 tamtum
1340 3144 1416 3204 erni-

327 3244 399 3286 rsere
413 3223 528 3299 debere,
541 3229 576 3284 ut
586 3221 699 3302 lepidas
709 3224 893 3305 interrogari
904 3226 1068 3306 nonpossit
1080 3253 1089 3288 :
1103 3227 1182 3288 nibil
1190 3231 1253 3288 tam
1263 3227 1416 3306 equando

328 3307 479 3372 libertatis
493 3325 566 3383 casa,
581 3326 671 3386 mcum
677 3309 920 3386 potmtiasimam
934 3329 1076 3390 quemque
1090 3309 1207 3390 ''posse
1217 3309 1316 3372 dicere
1327 3330 1416 3374 caru-

326 3411 402 3454 sam.
449 3389 531 3462 Quid
548 3395 647 3452 autem
662 3395 726 3452 emo
742 3393 889 3473 caiqrscm,
909 3393 1017 3456 metam
1031 3413 1176 3456 mmmum
1190 3395 1415 3475 rempublicam,

321 3475 514 3557 permittiri
533 3475 615 3536 ratio
638 3493 699 3538 mom
722 3477 763 3538 sil
784 3477 968 3540 reddenda?
988 3479 1040 3559 qai
1050 3478 1107 3558 jm
1130 3497 1245 3559 equum
1260 3481 1332 3560 poti
1355 3499 1416 3542 moa

321 3561 432 3642 pessit,
454 3561 488 3622 ia
510 3579 576 3622 eum
594 3559 655 3621 aim
676 3560 760 3622 baad
780 3561 924 3641 immtem
943 3581 1016 3625 esse.
1060 3561 1140 3625 Haec
1159 3561 1277 3646 agitata
1296 3583 1416 3628 sermo-

327 3644 433 3721 nibus,
462 3644 562 3707 donec
589 3642 656 3706 dies
685 3643 826 3708 dicendas
854 3665 974 3708 caussae
998 3645 1094 3710 venit.
1129 3667 1189 3709 nec
1215 3646 1295 3710 alius
1322 3655 1417 3710 antea

328 3727 506 3811 quisquam,
528 3749 587 3790 nec
602 3727 653 3791 ille
667 3727 735 3812 ipse
751 3728 857 3814 Scipio
874 3729 985 3794 consul
1005 3751 1152 3794 censorve
1174 3731 1291 3816 majore
1310 3733 1416 3796 omnis

328 3811 452 3959 generis
463 3811 629 3876 bominum
643 3812 830 3910 frequentia,
844 3835 940 3897 quam
954 3835 1028 3878 reus
1042 3814 1095 3878 illo
1111 3815 1172 3896 die,
1193 3817 1227 3880 in
1246 3817 1351 3880 sorum
1365 3826 1416 3882 est

351 3895 494 3960 eductus.
537 3895 655 3961 Jussus
675 3897 776 3960 ducere
799 3917 953 3978 caussam,
972 3899 1039 3962 sine
1058 3899 1124 3964 ulls
1143 3901 1311 3966 criminum
1325 3923 1416 3964 meu-

328 3981 414 4044 tione
436 3979 610 4044 orationem
633 3980 711 4045 adeo
734 3982 933 4068 magnificam
959 3984 998 4048 de
1021 3983 1116 4049 rebus
1136 3987 1177 4051 ab
1196 4007 1230 4049 se
1249 3985 1347 4070 gestis
1365 3993 1417 4050 est

484 4141 625 4202 ‘’procmul
634 4141 680 4188 del.
692 4141 766 4188 oron.
778 4142 846 4190 cm.
974 4139 1156 4206 “maduissent
1168 4145 1244 4192 sein.

198 4283 226 4330 til
247 4282 275 4329 ln
291 4283 331 4328 tce
347 4294 401 4326 cusu
415 4309 421 4324 .
433 4309 440 4324 .
452 4307 460 4325 .
471 4273 569 4338 terem]
589 4277 618 4324 ln
635 4275 680 4324 boe
699 4277 773 4324 inlor·
806 4278 872 4326 leudi
883 4281 933 4326 dari
946 4280 1041 4329 debent.
1060 4283 1153 4330 Frustra
1165 4283 1337 4342 tumemquum
1349 4285 1417 4332 testis

165 4347 240 4400 tunic,
258 4347 324 4404 quus
344 4343 436 4403 culpem
457 4355 523 4388 casus
542 4341 649 4396 smtinet,
671 4355 774 4400 exagge-
806 4343 955 4390 ndsitomnis
967 4347 1092 4392 exercitus.

166 4409 239 4456 raudo
251 4407 440 4454 verbishoerent:
458 4404 637 4452 laceremulti
649 4413 713 4450 sunt.
741 4403 775 4450 At
887 4405 1189 4472 'PuudtmemmJ
1207 4409 1404 4460 Poeante-mi,

198 4471 248 4518 'ulo
259 4479 441 4530 tacentesque
456 4469 515 4516 mibi
533 4469 557 4516 la
576 4469 620 4517 boc
630 4470 681 4530 ipso
692 4469 774 4530 prelio
