<?xml version="1.0" encoding="UTF-8"?>
<!DOCTYPE html PUBLIC "-//W3C//DTD XHTML 1.0 Transitional//EN"
    "http://www.w3.org/TR/xhtml1/DTD/xhtml1-transitional.dtd">
<html xmlns="http://www.w3.org/1999/xhtml" xml:lang="en" lang="en">
 <head>
  <title>
</title>
<meta http-equiv="Content-Type" content="text/html;charset=utf-8" />
  <meta name='ocr-system' content='tesseract 3.04.00' />
  <meta name='ocr-capabilities' content='ocr_page ocr_carea ocr_par ocr_line ocrx_word'/>
</head>
<body>
  <div class='ocr_page' id='page_1' title='image "./tliviipatavinih01crevgoog/tliviipatavinih01crevgoog_0433.png"; bbox 0 0 3098 4958; ppageno 0'>
   <div class='ocr_carea' id='block_1_1' title="bbox 151 303 1409 600">
    <p class='ocr_par' dir='ltr' id='par_1_1' title="bbox 151 303 1409 600">
     <span class='ocr_line' id='line_1_1' title="bbox 508 303 1409 377; baseline 0.007 -7"><span class='ocrx_word' id='word_1_1' title='bbox 508 305 596 370; x_wconf 87' lang='lat' dir='ltr'><strong>LlB.</strong></span> <span class='ocrx_word' id='word_1_2' title='bbox 619 303 742 370; x_wconf 81' lang='lat' dir='ltr'>XLIV.</span> <span class='ocrx_word' id='word_1_3' title='bbox 772 304 868 369; x_wconf 80' lang='lat' dir='ltr'>CAP.</span> <span class='ocrx_word' id='word_1_4' title='bbox 891 305 985 369; x_wconf 85' lang='lat' dir='ltr'>XIV.</span> <span class='ocrx_word' id='word_1_5' title='bbox 1346 315 1409 377; x_wconf 83' lang='lat'><strong>423</strong></span> 
     </span>
     <span class='ocr_line' id='line_1_2' title="bbox 151 452 1391 600; baseline 0.002 -82"><span class='ocrx_word' id='word_1_6' title='bbox 151 454 281 518; x_wconf 86' lang='lat' dir='ltr'><strong>doniam</strong></span> <span class='ocrx_word' id='word_1_7' title='bbox 317 454 478 532; x_wconf 77' lang='lat' dir='ltr'><strong>intrasset,</strong></span> <span class='ocrx_word' id='word_1_8' title='bbox 510 453 700 600; x_wconf 52' lang='lat' dir='ltr'><strong>Perssmum</strong></span> <span class='ocrx_word' id='word_1_9' title='bbox 731 452 765 516; x_wconf 92' lang='lat' dir='ltr'><strong>in</strong></span> <span class='ocrx_word' id='word_1_10' title='bbox 794 474 929 538; x_wconf 89' lang='lat' dir='ltr'><strong>regnum</strong></span> <span class='ocrx_word' id='word_1_11' title='bbox 965 454 1032 519; x_wconf 88' lang='lat' dir='ltr'><strong>abit</strong></span> <span class='ocrx_word' id='word_1_12' title='bbox 1040 459 1059 518; x_wconf 57' lang='lat' dir='ltr'><strong>l.</strong></span> <span class='ocrx_word' id='word_1_13' title='bbox 1102 455 1243 521; x_wconf 77' lang='lat' dir='ltr'><strong>Marcius</strong></span> <span class='ocrx_word' id='word_1_14' title='bbox 1259 471 1288 519; x_wconf 87' lang='grc' dir='ltr'><strong>υ.</strong></span> <span class='ocrx_word' id='word_1_15' title='bbox 1300 473 1391 520; x_wconf 64' lang='grc' dir='ltr'><strong>Μαι</strong></span> 
     </span>
    </p>
   </div>
   <div class='ocr_carea' id='block_1_2' title="bbox 145 535 1395 3156">
    <p class='ocr_par' dir='ltr' id='par_1_2' title="bbox 149 535 1390 1550">
     <span class='ocr_line' id='line_1_3' title="bbox 152 535 1390 637; baseline 0.003 -35"><span class='ocrx_word' id='word_1_16' title='bbox 152 537 287 637; x_wconf 84' lang='lat' dir='ltr'><strong>Figulus</strong></span> <span class='ocrx_word' id='word_1_17' title='bbox 302 545 431 622; x_wconf 84' lang='lat' dir='ltr'><strong>praetor,</strong></span> <span class='ocrx_word' id='word_1_18' title='bbox 555 557 573 601; x_wconf 89' lang='lat' dir='ltr'><strong>c</strong></span> <span class='ocrx_word' id='word_1_19' title='bbox 620 537 663 600; x_wconf 84' lang='lat' dir='ltr'><strong>sia</strong></span> <span class='ocrx_word' id='word_1_20' title='bbox 678 537 712 600; x_wconf 93' lang='lat' dir='ltr'><strong>in</strong></span> <span class='ocrx_word' id='word_1_21' title='bbox 725 537 857 602; x_wconf 84' lang='lat' dir='ltr'><strong>hiberna</strong></span> <span class='ocrx_word' id='word_1_22' title='bbox 871 537 1036 602; x_wconf 77' lang='lat' dir='ltr'><strong>Sciathum</strong></span> <span class='ocrx_word' id='word_1_23' title='bbox 1049 539 1155 618; x_wconf 88' lang='lat' dir='ltr'><strong>missa,</strong></span> <span class='ocrx_word' id='word_1_24' title='bbox 1170 563 1244 606; x_wconf 91' lang='lat' dir='ltr'><strong>cum</strong></span> <span class='ocrx_word' id='word_1_25' title='bbox 1259 537 1285 583; x_wconf 62' lang='grc' dir='ltr'><strong>Α·</strong></span> <span class='ocrx_word' id='word_1_26' title='bbox 1297 537 1323 583; x_wconf 82' lang='lat'><strong>⁰·</strong></span> <span class='ocrx_word' id='word_1_27' title='bbox 1337 535 1390 584; x_wconf 73' lang='lat'>¹⁶⁹·</span> 
     </span>
     <span class='ocr_line' id='line_1_4' title="bbox 150 621 1244 720; baseline 0.003 -34"><span class='ocrx_word' id='word_1_28' title='bbox 150 622 282 706; x_wconf 88' lang='lat' dir='ltr'><strong>rehquis</strong></span> <span class='ocrx_word' id='word_1_29' title='bbox 296 621 432 686; x_wconf 87' lang='lat' dir='ltr'><strong>navibus</strong></span> <span class='ocrx_word' id='word_1_30' title='bbox 478 621 600 684; x_wconf 89' lang='lat' dir='ltr'><strong>Oreum</strong></span> <span class='ocrx_word' id='word_1_31' title='bbox 614 621 747 686; x_wconf 82' lang='lat' dir='ltr'><strong>Boeotiae</strong></span> <span class='ocrx_word' id='word_1_32' title='bbox 757 623 841 720; x_wconf 89' lang='lat' dir='ltr'><strong>petit</strong></span> <span class='ocrx_word' id='word_1_33' title='bbox 849 631 874 700; x_wconf 74' lang='lat'><strong>¹²,</strong></span> <span class='ocrx_word' id='word_1_34' title='bbox 893 644 962 686; x_wconf 89' lang='lat' dir='ltr'><strong>eam</strong></span> <span class='ocrx_word' id='word_1_35' title='bbox 986 623 1097 688; x_wconf 90' lang='lat' dir='ltr'><strong>urbem</strong></span> <span class='ocrx_word' id='word_1_36' title='bbox 1119 625 1244 710; x_wconf 84' lang='lat' dir='ltr'><strong>aptissi-</strong></span> 
     </span>
     <span class='ocr_line' id='line_1_5' title="bbox 150 705 1243 793; baseline 0.004 -23"><span class='ocrx_word' id='word_1_37' title='bbox 150 729 238 770; x_wconf 88' lang='lat' dir='ltr'><strong>mam</strong></span> <span class='ocrx_word' id='word_1_38' title='bbox 259 714 358 785; x_wconf 73' lang='lat' dir='ltr'><strong>rann,</strong></span> <span class='ocrx_word' id='word_1_39' title='bbox 383 705 468 770; x_wconf 89' lang='lat' dir='ltr'><strong>unde</strong></span> <span class='ocrx_word' id='word_1_40' title='bbox 490 705 689 784; x_wconf 81' lang='lat' dir='ltr'><strong>exercitibus,</strong></span> <span class='ocrx_word' id='word_1_41' title='bbox 710 728 766 790; x_wconf 87' lang='lat' dir='ltr'><strong>qm</strong></span> <span class='ocrx_word' id='word_1_42' title='bbox 790 705 824 770; x_wconf 93' lang='lat' dir='ltr'><strong>in</strong></span> <span class='ocrx_word' id='word_1_43' title='bbox 850 707 1047 786; x_wconf 87' lang='lat' dir='ltr'><strong>Macedonia,</strong></span> <span class='ocrx_word' id='word_1_44' title='bbox 1071 709 1188 793; x_wconf 91' lang='lat' dir='ltr'><strong>quique</strong></span> <span class='ocrx_word' id='word_1_45' title='bbox 1209 711 1243 774; x_wconf 94' lang='lat' dir='ltr'><strong>iu</strong></span> 
     </span>
     <span class='ocr_line' id='line_1_6' title="bbox 150 789 1243 880; baseline 0.004 -26"><span class='ocrx_word' id='word_1_46' title='bbox 150 790 315 855; x_wconf 74' lang='lat' dir='ltr'><strong>Thessalia</strong></span> <span class='ocrx_word' id='word_1_47' title='bbox 328 797 428 868; x_wconf 86' lang='lat' dir='ltr'><strong>erant,</strong></span> <span class='ocrx_word' id='word_1_48' title='bbox 442 789 527 854; x_wconf 89' lang='lat' dir='ltr'><strong>mitti</strong></span> <span class='ocrx_word' id='word_1_49' title='bbox 542 798 735 854; x_wconf 84' lang='lat' dir='ltr'><strong>commeatus</strong></span> <span class='ocrx_word' id='word_1_50' title='bbox 749 799 890 875; x_wconf 78' lang='lat' dir='ltr'><strong>possent</strong></span> <span class='ocrx_word' id='word_1_51' title='bbox 933 791 984 855; x_wconf 91' lang='lat' dir='ltr'><strong>De</strong></span> <span class='ocrx_word' id='word_1_52' title='bbox 1008 793 1152 858; x_wconf 81' lang='lat' dir='ltr'><strong>Eumene</strong></span> <span class='ocrx_word' id='word_1_53' title='bbox 1170 816 1243 880; x_wconf 89' lang='lat' dir='ltr'><strong>rege</strong></span> 
     </span>
     <span class='ocr_line' id='line_1_7' title="bbox 151 873 1242 960; baseline 0.005 -21"><span class='ocrx_word' id='word_1_54' title='bbox 151 875 247 960; x_wconf 91' lang='lat' dir='ltr'><strong>longe</strong></span> <span class='ocrx_word' id='word_1_55' title='bbox 260 875 383 940; x_wconf 86' lang='lat' dir='ltr'><strong>diversa</strong></span> <span class='ocrx_word' id='word_1_56' title='bbox 401 875 543 938; x_wconf 87' lang='lat' dir='ltr'><strong>tradunt.</strong></span> <span class='ocrx_word' id='word_1_57' title='bbox 587 873 622 937; x_wconf 87' lang='lat' dir='ltr'><strong>Si</strong></span> <span class='ocrx_word' id='word_1_58' title='bbox 637 873 762 939; x_wconf 88' lang='lat' dir='ltr'><strong>Valerio</strong></span> <span class='ocrx_word' id='word_1_59' title='bbox 779 874 902 940; x_wconf 85' lang='lat' dir='ltr'><strong>Antiati</strong></span> <span class='ocrx_word' id='word_1_60' title='bbox 920 876 1039 955; x_wconf 86' lang='lat' dir='ltr'><strong>credas,</strong></span> <span class='ocrx_word' id='word_1_61' title='bbox 1061 899 1119 942; x_wconf 92' lang='lat' dir='ltr'><strong>uec</strong></span> <span class='ocrx_word' id='word_1_62' title='bbox 1143 879 1242 944; x_wconf 87' lang='lat' dir='ltr'><strong>classe</strong></span> 
     </span>
     <span class='ocr_line' id='line_1_8' title="bbox 152 959 1242 1045; baseline 0.006 -23"><span class='ocrx_word' id='word_1_63' title='bbox 152 959 298 1044; x_wconf 88' lang='lat' dir='ltr'><strong>adjutum</strong></span> <span class='ocrx_word' id='word_1_64' title='bbox 312 959 353 1022; x_wconf 90' lang='lat' dir='ltr'><strong>ab</strong></span> <span class='ocrx_word' id='word_1_65' title='bbox 369 980 406 1023; x_wconf 89' lang='lat' dir='ltr'><strong>eo</strong></span> <span class='ocrx_word' id='word_1_66' title='bbox 420 966 589 1042; x_wconf 87' lang='lat' dir='ltr'><strong>praetorem</strong></span> <span class='ocrx_word' id='word_1_67' title='bbox 608 979 687 1038; x_wconf 81' lang='lat' dir='ltr'><strong>esee,</strong></span> <span class='ocrx_word' id='word_1_68' title='bbox 709 979 809 1042; x_wconf 92' lang='lat' dir='ltr'><strong>quum</strong></span> <span class='ocrx_word' id='word_1_69' title='bbox 832 979 916 1045; x_wconf 73' lang='lat' dir='ltr'><strong>saepe</strong></span> <span class='ocrx_word' id='word_1_70' title='bbox 934 981 1008 1024; x_wconf 93' lang='lat' dir='ltr'><strong>eum</strong></span> <span class='ocrx_word' id='word_1_71' title='bbox 1027 961 1126 1025; x_wconf 89' lang='lat' dir='ltr'><strong>literis</strong></span> <span class='ocrx_word' id='word_1_72' title='bbox 1141 983 1242 1028; x_wconf 88' lang='lat' dir='ltr'><strong>arces-</strong></span> 
     </span>
     <span class='ocr_line' id='line_1_9' title="bbox 152 1041 1241 1144; baseline 0.003 -36"><span class='ocrx_word' id='word_1_73' title='bbox 152 1045 255 1142; x_wconf 69' lang='lat' dir='ltr'><strong>sisset,</strong></span> <span class='ocrx_word' id='word_1_74' title='bbox 269 1043 377 1122; x_wconf 79' lang='lat' dir='ltr'><strong>tradit,</strong></span> <span class='ocrx_word' id='word_1_75' title='bbox 392 1041 480 1106; x_wconf 77' lang='lat' dir='ltr'><strong>”uec</strong></span> <span class='ocrx_word' id='word_1_76' title='bbox 494 1063 567 1140; x_wconf 73' lang='lat' dir='ltr'><strong>cum</strong></span> <span class='ocrx_word' id='word_1_77' title='bbox 638 1042 683 1106; x_wconf 87' lang='lat' dir='ltr'><strong>tia</strong></span> <span class='ocrx_word' id='word_1_78' title='bbox 693 1043 732 1107; x_wconf 88' lang='lat' dir='ltr'><strong>ab</strong></span> <span class='ocrx_word' id='word_1_79' title='bbox 743 1043 872 1141; x_wconf 77' lang='lat' dir='ltr'><strong>consule</strong></span> <span class='ocrx_word' id='word_1_80' title='bbox 882 1045 1106 1144; x_wconf 26' lang='lat' dir='ltr'><strong>profectumtin</strong></span> <span class='ocrx_word' id='word_1_81' title='bbox 1120 1047 1241 1128; x_wconf 87' lang='lat' dir='ltr'><strong>Asiam,</strong></span> 
     </span>
     <span class='ocr_line' id='line_1_10' title="bbox 149 1127 1241 1297; baseline 0.004 -21"><span class='ocrx_word' id='word_1_82' title='bbox 149 1127 526 1296; x_wconf 45' lang='lat' dir='ltr'><strong>titinnius?</strong></span> <span class='ocrx_word' id='word_1_83' title='bbox 532 1148 660 1295; x_wconf 61' lang='lat' dir='ltr'><strong>itii</strong></span> <span class='ocrx_word' id='word_1_84' title='bbox 666 1129 1241 1297; x_wconf 57' lang='lat' dir='ltr'><strong>“iittiliint‘iiiitlil</strong></span> 
     </span>
     <span class='ocr_line' id='line_1_11' title="bbox 149 1295 1240 1386; baseline 0.004 -25"><span class='ocrx_word' id='word_1_85' title='bbox 149 1295 352 1381; x_wconf 86' lang='lat' dir='ltr'><strong>relinqueret,</strong></span> <span class='ocrx_word' id='word_1_86' title='bbox 373 1295 524 1380; x_wconf 84' lang='lat' dir='ltr'><strong>inpetrari</strong></span> <span class='ocrx_word' id='word_1_87' title='bbox 547 1295 588 1360; x_wconf 88' lang='lat' dir='ltr'><strong>ab</strong></span> <span class='ocrx_word' id='word_1_88' title='bbox 609 1316 647 1359; x_wconf 89' lang='lat' dir='ltr'><strong>eo</strong></span> <span class='ocrx_word' id='word_1_89' title='bbox 667 1295 819 1380; x_wconf 84' lang='lat' dir='ltr'><strong>potuisse.</strong></span> <span class='ocrx_word' id='word_1_90' title='bbox 862 1297 1006 1362; x_wconf 83' lang='lat' dir='ltr'><strong>Attalum</strong></span> <span class='ocrx_word' id='word_1_91' title='bbox 1022 1299 1150 1364; x_wconf 78' lang='lat' dir='ltr'><strong>lintrem</strong></span> <span class='ocrx_word' id='word_1_92' title='bbox 1171 1301 1240 1386; x_wconf 91' lang='lat' dir='ltr'><strong>ejus</strong></span> 
     </span>
     <span class='ocr_line' id='line_1_12' title="bbox 150 1379 1241 1470; baseline 0.005 -25"><span class='ocrx_word' id='word_1_93' title='bbox 150 1389 184 1445; x_wconf 88' lang='lat' dir='ltr'><strong>et</strong></span> <span class='ocrx_word' id='word_1_94' title='bbox 197 1381 384 1446; x_wconf 87' lang='lat' dir='ltr'><strong>remansisse</strong></span> <span class='ocrx_word' id='word_1_95' title='bbox 399 1380 485 1465; x_wconf 90' lang='lat' dir='ltr'><strong>apud</strong></span> <span class='ocrx_word' id='word_1_96' title='bbox 499 1379 673 1459; x_wconf 86' lang='lat' dir='ltr'><strong>consulem,</strong></span> <span class='ocrx_word' id='word_1_97' title='bbox 695 1387 728 1444; x_wconf 89' lang='lat' dir='ltr'><strong>et</strong></span> <span class='ocrx_word' id='word_1_98' title='bbox 752 1380 905 1446; x_wconf 86' lang='lat' dir='ltr'><strong>sinceram</strong></span> <span class='ocrx_word' id='word_1_99' title='bbox 922 1382 990 1466; x_wconf 88' lang='lat' dir='ltr'><strong>ejus</strong></span> <span class='ocrx_word' id='word_1_100' title='bbox 1007 1383 1103 1448; x_wconf 86' lang='lat' dir='ltr'><strong>fidem</strong></span> <span class='ocrx_word' id='word_1_101' title='bbox 1125 1387 1241 1470; x_wconf 85' lang='lat' dir='ltr'><strong>aequuli</strong></span> 
     </span>
     <span class='ocr_line' id='line_1_13' title="bbox 151 1463 956 1550; baseline 0.002 -22"><span class='ocrx_word' id='word_1_102' title='bbox 151 1473 261 1529; x_wconf 80' lang='lat' dir='ltr'><strong>tenore</strong></span> <span class='ocrx_word' id='word_1_103' title='bbox 276 1465 432 1550; x_wconf 81' lang='lat' dir='ltr'><strong>egregiam</strong></span> <span class='ocrx_word' id='word_1_104' title='bbox 454 1486 494 1528; x_wconf 90' lang='lat' dir='ltr'><strong>ue</strong></span> <span class='ocrx_word' id='word_1_105' title='bbox 508 1485 637 1550; x_wconf 87' lang='lat' dir='ltr'><strong>operam</strong></span> <span class='ocrx_word' id='word_1_106' title='bbox 651 1463 684 1528; x_wconf 90' lang='lat' dir='ltr'><strong>iu</strong></span> <span class='ocrx_word' id='word_1_107' title='bbox 700 1487 738 1528; x_wconf 89' lang='lat' dir='ltr'><strong>eo</strong></span> <span class='ocrx_word' id='word_1_108' title='bbox 750 1464 834 1529; x_wconf 88' lang='lat' dir='ltr'><strong>bello</strong></span> <span class='ocrx_word' id='word_1_109' title='bbox 848 1467 956 1530; x_wconf 83' lang='lat' dir='ltr'><strong>inisse.</strong></span> 
     </span>
    </p>

    <p class='ocr_par' dir='ltr' id='par_1_3' title="bbox 145 1549 1395 3156">
     <span class='ocr_line' id='line_1_14' title="bbox 194 1549 1239 1638; baseline 0.007 -27"><span class='ocrx_word' id='word_1_110' title='bbox 194 1549 288 1613; x_wconf 85' lang='lat' dir='ltr'><strong>xlv.</strong></span> <span class='ocrx_word' id='word_1_111' title='bbox 309 1549 397 1612; x_wconf 88' lang='lat' dir='ltr'><strong>Dum</strong></span> <span class='ocrx_word' id='word_1_112' title='bbox 409 1549 448 1612; x_wconf 91' lang='lat' dir='ltr'><strong>be</strong></span> <span class='ocrx_word' id='word_1_113' title='bbox 474 1571 528 1612; x_wconf 92' lang='lat' dir='ltr'><strong>um</strong></span> <span class='ocrx_word' id='word_1_114' title='bbox 542 1549 576 1612; x_wconf 90' lang='lat' dir='ltr'><strong>in</strong></span> <span class='ocrx_word' id='word_1_115' title='bbox 588 1549 777 1614; x_wconf 87' lang='lat' dir='ltr'><strong>Macedonia</strong></span> <span class='ocrx_word' id='word_1_116' title='bbox 790 1551 920 1635; x_wconf 81' lang='lat' dir='ltr'><strong>geritur,</strong></span> <span class='ocrx_word' id='word_1_117' title='bbox 933 1550 1028 1636; x_wconf 88' lang='lat' dir='ltr'><strong>legati</strong></span> <span class='ocrx_word' id='word_1_118' title='bbox 1040 1553 1239 1638; x_wconf 64' lang='lat' dir='ltr'><strong>lienaalpini</strong></span> 
     </span>
     <span class='ocr_line' id='line_1_15' title="bbox 150 1633 1239 1723; baseline 0.004 -25"><span class='ocrx_word' id='word_1_119' title='bbox 150 1633 191 1698; x_wconf 90' lang='lat' dir='ltr'><strong>ab</strong></span> <span class='ocrx_word' id='word_1_120' title='bbox 212 1633 323 1718; x_wconf 87' lang='lat' dir='ltr'><strong>regulo</strong></span> <span class='ocrx_word' id='word_1_121' title='bbox 344 1633 509 1698; x_wconf 86' lang='lat' dir='ltr'><strong>Gallorum</strong></span> <span class='ocrx_word' id='word_1_122' title='bbox 535 1633 683 1714; x_wconf 87' lang='lat' dir='ltr'><strong>(Balanos</strong></span> <span class='ocrx_word' id='word_1_123' title='bbox 700 1634 801 1720; x_wconf 87' lang='lat' dir='ltr'><strong>ipsius</strong></span> <span class='ocrx_word' id='word_1_124' title='bbox 818 1635 953 1699; x_wconf 85' lang='lat' dir='ltr'><strong>traditur</strong></span> <span class='ocrx_word' id='word_1_125' title='bbox 966 1658 1082 1700; x_wconf 90' lang='lat' dir='ltr'><strong>nomen</strong></span> <span class='ocrx_word' id='word_1_126' title='bbox 1093 1663 1102 1716; x_wconf 81' lang='lat'>3</span> <span class='ocrx_word' id='word_1_127' title='bbox 1124 1639 1239 1723; x_wconf 88' lang='lat' dir='ltr'><strong>gentis,</strong></span> 
     </span>
     <span class='ocr_line' id='line_1_16' title="bbox 148 1718 1239 1806; baseline 0.005 -25"><span class='ocrx_word' id='word_1_128' title='bbox 148 1739 266 1802; x_wconf 83' lang='lat' dir='ltr'><strong>exque</strong></span> <span class='ocrx_word' id='word_1_129' title='bbox 280 1718 385 1797; x_wconf 84' lang='lat' dir='ltr'><strong>firerit,</strong></span> <span class='ocrx_word' id='word_1_130' title='bbox 407 1739 472 1782; x_wconf 90' lang='lat' dir='ltr'><strong>uon</strong></span> <span class='ocrx_word' id='word_1_131' title='bbox 489 1718 635 1800; x_wconf 89' lang='lat' dir='ltr'><strong>traditur)</strong></span> <span class='ocrx_word' id='word_1_132' title='bbox 659 1719 793 1782; x_wconf 88' lang='lat' dir='ltr'><strong>Romam</strong></span> <span class='ocrx_word' id='word_1_133' title='bbox 807 1728 973 1798; x_wconf 86' lang='lat' dir='ltr'><strong>venerunt,</strong></span> <span class='ocrx_word' id='word_1_134' title='bbox 996 1721 1180 1806; x_wconf 86' lang='lat' dir='ltr'><strong>pollicentes</strong></span> <span class='ocrx_word' id='word_1_135' title='bbox 1199 1725 1239 1786; x_wconf 86' lang='lat' dir='ltr'><strong>ad</strong></span> 
     </span>
     <span class='ocr_line' id='line_1_17' title="bbox 150 1802 1239 1886; baseline 0.005 -20"><span class='ocrx_word' id='word_1_136' title='bbox 150 1803 394 1868; x_wconf 86' lang='lat' dir='ltr'><strong>Macedonicum</strong></span> <span class='ocrx_word' id='word_1_137' title='bbox 404 1803 524 1866; x_wconf 87' lang='lat' dir='ltr'><strong>bellum</strong></span> <span class='ocrx_word' id='word_1_138' title='bbox 539 1802 663 1866; x_wconf 84' lang='lat' dir='ltr'><strong>auxilia.</strong></span> <span class='ocrx_word' id='word_1_139' title='bbox 708 1802 828 1868; x_wconf 77' lang='lat' dir='ltr'><strong>Gratiae</strong></span> <span class='ocrx_word' id='word_1_140' title='bbox 841 1805 882 1869; x_wconf 91' lang='lat' dir='ltr'><strong>ab</strong></span> <span class='ocrx_word' id='word_1_141' title='bbox 897 1813 1008 1869; x_wconf 66' lang='lat' dir='ltr'><strong>mnatu</strong></span> <span class='ocrx_word' id='word_1_142' title='bbox 1023 1813 1112 1886; x_wconf 86' lang='lat' dir='ltr'><strong>actae,</strong></span> <span class='ocrx_word' id='word_1_143' title='bbox 1127 1829 1239 1871; x_wconf 88' lang='lat' dir='ltr'><strong>mune-</strong></span> 
     </span>
     <span class='ocr_line' id='line_1_18' title="bbox 148 1887 1238 1974; baseline 0.005 -24"><span class='ocrx_word' id='word_1_144' title='bbox 148 1909 245 1972; x_wconf 85' lang='lat' dir='ltr'><strong>raque</strong></span> <span class='ocrx_word' id='word_1_145' title='bbox 272 1887 379 1966; x_wconf 61' lang='lat' dir='ltr'><strong>missa</strong></span> <span class='ocrx_word' id='word_1_146' title='bbox 403 1887 526 1972; x_wconf 86' lang='lat' dir='ltr'><strong>torquis</strong></span> <span class='ocrx_word' id='word_1_147' title='bbox 547 1908 661 1950; x_wconf 89' lang='lat' dir='ltr'><strong>aureus</strong></span> <span class='ocrx_word' id='word_1_148' title='bbox 685 1887 779 1952; x_wconf 76' lang='lat' dir='ltr'><strong>”duo</strong></span> <span class='ocrx_word' id='word_1_149' title='bbox 798 1890 916 1973; x_wconf 90' lang='lat' dir='ltr'><strong>pondo,</strong></span> <span class='ocrx_word' id='word_1_150' title='bbox 940 1897 973 1953; x_wconf 86' lang='lat' dir='ltr'><strong>et</strong></span> <span class='ocrx_word' id='word_1_151' title='bbox 995 1899 1113 1974; x_wconf 79' lang='lat' dir='ltr'><strong>paterae</strong></span> <span class='ocrx_word' id='word_1_152' title='bbox 1135 1911 1238 1956; x_wconf 85' lang='lat' dir='ltr'><strong>aureae</strong></span> 
     </span>
     <span class='ocr_line' id='line_1_19' title="bbox 148 1971 1238 2058; baseline 0.004 -22"><span class='ocrx_word' id='word_1_153' title='bbox 148 1981 285 2056; x_wconf 89' lang='lat' dir='ltr'><strong>quatuor</strong></span> <span class='ocrx_word' id='word_1_154' title='bbox 342 1973 417 2049; x_wconf 89' lang='lat' dir='ltr'><strong>udo,</strong></span> <span class='ocrx_word' id='word_1_155' title='bbox 431 1993 533 2056; x_wconf 91' lang='lat' dir='ltr'><strong>equus</strong></span> <span class='ocrx_word' id='word_1_156' title='bbox 546 1971 739 2057; x_wconf 87' lang='lat' dir='ltr'><strong>phaleratus,</strong></span> <span class='ocrx_word' id='word_1_157' title='bbox 753 1993 901 2056; x_wconf 89' lang='lat' dir='ltr'><strong>armaque</strong></span> <span class='ocrx_word' id='word_1_158' title='bbox 917 1975 1083 2058; x_wconf 88' lang='lat' dir='ltr'><strong>equestria.</strong></span> <span class='ocrx_word' id='word_1_159' title='bbox 1119 1976 1238 2040; x_wconf 88' lang='lat' dir='ltr'><strong>Secun-</strong></span> 
     </span>
     <span class='ocr_line' id='line_1_20' title="bbox 148 2055 1237 2145; baseline 0.004 -25"><span class='ocrx_word' id='word_1_160' title='bbox 148 2057 226 2120; x_wconf 91' lang='lat' dir='ltr'><strong>dum</strong></span> <span class='ocrx_word' id='word_1_161' title='bbox 250 2056 282 2122; x_wconf 86' lang='lat' dir='ltr'>G</span> <span class='ocrx_word' id='word_1_162' title='bbox 325 2077 361 2120; x_wconf 86' lang='lat' dir='ltr'><strong>oa</strong></span> <span class='ocrx_word' id='word_1_163' title='bbox 383 2055 572 2142; x_wconf 78' lang='lat' dir='ltr'><strong>Pamphyli¹</strong></span> <span class='ocrx_word' id='word_1_164' title='bbox 594 2055 689 2141; x_wconf 88' lang='lat' dir='ltr'><strong>legati</strong></span> <span class='ocrx_word' id='word_1_165' title='bbox 711 2078 859 2121; x_wconf 87' lang='lat' dir='ltr'><strong>coronam</strong></span> <span class='ocrx_word' id='word_1_166' title='bbox 878 2079 1015 2136; x_wconf 82' lang='lat' dir='ltr'><strong>auream,</strong></span> <span class='ocrx_word' id='word_1_167' title='bbox 1037 2058 1058 2092; x_wconf 79' lang='lat'><strong>&#39;⁹</strong></span> <span class='ocrx_word' id='word_1_168' title='bbox 1067 2081 1107 2123; x_wconf 88' lang='lat' dir='ltr'><strong>ex</strong></span> <span class='ocrx_word' id='word_1_169' title='bbox 1125 2060 1237 2145; x_wconf 91' lang='lat' dir='ltr'><strong>viginti</strong></span> 
     </span>
     <span class='ocr_line' id='line_1_21' title="bbox 148 2140 1238 2228; baseline 0.004 -24"><span class='ocrx_word' id='word_1_170' title='bbox 148 2141 289 2206; x_wconf 80' lang='lat' dir='ltr'><strong>millibus</strong></span> <span class='ocrx_word' id='word_1_171' title='bbox 304 2140 541 2226; x_wconf 89' lang='lat' dir='ltr'><strong>Philippeorum</strong></span> <span class='ocrx_word' id='word_1_172' title='bbox 556 2141 682 2220; x_wconf 85' lang='lat' dir='ltr'><strong>factam,</strong></span> <span class='ocrx_word' id='word_1_173' title='bbox 701 2141 735 2204; x_wconf 91' lang='lat' dir='ltr'><strong>in</strong></span> <span class='ocrx_word' id='word_1_174' title='bbox 750 2141 869 2205; x_wconf 87' lang='lat' dir='ltr'><strong>curiam</strong></span> <span class='ocrx_word' id='word_1_175' title='bbox 884 2141 1078 2206; x_wconf 75' lang='lat' dir='ltr'><strong>intuleruutr</strong></span> <span class='ocrx_word' id='word_1_176' title='bbox 1101 2145 1238 2228; x_wconf 90' lang='lat' dir='ltr'><strong>petenti·</strong></span> 
     </span>
     <span class='ocr_line' id='line_1_22' title="bbox 148 2225 1237 2312; baseline 0.002 -22"><span class='ocrx_word' id='word_1_177' title='bbox 148 2226 272 2310; x_wconf 85' lang='lat' dir='ltr'><strong>busque</strong></span> <span class='ocrx_word' id='word_1_178' title='bbox 287 2225 335 2304; x_wconf 89' lang='lat' dir='ltr'><strong>iis,</strong></span> <span class='ocrx_word' id='word_1_179' title='bbox 349 2233 387 2290; x_wconf 91' lang='lat' dir='ltr'><strong>ut</strong></span> <span class='ocrx_word' id='word_1_180' title='bbox 401 2225 435 2289; x_wconf 93' lang='lat' dir='ltr'><strong>id</strong></span> <span class='ocrx_word' id='word_1_181' title='bbox 448 2226 569 2290; x_wconf 89' lang='lat' dir='ltr'><strong>donum</strong></span> <span class='ocrx_word' id='word_1_182' title='bbox 583 2225 616 2288; x_wconf 91' lang='lat' dir='ltr'><strong>iu</strong></span> <span class='ocrx_word' id='word_1_183' title='bbox 630 2225 708 2289; x_wconf 87' lang='lat' dir='ltr'><strong>cella</strong></span> <span class='ocrx_word' id='word_1_184' title='bbox 720 2225 743 2290; x_wconf 88' lang='lat' dir='ltr'>J</span> <span class='ocrx_word' id='word_1_185' title='bbox 744 2225 811 2290; x_wconf 90' lang='lat' dir='ltr'><strong>ovis</strong></span> <span class='ocrx_word' id='word_1_186' title='bbox 828 2225 941 2311; x_wconf 89' lang='lat' dir='ltr'><strong>optimi</strong></span> <span class='ocrx_word' id='word_1_187' title='bbox 964 2227 1093 2290; x_wconf 82' lang='lat' dir='ltr'><strong>maximi</strong></span> <span class='ocrx_word' id='word_1_188' title='bbox 1109 2250 1237 2312; x_wconf 87' lang='lat' dir='ltr'><strong>ponere,</strong></span> 
     </span>
     <span class='ocr_line' id='line_1_23' title="bbox 147 2309 1237 2396; baseline 0.002 -22"><span class='ocrx_word' id='word_1_189' title='bbox 147 2319 180 2374; x_wconf 84' lang='lat' dir='ltr'><strong>et</strong></span> <span class='ocrx_word' id='word_1_190' title='bbox 204 2310 376 2374; x_wconf 84' lang='lat' dir='ltr'><strong>sacrificare</strong></span> <span class='ocrx_word' id='word_1_191' title='bbox 401 2311 435 2374; x_wconf 90' lang='lat' dir='ltr'><strong>iu</strong></span> <span class='ocrx_word' id='word_1_192' title='bbox 462 2309 620 2396; x_wconf 86' lang='lat' dir='ltr'><strong>Capitolio</strong></span> <span class='ocrx_word' id='word_1_193' title='bbox 647 2309 764 2389; x_wconf 88' lang='lat' dir='ltr'><strong>liceret,</strong></span> <span class='ocrx_word' id='word_1_194' title='bbox 792 2310 992 2395; x_wconf 86' lang='lat' dir='ltr'><strong>permissum.</strong></span> <span class='ocrx_word' id='word_1_195' title='bbox 1039 2311 1112 2375; x_wconf 89' lang='lat' dir='ltr'><strong>beni</strong></span> <span class='ocrx_word' id='word_1_196' title='bbox 1157 2334 1174 2376; x_wconf 92' lang='lat' dir='ltr'><strong>e</strong></span> <span class='ocrx_word' id='word_1_197' title='bbox 1197 2335 1237 2376; x_wconf 93' lang='lat' dir='ltr'><strong>ue</strong></span> 
     </span>
     <span class='ocr_line' id='line_1_24' title="bbox 147 2393 1181 2480; baseline 0 -20"><span class='ocrx_word' id='word_1_198' title='bbox 147 2395 317 2460; x_wconf 89' lang='lat' dir='ltr'><strong>amicitiam</strong></span> <span class='ocrx_word' id='word_1_199' title='bbox 339 2416 488 2460; x_wconf 83' lang='lat' dir='ltr'><strong>renovare</strong></span> <span class='ocrx_word' id='word_1_200' title='bbox 502 2393 682 2460; x_wconf 85' lang='lat' dir='ltr'><strong>volentibus</strong></span> <span class='ocrx_word' id='word_1_201' title='bbox 697 2393 809 2480; x_wconf 84' lang='lat' dir='ltr'><strong>legetis</strong></span> <span class='ocrx_word' id='word_1_202' title='bbox 827 2416 1026 2480; x_wconf 88' lang='lat' dir='ltr'><strong>responsum,</strong></span> <span class='ocrx_word' id='word_1_203' title='bbox 1051 2403 1084 2459; x_wconf 89' lang='lat' dir='ltr'><strong>et</strong></span> <span class='ocrx_word' id='word_1_204' title='bbox 1097 2397 1118 2428; x_wconf 81' lang='lat'><strong>&#39;⁸</strong></span> <span class='ocrx_word' id='word_1_205' title='bbox 1148 2397 1181 2460; x_wconf 92' lang='lat' dir='ltr'><strong>in</strong></span> 
     </span>
     <span class='ocr_line' id='line_1_25' title="bbox 146 2479 1373 2565; baseline 0.001 -21"><span class='ocrx_word' id='word_1_206' title='bbox 146 2481 282 2544; x_wconf 88' lang='lat' dir='ltr'><strong>millium</strong></span> <span class='ocrx_word' id='word_1_207' title='bbox 295 2481 366 2544; x_wconf 83' lang='lat' dir='ltr'><strong>aeris</strong></span> <span class='ocrx_word' id='word_1_208' title='bbox 381 2479 515 2565; x_wconf 87' lang='lat' dir='ltr'><strong>singulis</strong></span> <span class='ocrx_word' id='word_1_209' title='bbox 529 2479 663 2543; x_wconf 86' lang='lat' dir='ltr'><strong>missum</strong></span> <span class='ocrx_word' id='word_1_210' title='bbox 681 2499 810 2544; x_wconf 87' lang='lat' dir='ltr'><strong>munus.</strong></span> <span class='ocrx_word' id='word_1_211' title='bbox 853 2481 937 2544; x_wconf 84' lang='lat' dir='ltr'><strong>Tum</strong></span> <span class='ocrx_word' id='word_1_212' title='bbox 961 2479 1001 2544; x_wconf 91' lang='lat' dir='ltr'><strong>ab</strong></span> <span class='ocrx_word' id='word_1_213' title='bbox 1115 2481 1236 2562; x_wconf 87' lang='lat' dir='ltr'><strong>Prusia,</strong></span> <span class='ocrx_word' id='word_1_214' title='bbox 1250 2481 1337 2560; x_wconf 44' lang='lat' dir='ltr'><strong>erui?</strong></span> <span class='ocrx_word' id='word_1_215' title='bbox 1349 2491 1373 2530; x_wconf 70' lang='lat'><strong>²²</strong></span> 
     </span>
     <span class='ocr_line' id='line_1_26' title="bbox 147 2547 1395 2664; baseline 0.002 -36"><span class='ocrx_word' id='word_1_216' title='bbox 147 2573 181 2627; x_wconf 89' lang='lat' dir='ltr'><strong>et</strong></span> <span class='ocrx_word' id='word_1_217' title='bbox 194 2565 300 2649; x_wconf 87' lang='lat' dir='ltr'><strong>paullo</strong></span> <span class='ocrx_word' id='word_1_218' title='bbox 314 2573 389 2664; x_wconf 86' lang='lat' dir='ltr'><strong>post</strong></span> <span class='ocrx_word' id='word_1_219' title='bbox 403 2564 443 2629; x_wconf 92' lang='lat' dir='ltr'><strong>ab</strong></span> <span class='ocrx_word' id='word_1_220' title='bbox 459 2565 603 2643; x_wconf 85' lang='lat' dir='ltr'><strong>Rhodiis,</strong></span> <span class='ocrx_word' id='word_1_221' title='bbox 615 2564 775 2628; x_wconf 82' lang='lat' dir='ltr'><strong>decadem</strong></span> <span class='ocrx_word' id='word_1_222' title='bbox 787 2586 821 2628; x_wconf 90' lang='lat' dir='ltr'><strong>re</strong></span> <span class='ocrx_word' id='word_1_223' title='bbox 835 2564 930 2650; x_wconf 91' lang='lat' dir='ltr'><strong>louge</strong></span> <span class='ocrx_word' id='word_1_224' title='bbox 944 2565 1034 2629; x_wconf 89' lang='lat' dir='ltr'><strong>aliter</strong></span> <span class='ocrx_word' id='word_1_225' title='bbox 1072 2566 1236 2630; x_wconf 84' lang='lat' dir='ltr'><strong>&#39;sserentea</strong></span> <span class='ocrx_word' id='word_1_226' title='bbox 1248 2547 1395 2658; x_wconf 61' lang='lat' dir='ltr'><strong>properum</strong></span> 
     </span>
     <span class='ocr_line' id='line_1_27' title="bbox 147 2625 1326 2736; baseline 0.003 -24"><span class='ocrx_word' id='word_1_227' title='bbox 147 2648 242 2734; x_wconf 86' lang='lat' dir='ltr'><strong>legati</strong></span> <span class='ocrx_word' id='word_1_228' title='bbox 256 2650 356 2714; x_wconf 77' lang='lat' dir='ltr'><strong>auditi</strong></span> <span class='ocrx_word' id='word_1_229' title='bbox 371 2659 456 2714; x_wconf 88' lang='lat' dir='ltr'><strong>sunt.</strong></span> <span class='ocrx_word' id='word_1_230' title='bbox 492 2657 626 2734; x_wconf 83' lang='lat' dir='ltr'><strong>utraque</strong></span> <span class='ocrx_word' id='word_1_231' title='bbox 646 2649 761 2735; x_wconf 88' lang='lat' dir='ltr'><strong>legatio</strong></span> <span class='ocrx_word' id='word_1_232' title='bbox 776 2650 815 2714; x_wconf 90' lang='lat' dir='ltr'><strong>de</strong></span> <span class='ocrx_word' id='word_1_233' title='bbox 829 2673 906 2736; x_wconf 81' lang='lat' dir='ltr'><strong>pace</strong></span> <span class='ocrx_word' id='word_1_234' title='bbox 920 2650 1148 2715; x_wconf 88' lang='lat' dir='ltr'><strong>reconcilianda</strong></span> <span class='ocrx_word' id='word_1_235' title='bbox 1162 2672 1236 2716; x_wconf 91' lang='lat' dir='ltr'><strong>cum</strong></span> <span class='ocrx_word' id='word_1_236' title='bbox 1270 2625 1326 2671; x_wconf 53' lang='grc' dir='ltr'><strong>μ’</strong></span> 
     </span>
     <span class='ocr_line' id='line_1_28' title="bbox 145 2734 1236 2834; baseline 0.002 -36"><span class='ocrx_word' id='word_1_237' title='bbox 145 2755 220 2819; x_wconf 86' lang='lat' dir='ltr'><strong>rege</strong></span> <span class='ocrx_word' id='word_1_238' title='bbox 249 2735 363 2798; x_wconf 82' lang='lat' dir='ltr'><strong>Perseo</strong></span> <span class='ocrx_word' id='word_1_239' title='bbox 391 2734 465 2834; x_wconf 88' lang='lat' dir='ltr'><strong>egit.</strong></span> <span class='ocrx_word' id='word_1_240' title='bbox 510 2735 630 2799; x_wconf 85' lang='lat' dir='ltr'><strong>Pruaioe</strong></span> <span class='ocrx_word' id='word_1_241' title='bbox 657 2756 766 2820; x_wconf 84' lang='lat' dir='ltr'><strong>preces</strong></span> <span class='ocrx_word' id='word_1_242' title='bbox 794 2737 905 2821; x_wconf 82' lang='lat' dir='ltr'><strong>magis,</strong></span> <span class='ocrx_word' id='word_1_243' title='bbox 934 2757 1029 2820; x_wconf 91' lang='lat' dir='ltr'><strong>quam</strong></span> <span class='ocrx_word' id='word_1_244' title='bbox 1053 2735 1236 2821; x_wconf 87' lang='lat' dir='ltr'><strong>postulatio,</strong></span> 
     </span>
     <span class='ocr_line' id='line_1_29' title="bbox 145 2819 1236 2904; baseline 0.003 -22"><span class='ocrx_word' id='word_1_245' title='bbox 145 2819 244 2898; x_wconf 84' lang='lat' dir='ltr'><strong>suere,</strong></span> <span class='ocrx_word' id='word_1_246' title='bbox 262 2820 452 2904; x_wconf 80' lang='lat' dir='ltr'><strong>profitentis,</strong></span> <span class='ocrx_word' id='word_1_247' title='bbox 474 2826 504 2883; x_wconf 83' lang='lat' dir='ltr'><strong>el</strong></span> <span class='ocrx_word' id='word_1_248' title='bbox 521 2821 565 2882; x_wconf 83' lang='lat' dir='ltr'><strong>od</strong></span> <span class='ocrx_word' id='word_1_249' title='bbox 582 2821 618 2884; x_wconf 83' lang='lat' dir='ltr'><strong>id</strong></span> <span class='ocrx_word' id='word_1_250' title='bbox 630 2827 746 2902; x_wconf 81' lang='lat' dir='ltr'><strong>tempus</strong></span> <span class='ocrx_word' id='word_1_251' title='bbox 757 2841 790 2884; x_wconf 78' lang='lat' dir='ltr'><strong>ae</strong></span> <span class='ocrx_word' id='word_1_252' title='bbox 804 2841 872 2884; x_wconf 72' lang='lat' dir='ltr'><strong>orm</strong></span> <span class='ocrx_word' id='word_1_253' title='bbox 886 2823 1032 2885; x_wconf 79' lang='lat' dir='ltr'><strong>Romanis</strong></span> <span class='ocrx_word' id='word_1_254' title='bbox 1045 2823 1173 2900; x_wconf 77' lang='lat' dir='ltr'><strong>stetisse,</strong></span> <span class='ocrx_word' id='word_1_255' title='bbox 1196 2827 1236 2900; x_wconf 85' lang='lat' dir='ltr'><strong>et,</strong></span> 
     </span>
     <span class='ocr_line' id='line_1_30' title="bbox 145 2903 1236 2988; baseline 0.001 -20"><span class='ocrx_word' id='word_1_256' title='bbox 145 2903 248 2986; x_wconf 75' lang='lat' dir='ltr'><strong>quood</strong></span> <span class='ocrx_word' id='word_1_257' title='bbox 269 2903 673 2985; x_wconf 58' lang='lat' dir='ltr'><strong>promontoriorum.</strong></span> <span class='ocrx_word' id='word_1_258' title='bbox 718 2907 857 2969; x_wconf 80' lang='lat' dir='ltr'><strong>Ceterum</strong></span> <span class='ocrx_word' id='word_1_259' title='bbox 880 2925 970 2988; x_wconf 77' lang='lat' dir='ltr'><strong>quum</strong></span> <span class='ocrx_word' id='word_1_260' title='bbox 988 2907 1031 2968; x_wconf 85' lang='lat' dir='ltr'><strong>od</strong></span> <span class='ocrx_word' id='word_1_261' title='bbox 1042 2927 1075 2970; x_wconf 81' lang='lat' dir='ltr'><strong>ae</strong></span> <span class='ocrx_word' id='word_1_262' title='bbox 1089 2928 1109 2968; x_wconf 85' lang='lat' dir='ltr'><strong>a</strong></span> <span class='ocrx_word' id='word_1_263' title='bbox 1123 2908 1236 2969; x_wconf 81' lang='lat' dir='ltr'><strong>Perseo</strong></span> 
     </span>
     <span class='ocr_line' id='line_1_31' title="bbox 146 2988 1236 3070; baseline 0.001 -19"><span class='ocrx_word' id='word_1_264' title='bbox 146 2989 241 3070; x_wconf 67' lang='lat' dir='ltr'><strong>legati</strong></span> <span class='ocrx_word' id='word_1_265' title='bbox 260 2991 409 3053; x_wconf 74' lang='lat' dir='ltr'><strong>venissent</strong></span> <span class='ocrx_word' id='word_1_266' title='bbox 431 2988 860 3069; x_wconf 74' lang='lat' dir='ltr'><strong>definiendommRomooie</strong></span> <span class='ocrx_word' id='word_1_267' title='bbox 874 2989 1236 3070; x_wconf 78' lang='lat' dir='ltr'><strong>bello,etiiapollicilum</strong></span> 
     </span>
     <span class='ocr_line' id='line_1_32' title="bbox 145 3071 1236 3156; baseline 0 -20"><span class='ocrx_word' id='word_1_268' title='bbox 145 3073 370 3154; x_wconf 61' lang='lat' dir='ltr'><strong>melnen</strong></span> <span class='ocrx_word' id='word_1_269' title='bbox 384 3074 469 3156; x_wconf 75' lang='lat' dir='ltr'><strong>opud</strong></span> <span class='ocrx_word' id='word_1_270' title='bbox 480 3079 618 3138; x_wconf 77' lang='lat' dir='ltr'><strong>renotem</strong></span> <span class='ocrx_word' id='word_1_271' title='bbox 624 3071 785 3155; x_wconf 68' lang='lat' dir='ltr'><strong>salonam</strong></span> <span class='ocrx_word' id='word_1_272' title='bbox 808 3073 948 3154; x_wconf 76' lang='lat' dir='ltr'><strong>&#39;¹pelere,</strong></span> <span class='ocrx_word' id='word_1_273' title='bbox 968 3075 996 3136; x_wconf 82' lang='lat' dir='ltr'><strong>ri</strong></span> <span class='ocrx_word' id='word_1_274' title='bbox 1008 3079 1134 3155; x_wconf 78' lang='lat' dir='ltr'><strong>possent</strong></span> <span class='ocrx_word' id='word_1_275' title='bbox 1148 3074 1236 3136; x_wconf 77' lang='lat' dir='ltr'><strong>iudu-</strong></span> 
     </span>
    </p>
   </div>
   <div class='ocr_carea' id='block_1_3' title="bbox 147 3222 1240 3348">
    <p class='ocr_par' dir='ltr' id='par_1_4' title="bbox 147 3222 1240 3348">
     <span class='ocr_line' id='line_1_33' title="bbox 178 3222 1240 3283; baseline -0.001 -13"><span class='ocrx_word' id='word_1_276' title='bbox 178 3223 255 3272; x_wconf 68' lang='lat' dir='ltr'><strong>‘aun</strong></span> <span class='ocrx_word' id='word_1_277' title='bbox 267 3225 342 3270; x_wconf 82' lang='lat' dir='ltr'><strong>Gran.</strong></span> <span class='ocrx_word' id='word_1_278' title='bbox 354 3225 422 3272; x_wconf 83' lang='lat' dir='ltr'><strong>Crer.</strong></span> <span class='ocrx_word' id='word_1_279' title='bbox 574 3226 590 3256; x_wconf 75' lang='lat'><strong>²¹</strong></span> <span class='ocrx_word' id='word_1_280' title='bbox 603 3223 685 3270; x_wconf 73' lang='grc' dir='ltr'>Ονηιι</span> <span class='ocrx_word' id='word_1_281' title='bbox 696 3223 792 3270; x_wconf 65' lang='lat' dir='ltr'><strong>amorre</strong></span> <span class='ocrx_word' id='word_1_282' title='bbox 803 3224 871 3283; x_wconf 77' lang='lat' dir='ltr'><strong>petiit</strong></span> <span class='ocrx_word' id='word_1_283' title='bbox 885 3222 950 3270; x_wconf 72' lang='lat' dir='ltr'><strong>End.</strong></span> <span class='ocrx_word' id='word_1_284' title='bbox 985 3223 1067 3270; x_wconf 67' lang='lat' dir='ltr'><strong>Oreum</strong></span> <span class='ocrx_word' id='word_1_285' title='bbox 1078 3222 1172 3270; x_wconf 68' lang='lat' dir='ltr'><strong>esraa</strong></span> <span class='ocrx_word' id='word_1_286' title='bbox 1180 3224 1240 3283; x_wconf 78' lang='lat' dir='ltr'><strong>petit</strong></span> 
     </span>
     <span class='ocr_line' id='line_1_34' title="bbox 147 3287 729 3348; baseline -0.003 -12"><span class='ocrx_word' id='word_1_287' title='bbox 147 3287 246 3348; x_wconf 77' lang='lat' dir='ltr'><strong>Kreyea.</strong></span> <span class='ocrx_word' id='word_1_288' title='bbox 259 3288 335 3336; x_wconf 73' lang='lat' dir='ltr'><strong>Beki.</strong></span> <span class='ocrx_word' id='word_1_289' title='bbox 464 3291 478 3320; x_wconf 83' lang='lat'>¹</span> <span class='ocrx_word' id='word_1_290' title='bbox 491 3287 621 3348; x_wconf 65' lang='lat' dir='ltr'><strong>Puplylii</strong></span> <span class='ocrx_word' id='word_1_291' title='bbox 632 3287 729 3347; x_wconf 68' lang='lat' dir='ltr'><strong>steyn.</strong></span> 
     </span>
    </p>
   </div>
   <div class='ocr_carea' id='block_1_4' title="bbox 145 3408 1399 4550">
    <p class='ocr_par' dir='ltr' id='par_1_5' title="bbox 145 3408 1399 4550">
     <span class='ocr_line' id='line_1_35' title="bbox 178 3408 1398 3472; baseline -0.001 -13"><span class='ocrx_word' id='word_1_292' title='bbox 178 3411 210 3466; x_wconf 78' lang='grc'><strong>78</strong></span> <span class='ocrx_word' id='word_1_293' title='bbox 227 3413 308 3460; x_wconf 69' lang='lat' dir='ltr'><strong>Oresa</strong></span> <span class='ocrx_word' id='word_1_294' title='bbox 319 3408 425 3472; x_wconf 70' lang='lat' dir='ltr'><strong>emsa]</strong></span> <span class='ocrx_word' id='word_1_295' title='bbox 449 3413 537 3458; x_wconf 82' lang='lat' dir='ltr'><strong>Oreum</strong></span> <span class='ocrx_word' id='word_1_296' title='bbox 547 3413 603 3458; x_wconf 84' lang='lat' dir='ltr'><strong>urba</strong></span> <span class='ocrx_word' id='word_1_297' title='bbox 613 3419 649 3458; x_wconf 82' lang='lat' dir='ltr'><strong>eet</strong></span> <span class='ocrx_word' id='word_1_298' title='bbox 660 3411 757 3458; x_wconf 68' lang='lat' dir='ltr'><strong>Euboe</strong></span> <span class='ocrx_word' id='word_1_299' title='bbox 788 3423 873 3458; x_wconf 82' lang='lat' dir='ltr'><strong>corona</strong></span> <span class='ocrx_word' id='word_1_300' title='bbox 883 3409 924 3456; x_wconf 84' lang='lat' dir='ltr'><strong>illa</strong></span> <span class='ocrx_word' id='word_1_301' title='bbox 935 3409 1034 3457; x_wconf 78' lang='lat' dir='ltr'><strong>dicanda</strong></span> <span class='ocrx_word' id='word_1_302' title='bbox 1044 3416 1095 3458; x_wconf 72' lang='lat' dir='ltr'><strong>erat</strong></span> <span class='ocrx_word' id='word_1_303' title='bbox 1105 3409 1166 3467; x_wconf 78' lang='lat' dir='ltr'><strong>lori,</strong></span> <span class='ocrx_word' id='word_1_304' title='bbox 1182 3417 1207 3458; x_wconf 85' lang='lat' dir='ltr'><strong>et</strong></span> <span class='ocrx_word' id='word_1_305' title='bbox 1217 3411 1294 3458; x_wconf 79' lang='lat' dir='ltr'><strong>stabili</strong></span> <span class='ocrx_word' id='word_1_306' title='bbox 1305 3411 1359 3459; x_wconf 74' lang='lat' dir='ltr'><strong>seria</strong></span> <span class='ocrx_word' id='word_1_307' title='bbox 1373 3411 1398 3458; x_wconf 86' lang='lat' dir='ltr'><strong>ln</strong></span> 
     </span>
     <span class='ocr_line' id='line_1_36' title="bbox 145 3473 1057 3534; baseline -0.002 -12"><span class='ocrx_word' id='word_1_308' title='bbox 145 3475 237 3531; x_wconf 73' lang='lat' dir='ltr'><strong>insule,</strong></span> <span class='ocrx_word' id='word_1_309' title='bbox 249 3489 295 3522; x_wconf 89' lang='lat' dir='ltr'><strong>noo</strong></span> <span class='ocrx_word' id='word_1_310' title='bbox 305 3475 408 3522; x_wconf 74' lang='lat' dir='ltr'><strong>Boeotie.</strong></span> <span class='ocrx_word' id='word_1_311' title='bbox 427 3475 489 3534; x_wconf 75' lang='lat' dir='ltr'><strong>Lege</strong></span> <span class='ocrx_word' id='word_1_312' title='bbox 498 3489 554 3534; x_wconf 78' lang='lat' dir='ltr'><strong>argo</strong></span> <span class='ocrx_word' id='word_1_313' title='bbox 565 3477 647 3522; x_wconf 75' lang='grc' dir='ltr'>Οηιιι</span> <span class='ocrx_word' id='word_1_314' title='bbox 656 3475 757 3522; x_wconf 63' lang='lat' dir='ltr'><strong>aalma.</strong></span> <span class='ocrx_word' id='word_1_315' title='bbox 790 3473 906 3534; x_wconf 80' lang='lat' dir='ltr'><strong>Capitolio</strong></span> <span class='ocrx_word' id='word_1_316' title='bbox 917 3473 1057 3520; x_wconf 82' lang='lat' dir='ltr'><strong>collocanda.</strong></span> 
     </span>
     <span class='ocr_line' id='line_1_37' title="bbox 147 3531 1397 3600; baseline -0.002 -14"><span class='ocrx_word' id='word_1_317' title='bbox 147 3539 230 3600; x_wconf 80' lang='lat' dir='ltr'><strong>Neque</strong></span> <span class='ocrx_word' id='word_1_318' title='bbox 241 3539 305 3586; x_wconf 87' lang='lat' dir='ltr'><strong>euim</strong></span> <span class='ocrx_word' id='word_1_319' title='bbox 317 3539 398 3584; x_wconf 85' lang='lat' dir='ltr'><strong>vitium</strong></span> <span class='ocrx_word' id='word_1_320' title='bbox 411 3545 446 3585; x_wconf 80' lang='lat' dir='ltr'><strong>eat</strong></span> <span class='ocrx_word' id='word_1_321' title='bbox 457 3539 480 3586; x_wconf 91' lang='lat' dir='ltr'><strong>lu</strong></span> <span class='ocrx_word' id='word_1_322' title='bbox 493 3538 588 3585; x_wconf 85' lang='lat' dir='ltr'><strong>nomine</strong></span> <span class='ocrx_word' id='word_1_323' title='bbox 600 3539 672 3593; x_wconf 81' lang='lat' dir='ltr'><strong>urbia,</strong></span> <span class='ocrx_word' id='word_1_324' title='bbox 684 3553 757 3598; x_wconf 86' lang='lat' dir='ltr'><strong>quum</strong></span> <span class='ocrx_word' id='word_1_325' title='bbox 821 3537 853 3584; x_wconf 87' lang='grc'><strong>80</strong></span> <span class='ocrx_word' id='word_1_326' title='bbox 869 3538 953 3584; x_wconf 75' lang='lat' dir='ltr'><strong>Binan</strong></span> <span class='ocrx_word' id='word_1_327' title='bbox 967 3539 1063 3585; x_wconf 69' lang='lat' dir='ltr'><strong>nillian</strong></span> <span class='ocrx_word' id='word_1_328' title='bbox 1073 3531 1139 3598; x_wconf 72' lang='lat' dir='ltr'><strong>aria]</strong></span> <span class='ocrx_word' id='word_1_329' title='bbox 1158 3538 1291 3584; x_wconf 73' lang='lat' dir='ltr'><strong>unorum</strong></span> <span class='ocrx_word' id='word_1_330' title='bbox 1305 3537 1397 3598; x_wconf 77' lang='lat' dir='ltr'><strong>argenti</strong></span> 
     </span>
     <span class='ocr_line' id='line_1_38' title="bbox 146 3599 935 3662; baseline -0.004 -12"><span class='ocrx_word' id='word_1_331' title='bbox 146 3603 208 3650; x_wconf 85' lang='lat' dir='ltr'><strong>inira</strong></span> <span class='ocrx_word' id='word_1_332' title='bbox 223 3618 243 3650; x_wconf 88' lang='lat' dir='ltr'><strong>c.</strong></span> <span class='ocrx_word' id='word_1_333' title='bbox 264 3603 303 3658; x_wconf 77' lang='lat'><strong>³⁰,</strong></span> <span class='ocrx_word' id='word_1_334' title='bbox 320 3601 429 3649; x_wconf 75' lang='lat' dir='ltr'><strong>Octavius</strong></span> <span class='ocrx_word' id='word_1_335' title='bbox 440 3609 533 3662; x_wconf 71' lang='lat' dir='ltr'><strong>pretor,</strong></span> <span class='ocrx_word' id='word_1_336' title='bbox 551 3603 592 3662; x_wconf 86' lang='lat' dir='ltr'><strong>qul</strong></span> <span class='ocrx_word' id='word_1_337' title='bbox 606 3601 693 3648; x_wconf 75' lang='lat' dir='ltr'><strong>Marcio</strong></span> <span class='ocrx_word' id='word_1_338' title='bbox 704 3616 757 3648; x_wconf 80' lang='lat' dir='ltr'><strong>anc-</strong></span> <span class='ocrx_word' id='word_1_339' title='bbox 789 3599 813 3657; x_wconf 76' lang='grc'><strong>8,</strong></span> <span class='ocrx_word' id='word_1_340' title='bbox 827 3601 902 3646; x_wconf 72' lang='lat' dir='ltr'><strong>uncie</strong></span> <span class='ocrx_word' id='word_1_341' title='bbox 915 3599 935 3648; x_wconf 92' lang='lat' dir='ltr'><strong>l.</strong></span> 
     </span>
     <span class='ocr_line' id='line_1_39' title="bbox 146 3659 1398 3724; baseline -0.002 -12"><span class='ocrx_word' id='word_1_342' title='bbox 146 3667 222 3722; x_wconf 74' lang='lat' dir='ltr'><strong>cessit,</strong></span> <span class='ocrx_word' id='word_1_343' title='bbox 234 3667 325 3712; x_wconf 82' lang='lat' dir='ltr'><strong>dicatur</strong></span> <span class='ocrx_word' id='word_1_344' title='bbox 336 3666 381 3712; x_wconf 76' lang='lat' dir='ltr'><strong>irae</strong></span> <span class='ocrx_word' id='word_1_345' title='bbox 394 3666 622 3712; x_wconf 59' lang='lat' dir='ltr'><strong>&amp;candelarum</strong></span> <span class='ocrx_word' id='word_1_346' title='bbox 820 3663 849 3710; x_wconf 79' lang='lat' dir='ltr'><strong>el</strong></span> <span class='ocrx_word' id='word_1_347' title='bbox 868 3663 955 3718; x_wconf 78' lang='lat' dir='ltr'><strong>Petere,</strong></span> <span class='ocrx_word' id='word_1_348' title='bbox 966 3665 987 3710; x_wconf 80' lang='lat' dir='ltr'><strong>ri</strong></span> <span class='ocrx_word' id='word_1_349' title='bbox 995 3659 1098 3724; x_wconf 72' lang='lat' dir='ltr'><strong>possm]</strong></span> <span class='ocrx_word' id='word_1_350' title='bbox 1124 3663 1187 3723; x_wconf 80' lang='lat' dir='ltr'><strong>Lege</strong></span> <span class='ocrx_word' id='word_1_351' title='bbox 1207 3679 1260 3710; x_wconf 86' lang='lat' dir='ltr'><strong>euro</strong></span> <span class='ocrx_word' id='word_1_352' title='bbox 1279 3662 1398 3711; x_wconf 81' lang='lat' dir='ltr'><strong>Grooorio</strong></span> 
     </span>
     <span class='ocr_line' id='line_1_40' title="bbox 178 3721 1397 3790; baseline -0.002 -13"><span class='ocrx_word' id='word_1_353' title='bbox 178 3729 210 3788; x_wconf 79' lang='grc'><strong>77</strong></span> <span class='ocrx_word' id='word_1_354' title='bbox 227 3730 301 3777; x_wconf 74' lang='lat' dir='ltr'><strong>&#39;Nec</strong></span> <span class='ocrx_word' id='word_1_355' title='bbox 315 3745 365 3776; x_wconf 77' lang='lat' dir='ltr'><strong>een</strong></span> <span class='ocrx_word' id='word_1_356' title='bbox 381 3731 461 3790; x_wconf 80' lang='lat' dir='ltr'><strong>gratio</strong></span> <span class='ocrx_word' id='word_1_357' title='bbox 477 3730 507 3776; x_wconf 77' lang='lat' dir='ltr'><strong>ol</strong></span> <span class='ocrx_word' id='word_1_358' title='bbox 524 3729 611 3775; x_wconf 67' lang='lat' dir='ltr'><strong>cemele</strong></span> <span class='ocrx_word' id='word_1_359' title='bbox 619 3721 756 3788; x_wconf 60' lang='lat' dir='ltr'><strong>poscerem]</strong></span> <span class='ocrx_word' id='word_1_360' title='bbox 788 3733 900 3786; x_wconf 68' lang='lat' dir='ltr'><strong>erpoino,</strong></span> <span class='ocrx_word' id='word_1_361' title='bbox 913 3727 976 3786; x_wconf 88' lang='lat' dir='ltr'><strong>qnod</strong></span> <span class='ocrx_word' id='word_1_362' title='bbox 988 3727 1126 3786; x_wconf 77' lang='lat' dir='ltr'><strong>respondeat</strong></span> <span class='ocrx_word' id='word_1_363' title='bbox 1142 3727 1171 3774; x_wconf 81' lang='lat' dir='ltr'><strong>iia</strong></span> <span class='ocrx_word' id='word_1_364' title='bbox 1189 3742 1241 3787; x_wconf 73' lang='lat' dir='ltr'><strong>qne</strong></span> <span class='ocrx_word' id='word_1_365' title='bbox 1255 3729 1397 3788; x_wconf 68' lang='lat' dir='ltr'><strong>precedunt,</strong></span> 
     </span>
     <span class='ocr_line' id='line_1_41' title="bbox 147 3791 1398 3854; baseline -0.003 -14"><span class='ocrx_word' id='word_1_366' title='bbox 147 3793 230 3854; x_wconf 83' lang='lat' dir='ltr'><strong>Neque</strong></span> <span class='ocrx_word' id='word_1_367' title='bbox 247 3794 281 3840; x_wconf 84' lang='lat' dir='ltr'><strong>lta</strong></span> <span class='ocrx_word' id='word_1_368' title='bbox 299 3791 428 3854; x_wconf 81' lang='lat' dir='ltr'><strong>proiectum</strong></span> <span class='ocrx_word' id='word_1_369' title='bbox 446 3793 476 3840; x_wconf 84' lang='lat' dir='ltr'><strong>ab</strong></span> <span class='ocrx_word' id='word_1_370' title='bbox 495 3791 597 3846; x_wconf 84' lang='lat' dir='ltr'><strong>consule,</strong></span> <span class='ocrx_word' id='word_1_371' title='bbox 620 3797 647 3837; x_wconf 84' lang='lat' dir='ltr'><strong>ut</strong></span> <span class='ocrx_word' id='word_1_372' title='bbox 665 3791 757 3850; x_wconf 75' lang='lat' dir='ltr'><strong>integra</strong></span> <span class='ocrx_word' id='word_1_373' title='bbox 788 3791 949 3849; x_wconf 76' lang='lat' dir='ltr'><strong>sepellieiierr.</strong></span> <span class='ocrx_word' id='word_1_374' title='bbox 985 3791 1073 3836; x_wconf 82' lang='lat' dir='ltr'><strong>Ultima</strong></span> <span class='ocrx_word' id='word_1_375' title='bbox 1083 3791 1152 3851; x_wconf 77' lang='lat' dir='ltr'><strong>hujus</strong></span> <span class='ocrx_word' id='word_1_376' title='bbox 1168 3791 1257 3851; x_wconf 82' lang='lat' dir='ltr'><strong>periodi</strong></span> <span class='ocrx_word' id='word_1_377' title='bbox 1274 3792 1307 3838; x_wconf 80' lang='lat' dir='ltr'><strong>ale</strong></span> <span class='ocrx_word' id='word_1_378' title='bbox 1323 3793 1352 3838; x_wconf 87' lang='lat' dir='ltr'><strong>ab</strong></span> <span class='ocrx_word' id='word_1_379' title='bbox 1370 3805 1398 3837; x_wconf 86' lang='lat' dir='ltr'><strong>eo</strong></span> 
     </span>
     <span class='ocr_line' id='line_1_42' title="bbox 145 3853 1398 3916; baseline -0.003 -12"><span class='ocrx_word' id='word_1_380' title='bbox 145 3865 206 3904; x_wconf 78' lang='lat' dir='ltr'><strong>earet</strong></span> <span class='ocrx_word' id='word_1_381' title='bbox 227 3857 289 3904; x_wconf 83' lang='lat' dir='ltr'><strong>inter</strong></span> <span class='ocrx_word' id='word_1_382' title='bbox 310 3857 362 3902; x_wconf 78' lang='lat' dir='ltr'><strong>illos</strong></span> <span class='ocrx_word' id='word_1_383' title='bbox 382 3855 459 3916; x_wconf 81' lang='lat' dir='ltr'><strong>gratia</strong></span> <span class='ocrx_word' id='word_1_384' title='bbox 480 3863 504 3902; x_wconf 84' lang='lat' dir='ltr'><strong>et</strong></span> <span class='ocrx_word' id='word_1_385' title='bbox 520 3855 630 3910; x_wconf 84' lang='lat' dir='ltr'><strong>amicitia.</strong></span> <span class='ocrx_word' id='word_1_386' title='bbox 646 3855 688 3902; x_wconf 84' lang='lat' dir='ltr'><strong>aed</strong></span> <span class='ocrx_word' id='word_1_387' title='bbox 704 3868 758 3900; x_wconf 87' lang='lat' dir='ltr'><strong>eum</strong></span> <span class='ocrx_word' id='word_1_388' title='bbox 790 3853 933 3900; x_wconf 73' lang='lat' dir='ltr'><strong>formantur:</strong></span> <span class='ocrx_word' id='word_1_389' title='bbox 956 3869 980 3902; x_wconf 79' lang='lat' dir='ltr'><strong>aa</strong></span> <span class='ocrx_word' id='word_1_390' title='bbox 1000 3869 1084 3916; x_wconf 72' lang='lat' dir='ltr'><strong>quoque</strong></span> <span class='ocrx_word' id='word_1_391' title='bbox 1105 3857 1130 3900; x_wconf 80' lang='lat' dir='ltr'><strong>in</strong></span> <span class='ocrx_word' id='word_1_392' title='bbox 1148 3857 1227 3916; x_wconf 75' lang='lat' dir='ltr'><strong>gratia</strong></span> <span class='ocrx_word' id='word_1_393' title='bbox 1250 3856 1398 3902; x_wconf 65' lang='lat' dir='ltr'><strong>reconciliem</strong></span> 
     </span>
     <span class='ocr_line' id='line_1_43' title="bbox 145 3919 1398 3978; baseline -0.003 -12"><span class='ocrx_word' id='word_1_394' title='bbox 145 3929 227 3968; x_wconf 81' lang='lat' dir='ltr'><strong>mutua</strong></span> <span class='ocrx_word' id='word_1_395' title='bbox 238 3919 372 3967; x_wconf 76' lang='lat' dir='ltr'><strong>offensione.</strong></span> <span class='ocrx_word' id='word_1_396' title='bbox 786 3919 852 3978; x_wconf 82' lang='lat' dir='ltr'><strong>poeia</strong></span> <span class='ocrx_word' id='word_1_397' title='bbox 868 3919 903 3963; x_wconf 78' lang='lat' dir='ltr'><strong>aii</strong></span> <span class='ocrx_word' id='word_1_398' title='bbox 916 3923 1040 3977; x_wconf 70' lang='lat' dir='ltr'><strong>mest.-</strong></span> <span class='ocrx_word' id='word_1_399' title='bbox 1058 3919 1082 3965; x_wconf 90' lang='lat' dir='ltr'><strong>ld</strong></span> <span class='ocrx_word' id='word_1_400' title='bbox 1099 3926 1142 3974; x_wconf 80' lang='lat' dir='ltr'><strong>eet,</strong></span> <span class='ocrx_word' id='word_1_401' title='bbox 1160 3919 1244 3964; x_wconf 84' lang='lat' dir='ltr'><strong>darent</strong></span> <span class='ocrx_word' id='word_1_402' title='bbox 1258 3919 1303 3964; x_wconf 79' lang='lat' dir='ltr'><strong>albi</strong></span> <span class='ocrx_word' id='word_1_403' title='bbox 1322 3919 1398 3964; x_wconf 88' lang='lat' dir='ltr'><strong>locum</strong></span> 
     </span>
     <span class='ocr_line' id='line_1_44' title="bbox 177 3979 1398 4044; baseline -0.005 -12"><span class='ocrx_word' id='word_1_404' title='bbox 177 3984 209 4038; x_wconf 76' lang='lat'><strong>78</strong></span> <span class='ocrx_word' id='word_1_405' title='bbox 233 3985 286 4030; x_wconf 77' lang='lat' dir='ltr'><strong>Deo</strong></span> <span class='ocrx_word' id='word_1_406' title='bbox 300 3979 385 4044; x_wconf 75' lang='lat' dir='ltr'><strong>pondo]</strong></span> <span class='ocrx_word' id='word_1_407' title='bbox 403 3983 450 4034; x_wconf 74' lang='lat' dir='ltr'><strong>Qui</strong></span> <span class='ocrx_word' id='word_1_408' title='bbox 469 3991 516 4028; x_wconf 78' lang='lat' dir='ltr'><strong>tres</strong></span> <span class='ocrx_word' id='word_1_409' title='bbox 531 3995 619 4028; x_wconf 83' lang='lat' dir='ltr'><strong>marcar</strong></span> <span class='ocrx_word' id='word_1_410' title='bbox 636 3987 759 4039; x_wconf 76' lang='lat' dir='ltr'><strong>nostrates,</strong></span> <span class='ocrx_word' id='word_1_411' title='bbox 789 3981 898 4026; x_wconf 78' lang='lat' dir='ltr'><strong>ineunda·</strong></span> <span class='ocrx_word' id='word_1_412' title='bbox 909 3981 989 4040; x_wconf 69' lang='lat' dir='ltr'><strong>gratie</strong></span> <span class='ocrx_word' id='word_1_413' title='bbox 1008 3983 1071 4042; x_wconf 80' lang='lat' dir='ltr'><strong>apud</strong></span> <span class='ocrx_word' id='word_1_414' title='bbox 1090 3981 1181 4036; x_wconf 77' lang='lat' dir='ltr'><strong>Persea,</strong></span> <span class='ocrx_word' id='word_1_415' title='bbox 1200 3990 1318 4041; x_wconf 80' lang='lat' dir='ltr'><strong>tamquam</strong></span> <span class='ocrx_word' id='word_1_416' title='bbox 1336 3980 1398 4040; x_wconf 81' lang='lat' dir='ltr'><strong>pecie</strong></span> 
     </span>
     <span class='ocr_line' id='line_1_45' title="bbox 146 4044 1399 4106; baseline -0.004 -11"><span class='ocrx_word' id='word_1_417' title='bbox 146 4049 239 4095; x_wconf 81' lang='lat' dir='ltr'><strong>nnciam</strong></span> <span class='ocrx_word' id='word_1_418' title='bbox 250 4061 322 4093; x_wconf 82' lang='lat' dir='ltr'><strong>unam</strong></span> <span class='ocrx_word' id='word_1_419' title='bbox 334 4047 411 4106; x_wconf 84' lang='lat' dir='ltr'><strong>pondo</strong></span> <span class='ocrx_word' id='word_1_420' title='bbox 428 4045 532 4092; x_wconf 83' lang='lat' dir='ltr'><strong>haberet.</strong></span> <span class='ocrx_word' id='word_1_421' title='bbox 568 4045 669 4096; x_wconf 65' lang='lat' dir='ltr'><strong>Qualem</strong></span> <span class='ocrx_word' id='word_1_422' title='bbox 677 4046 756 4105; x_wconf 71' lang='lat' dir='ltr'><strong>pondo.</strong></span> <span class='ocrx_word' id='word_1_423' title='bbox 790 4044 964 4092; x_wconf 85' lang='lat' dir='ltr'><strong>reconciliatori.</strong></span> <span class='ocrx_word' id='word_1_424' title='bbox 1010 4045 1086 4105; x_wconf 74' lang='lat' dir='ltr'><strong>liujus</strong></span> <span class='ocrx_word' id='word_1_425' title='bbox 1113 4045 1243 4096; x_wconf 75' lang='lat' dir='ltr'><strong>locutionis,</strong></span> <span class='ocrx_word' id='word_1_426' title='bbox 1268 4059 1350 4104; x_wconf 80' lang='lat' dir='ltr'><strong>ponere</strong></span> <span class='ocrx_word' id='word_1_427' title='bbox 1374 4045 1399 4090; x_wconf 77' lang='lat' dir='ltr'><strong>ia</strong></span> 
     </span>
     <span class='ocr_line' id='line_1_46' title="bbox 146 4107 1398 4170; baseline -0.005 -12"><span class='ocrx_word' id='word_1_428' title='bbox 146 4111 192 4158; x_wconf 74' lang='lat' dir='ltr'><strong>Sex</strong></span> <span class='ocrx_word' id='word_1_429' title='bbox 204 4125 300 4166; x_wconf 73' lang='lat' dir='ltr'><strong>mum,</strong></span> <span class='ocrx_word' id='word_1_430' title='bbox 314 4111 393 4156; x_wconf 80' lang='lat' dir='ltr'><strong>uncias</strong></span> <span class='ocrx_word' id='word_1_431' title='bbox 405 4111 471 4156; x_wconf 79' lang='lat' dir='ltr'><strong>dnae.</strong></span> <span class='ocrx_word' id='word_1_432' title='bbox 818 4109 896 4164; x_wconf 61' lang='lat' dir='ltr'><strong>mour,</strong></span> <span class='ocrx_word' id='word_1_433' title='bbox 916 4110 952 4156; x_wconf 84' lang='lat' dir='ltr'><strong>vel</strong></span> <span class='ocrx_word' id='word_1_434' title='bbox 970 4112 993 4156; x_wconf 78' lang='lat' dir='ltr'><strong>in</strong></span> <span class='ocrx_word' id='word_1_435' title='bbox 1010 4112 1097 4170; x_wconf 66' lang='lat' dir='ltr'><strong>praem,</strong></span> <span class='ocrx_word' id='word_1_436' title='bbox 1116 4108 1224 4167; x_wconf 81' lang='lat' dir='ltr'><strong>exempla</strong></span> <span class='ocrx_word' id='word_1_437' title='bbox 1243 4121 1272 4153; x_wconf 85' lang='lat' dir='ltr'><strong>ex</strong></span> <span class='ocrx_word' id='word_1_438' title='bbox 1295 4107 1398 4166; x_wconf 81' lang='lat' dir='ltr'><strong>epistolis</strong></span> 
     </span>
     <span class='ocr_line' id='line_1_47' title="bbox 178 4123 1397 4234; baseline -0.005 -12"><span class='ocrx_word' id='word_1_439' title='bbox 178 4173 210 4230; x_wconf 79' lang='lat'><strong>79</strong></span> <span class='ocrx_word' id='word_1_440' title='bbox 227 4175 465 4234; x_wconf 60' lang='lat' dir='ltr'><strong>&amp;vigintimilien</strong></span> <span class='ocrx_word' id='word_1_441' title='bbox 476 4167 657 4233; x_wconf 68' lang='lat' dir='ltr'><strong>Philippeorum]</strong></span> <span class='ocrx_word' id='word_1_442' title='bbox 681 4169 758 4217; x_wconf 77' lang='lat' dir='ltr'><strong>Aure-</strong></span> <span class='ocrx_word' id='word_1_443' title='bbox 788 4123 1055 4232; x_wconf 66' lang='lat' dir='ltr'><strong>llleeronirhieallegat</strong></span> <span class='ocrx_word' id='word_1_444' title='bbox 1070 4171 1207 4218; x_wconf 77' lang='lat' dir='ltr'><strong>Gronovius.</strong></span> <span class='ocrx_word' id='word_1_445' title='bbox 1241 4169 1322 4216; x_wconf 86' lang='lat' dir='ltr'><strong>Unum</strong></span> <span class='ocrx_word' id='word_1_446' title='bbox 1340 4171 1397 4217; x_wconf 81' lang='lat' dir='ltr'><strong>affe·</strong></span> 
     </span>
     <span class='ocr_line' id='line_1_48' title="bbox 145 4232 1399 4298; baseline -0.002 -14"><span class='ocrx_word' id='word_1_447' title='bbox 145 4253 227 4284; x_wconf 83' lang='lat' dir='ltr'><strong>orum:</strong></span> <span class='ocrx_word' id='word_1_448' title='bbox 240 4237 280 4298; x_wconf 87' lang='lat' dir='ltr'><strong>qul</strong></span> <span class='ocrx_word' id='word_1_449' title='bbox 295 4251 368 4296; x_wconf 85' lang='lat' dir='ltr'><strong>quum</strong></span> <span class='ocrx_word' id='word_1_450' title='bbox 379 4237 464 4296; x_wconf 75' lang='lat' dir='ltr'><strong>singuli</strong></span> <span class='ocrx_word' id='word_1_451' title='bbox 482 4251 549 4298; x_wconf 83' lang='lat' dir='ltr'><strong>parer</strong></span> <span class='ocrx_word' id='word_1_452' title='bbox 560 4243 638 4282; x_wconf 81' lang='lat' dir='ltr'><strong>creent</strong></span> <span class='ocrx_word' id='word_1_453' title='bbox 649 4233 758 4280; x_wconf 85' lang='lat' dir='ltr'><strong>didrach·</strong></span> <span class='ocrx_word' id='word_1_454' title='bbox 789 4249 867 4282; x_wconf 85' lang='lat' dir='ltr'><strong>remur</strong></span> <span class='ocrx_word' id='word_1_455' title='bbox 879 4249 892 4282; x_wconf 85' lang='lat' dir='ltr'><strong>e</strong></span> <span class='ocrx_word' id='word_1_456' title='bbox 904 4235 943 4282; x_wconf 87' lang='lat' dir='ltr'><strong>lib.</strong></span> <span class='ocrx_word' id='word_1_457' title='bbox 955 4235 983 4282; x_wconf 72' lang='lat' dir='ltr'><strong>V,</strong></span> <span class='ocrx_word' id='word_1_458' title='bbox 995 4237 1026 4282; x_wconf 85' lang='lat' dir='ltr'><strong>ad</strong></span> <span class='ocrx_word' id='word_1_459' title='bbox 1036 4235 1086 4282; x_wconf 78' lang='lat' dir='ltr'><strong>Art.</strong></span> <span class='ocrx_word' id='word_1_460' title='bbox 1101 4249 1137 4294; x_wconf 85' lang='lat' dir='ltr'><strong>ep.</strong></span> <span class='ocrx_word' id='word_1_461' title='bbox 1149 4232 1186 4288; x_wconf 87' lang='lat' dir='ltr'><strong>li,</strong></span> <span class='ocrx_word' id='word_1_462' title='bbox 1196 4233 1265 4293; x_wconf 69' lang='lat' dir='ltr'><strong>Apud</strong></span> <span class='ocrx_word' id='word_1_463' title='bbox 1279 4233 1399 4282; x_wconf 73' lang='lat' dir='ltr'><strong>raom</strong></span> 
     </span>
     <span class='ocr_line' id='line_1_49' title="bbox 145 4297 1398 4362; baseline -0.003 -14"><span class='ocrx_word' id='word_1_464' title='bbox 145 4316 193 4358; x_wconf 87' lang='lat' dir='ltr'><strong>mo,</strong></span> <span class='ocrx_word' id='word_1_465' title='bbox 204 4301 309 4362; x_wconf 81' lang='lat' dir='ltr'><strong>seqnitur</strong></span> <span class='ocrx_word' id='word_1_466' title='bbox 323 4301 406 4360; x_wconf 79' lang='lat' dir='ltr'><strong>viginti</strong></span> <span class='ocrx_word' id='word_1_467' title='bbox 417 4300 491 4347; x_wconf 83' lang='lat' dir='ltr'><strong>millia</strong></span> <span class='ocrx_word' id='word_1_468' title='bbox 507 4313 656 4346; x_wconf 83' lang='lat' dir='ltr'><strong>nummorum</strong></span> <span class='ocrx_word' id='word_1_469' title='bbox 668 4297 757 4358; x_wconf 82' lang='lat' dir='ltr'><strong>Philip·</strong></span> <span class='ocrx_word' id='word_1_470' title='bbox 789 4305 811 4345; x_wconf 70' lang='grc' dir='ltr'><strong>ιι</strong></span> <span class='ocrx_word' id='word_1_471' title='bbox 829 4301 853 4346; x_wconf 79' lang='lat' dir='ltr'><strong>in</strong></span> <span class='ocrx_word' id='word_1_472' title='bbox 870 4303 968 4346; x_wconf 74' lang='lat' dir='ltr'><strong>marim</strong></span> <span class='ocrx_word' id='word_1_473' title='bbox 980 4301 1059 4362; x_wconf 80' lang='lat' dir='ltr'><strong>gratia</strong></span> <span class='ocrx_word' id='word_1_474' title='bbox 1072 4299 1144 4358; x_wconf 80' lang='lat' dir='ltr'><strong>porei.</strong></span> <span class='ocrx_word' id='word_1_475' title='bbox 1178 4297 1239 4351; x_wconf 76' lang='lat' dir='ltr'><strong>Feri,</strong></span> <span class='ocrx_word' id='word_1_476' title='bbox 1251 4305 1277 4342; x_wconf 79' lang='lat' dir='ltr'><strong>ui</strong></span> <span class='ocrx_word' id='word_1_477' title='bbox 1289 4311 1398 4358; x_wconf 79' lang='lat' dir='ltr'><strong>magnam</strong></span> 
     </span>
     <span class='ocr_line' id='line_1_50' title="bbox 147 4360 1398 4424; baseline -0.002 -13"><span class='ocrx_word' id='word_1_478' title='bbox 147 4379 244 4424; x_wconf 73' lang='lat' dir='ltr'><strong>prorum</strong></span> <span class='ocrx_word' id='word_1_479' title='bbox 262 4365 338 4410; x_wconf 78' lang='lat' dir='ltr'><strong>redire</strong></span> <span class='ocrx_word' id='word_1_480' title='bbox 349 4364 379 4410; x_wconf 79' lang='lat' dir='ltr'><strong>ad</strong></span> <span class='ocrx_word' id='word_1_481' title='bbox 391 4363 438 4410; x_wconf 79' lang='grc'><strong>400</strong></span> <span class='ocrx_word' id='word_1_482' title='bbox 455 4363 525 4410; x_wconf 81' lang='lat' dir='ltr'><strong>libras</strong></span> <span class='ocrx_word' id='word_1_483' title='bbox 537 4363 654 4409; x_wconf 78' lang='lat' dir='ltr'><strong>Romanae</strong></span> <span class='ocrx_word' id='word_1_484' title='bbox 669 4361 755 4422; x_wconf 85' lang='lat' dir='ltr'><strong>pondo,</strong></span> <span class='ocrx_word' id='word_1_485' title='bbox 788 4363 830 4408; x_wconf 78' lang='lat' dir='ltr'><strong>ribi</strong></span> <span class='ocrx_word' id='word_1_486' title='bbox 841 4363 939 4422; x_wconf 79' lang='lat' dir='ltr'><strong>gratiam</strong></span> <span class='ocrx_word' id='word_1_487' title='bbox 951 4363 1046 4410; x_wconf 78' lang='lat' dir='ltr'><strong>liaberet</strong></span> <span class='ocrx_word' id='word_1_488' title='bbox 1065 4361 1141 4414; x_wconf 81' lang='lat' dir='ltr'><strong>Patro,</strong></span> <span class='ocrx_word' id='word_1_489' title='bbox 1158 4360 1303 4406; x_wconf 75' lang='lat' dir='ltr'><strong>ostendendo</strong></span> <span class='ocrx_word' id='word_1_490' title='bbox 1320 4361 1350 4416; x_wconf 84' lang='lat' dir='ltr'><strong>ai,</strong></span> <span class='ocrx_word' id='word_1_491' title='bbox 1367 4371 1398 4417; x_wconf 82' lang='lat' dir='ltr'><strong>te.</strong></span> 
     </span>
     <span class='ocr_line' id='line_1_51' title="bbox 146 4421 1398 4487; baseline -0.002 -13"><span class='ocrx_word' id='word_1_492' title='bbox 146 4435 360 4476; x_wconf 71' lang='lat' dir='ltr'><strong>marocenoatratea</strong></span> <span class='ocrx_word' id='word_1_493' title='bbox 371 4427 426 4474; x_wconf 73' lang='lat'><strong>626.</strong></span> <span class='ocrx_word' id='word_1_494' title='bbox 460 4427 564 4473; x_wconf 85' lang='lat' dir='ltr'><strong>lmmane</strong></span> <span class='ocrx_word' id='word_1_495' title='bbox 579 4425 681 4487; x_wconf 83' lang='lat' dir='ltr'><strong>proiecto</strong></span> <span class='ocrx_word' id='word_1_496' title='bbox 697 4439 755 4484; x_wconf 85' lang='lat' dir='ltr'><strong>pon·</strong></span> <span class='ocrx_word' id='word_1_497' title='bbox 788 4427 850 4486; x_wconf 82' lang='lat' dir='ltr'><strong>quod</strong></span> <span class='ocrx_word' id='word_1_498' title='bbox 870 4426 993 4480; x_wconf 79' lang='lat' dir='ltr'><strong>desiderat,</strong></span> <span class='ocrx_word' id='word_1_499' title='bbox 1009 4425 1033 4472; x_wconf 87' lang='lat' dir='ltr'><strong>id</strong></span> <span class='ocrx_word' id='word_1_500' title='bbox 1050 4423 1108 4470; x_wconf 80' lang='lat' dir='ltr'><strong>milri</strong></span> <span class='ocrx_word' id='word_1_501' title='bbox 1120 4421 1270 4471; x_wconf 81' lang='lat' dir='ltr'><strong>vehementer</strong></span> <span class='ocrx_word' id='word_1_502' title='bbox 1280 4438 1398 4472; x_wconf 81' lang='lat' dir='ltr'><strong>commen·</strong></span> 
     </span>
     <span class='ocr_line' id='line_1_52' title="bbox 146 4489 862 4550; baseline -0.004 -12"><span class='ocrx_word' id='word_1_503' title='bbox 146 4493 198 4548; x_wconf 84' lang='lat' dir='ltr'><strong>rius,</strong></span> <span class='ocrx_word' id='word_1_504' title='bbox 210 4493 300 4540; x_wconf 79' lang='lat' dir='ltr'><strong>etiamsi</strong></span> <span class='ocrx_word' id='word_1_505' title='bbox 319 4491 454 4538; x_wconf 63' lang='lat' dir='ltr'><strong>devehatur</strong></span> <span class='ocrx_word' id='word_1_506' title='bbox 468 4505 551 4538; x_wconf 78' lang='lat' dir='ltr'><strong>manns</strong></span> <span class='ocrx_word' id='word_1_507' title='bbox 568 4491 675 4550; x_wconf 82' lang='lat' dir='ltr'><strong>pretium</strong></span> <span class='ocrx_word' id='word_1_508' title='bbox 710 4489 756 4535; x_wconf 82' lang='lat' dir='ltr'><strong>Sed</strong></span> <span class='ocrx_word' id='word_1_509' title='bbox 787 4489 862 4536; x_wconf 76' lang='lat' dir='ltr'><strong>duae.</strong></span> 
     </span>
    </p>
   </div>
   <div class='ocr_carea' id='block_1_5' title="bbox 0 0 1554 4958">
    <p class='ocr_par' dir='ltr' id='par_1_6' title="bbox 0 0 1554 4958">
     <span class='ocr_line' id='line_1_53' title="bbox 0 0 1554 4958; baseline 0 2"><span class='ocrx_word' id='word_1_510' title='bbox 0 0 1554 4958; x_wconf 95' lang='lat' dir='ltr'><strong> </strong></span> 
     </span>
    </p>
   </div>
  </div>
 </body>
</html>
