3108 4982
466 337 553 402 LIB.
579 337 653 403 XL.
682 337 778 404 CAP.
802 337 917 406 xxlr.

1299 345 1360 410 265

100 490 291 578 pertineret,
317 487 400 550 inter
423 484 603 570 conjuratos
628 485 662 548 in
684 483 789 550 fratris
816 487 986 572 perniciem
1011 488 1132 554 habuit.
1164 489 1198 554 in
1212 501 1344 558 Μαι.

105 574 279 674 prasentia
292 573 349 636 dat
365 569 395 634 ei
420 569 578 647 mandata,
592 577 630 632 ut
643 591 701 655 per
714 591 807 634 omne
822 571 1009 670 obsequium
1024 573 1199 638 insinuaret
1211 567 1276 614 Μ·
1290 565 1344 616 ¹⁸¹·

99 683 142 724 se
155 679 302 756 mquam
316 654 453 752 maxime
465 653 649 752 familiarem
665 675 769 733 usum,
781 663 819 718 ut
832 655 942 720 elicere
954 657 1061 755 omnia
1073 679 1195 757 arcana,

106 739 668 906 &irrugierunt
740 747 868 888 ,atti
875 741 1196 910 {siddim

110 995 118 1010 .
152 911 267 1010 Xiill.
295 907 475 1056 Ρὴὶὲίὶιριιε,
499 905 670 970 Maedicam
693 906 842 992 primum,
870 909 984 972 deinde
1007 909 1193 1010 solitudines

109 1001 329 1080 interjacentes
391 991 499 1054 aedrcoe
531 999 626 1074 atque
652 991 767 1055 Haemo
799 999 1024 1077 transgressus,
1049 1003 1192 1080 septimis

108 1080 237 1142 demum
250 1076 363 1142 castris
377 1075 418 1138 ad
431 1075 551 1138 radices
565 1075 683 1138 montis
697 1077 850 1160 pervenit.
870 1077 915 1140 ibi
929 1099 1029 1140 unum
1050 1087 1192 1143 moratus

108 1163 191 1262 diem
204 1163 246 1226 ad
260 1160 455 1307 deiiffindoa,
469 1179 550 1258 quos
572 1159 841 1260 duceretusecum,
856 1159 879 1196 '⁶
888 1162 981 1260 tertio
998 1161 1048 1260 die
1062 1163 1122 1226 iter
1142 1173 1192 1228 est

107 1268 281 1332 ingressus.
365 1244 474 1308 odrcus
487 1263 591 1328 prrmo
605 1243 740 1307 laborm
758 1265 830 1307 mus
844 1244 977 1308 colhbus
991 1245 1061 1309 t'mt
1091 1269 1192 1332 quan·

107 1331 227 1478 imi?
247 1327 1192 1480 appplggqffipafflfflgqq

108 1437 196 1596 mair
210 1435 345 1596 (ibicum
368 1496 437 1576 iter,
450 1501 498 1575 ut,
512 1517 579 1582 prae
593 1433 749 1596 diucitate
762 1497 911 1560 arborum
925 1497 1191 1584 inmissorumque

109 1583 243 1646 aliorum
257 1603 291 1645 m
303 1581 379 1646 ahos
391 1601 562 1660 ramorum,
576 1602 713 1666 perspici
724 1581 839 1645 coelum
854 1581 906 1645 vix
921 1590 1045 1668 posset:
1067 1591 1105 1647 ut
1117 1605 1191 1648 vero

103 1667 195 1766 jugis
208 1665 515 1752 adpropinquabant,
529 1667 617 1749 quod
637 1687 744 1730 rarum
765 1665 799 1730 in
820 1665 888 1730 aliis
909 1667 986 1730 locis
1007 1669 1191 1768 esseqadeo

107 1771 215 1850 omma
229 1759 373 1814 contoeta
386 1749 513 1848 nebula,
527 1757 565 1813 ut
579 1750 665 1848 haud
680 1769 771 1814 secus
785 1771 881 1850 quam
902 1759 1059 1816 nocturno
1079 1761 1191 1817 sunere

106 1857 139 1934 m
248 1843 334 1899 ntur.
363 1841 456 1898 tertio
471 1835 600 1898 demum
612 1835 664 1934 dre
678 1835 877 1899 advertrcem
891 1845 1088 1921 perventum.
1132 1837 1191 1901 Ni-

106 1919 1191 2089 3¹0ffiffiiitdffibiditifflbfflffi

107 2089 221 2187 maria,
228 2097 428 2173 montesque,
442 2096 475 2151 et
488 2109 607 2168 amnes,
620 2109 659 2152 ex
679 2109 744 2152 uno
765 2089 836 2153 loco
855 2089 995 2187 conspici
1017 2091 1189 2174 potuerint.

106 2173 224 2270 Yexatr
238 2193 358 2270 omnes,
372 2181 405 2236 et
418 2181 492 2236 ante
514 2173 592 2236 alios
615 2193 671 2236 rex
685 2173 763 2272 ipse,
779 2193 842 2272 quo
856 2193 980 2270 gravior
1000 2182 1093 2272 astate
1114 2181 1191 2272 erat,

106 2257 295 2320 difficultate
319 2277 378 2322 vroe
404 2266 463 2322 est.
506 2257 642 2321 Duabus
663 2277 724 2320 ans
749 2257 794 2321 rbi
819 2257 893 2321 Jovr
917 2265 949 2319 et
974 2257 1040 2320 Solr
1063 2265 1192 2320 sacratas

106 2363 208 2426 quum
223 2341 414 2421 inmolasset,
427 2363 491 2426 qua
505 2342 611 2406 triduo
632 2341 846 2420 adscenderat,
861 2340 959 2404 biduo
973 2349 1022 2404 est
1035 2339 1056 2374 '⁸
1066 2341 1193 2425 degres-

107 2447 172 2506 sus,
226 2426 233 2441 '
276 2447 313 2490 ra
337 2435 493 2491 noctmna
512 2426 648 2491 maxime
671 2433 826 2504 metuens,
851 2447 924 2510 quae
946 2425 1096 2489 caniculae
1120 2433 1193 2489 ortu

107 2511 222 2610 similia
256 2511 432 2612 ramalibus
453 2519 552 2610 erant.
582 2511 692 2610 multis
714 2531 772 2610 per
790 2531 845 2610 eqs
868 2510 935 2610 dies
952 2509 1192 2610 difficultatibus

106 2596 328 2764 &iffi
344 2596 445 2744 tit
461 2596 599 2766 3533,
617 2593 1193 2765 tractatuum:

106 2764 298 2830 clauderent.
355 2765 468 2850 ltaque
495 2787 597 2828 unum
626 2773 752 2829 tantum
779 2773 922 2829 moratus
956 2764 1050 2845 diam,
1078 2765 1193 2850 quietis

107 2871 218 2948 eorum
233 2869 353 2928 caussa,
368 2871 449 2934 quos
462 2849 615 2948 habuerat
634 2871 752 2950 secqm,
765 2850 877 2913 itinere
899 2850 973 2914 inde
995 2849 1089 2913 simili
1108 2851 1194 2948 fugoe

105 2935 207 3082 1¹:23²
208 2935 593 3083 biiiwffliiidss
615 2935 710 3082 tr?
720 2934 1194 3081 attributes?

104 3103 259 3202 reprenso
288 3041 373 3167 enin
402 3103 520 3189 passm
541 3103 632 3167 vus
661 3102 811 3188 prmum,
828 3101 902 3166 dein
927 3038 1087 3200 ⁸(inissem
1106 3063 1194 3165 vicos'

105 3197 202 3252 etiam
217 3196 408 3267 evastarunt,
423 3209 488 3287 non
508 3188 574 3251 sine
593 3209 710 3274 magno
727 3187 849 3286 pudore
870 3207 964 3271 regis,
989 3207 1090 3270 quum
1114 3187 1194 3249 soci·

105 3293 199 3370 orum
231 3295 335 3351 voces,
364 3274 578 3372 nequidquam
612 3274 715 3372 Deos·
734 3271 864 3336 sociales
890 3293 1005 3370 nomen
1028 3293 1069 3335 ue
1098 3291 1194 3371 suum

105 3357 1193 3542 ἕίἕὲῗᾚίἰῗζιιῗῗξὲῗωωέἔμέἧὲιιῖἷῆἐὲψῗᾝ

105 3527 247 3590 adortus.
268 3547 337 3612 ipse
351 3548 370 3590 a
384 3527 552 3613 campestri
565 3527 653 3591 adrtu
664 3535 766 3591 castra
779 3527 896 3613 posuit
931 3529 1081 3591 Perseum
1091 3526 1194 3590 fihum

105 3631 181 3674 cum
195 3611 321 3676 modica
335 3633 432 3676 manu
447 3611 663 3690 circummisit,
677 3620 715 3675 ut
729 3633 747 3675 a
760 3611 975 3697 superioribus
989 3611 1065 3674 locis
1081 3610 1194 3674 urbem

105 3695 340 3779 adgrederetur.
384 3696 558 3782 Oppidani,
573 3717 673 3844 qpum
687 3703 788 3760 terror
800 3695 942 3793 undique
956 3695 1098 3774 instaret,
1109 3694 1196 3759 obsi·
1297 3747 1303 3759 .

105 3779 202 3845 dibus
226 3781 318 3860 datis,
332 3779 366 3846 in
388 3781 557 3866 praesentia
617 3779 766 3845 diderunt
787 3801 864 3844 sese.
896 3779 1002 3859 sidem,
1021 3787 1191 3865 postquam

317 3921 331 3959 a
340 3917 411 3975 possis
423 3913 495 3962 Gran.
506 3915 573 3961 Cres.
765 3919 834 3960 'tom
845 3913 891 3960 del.
900 3913 975 3960 Grau.

394 3982 404 4012 ¹
414 3979 562 4026 Dentheletos
573 3977 647 4026 Grou.
667 3977 815 4026 Dentheletos
826 3977 893 4024 cres.

137 4091 171 4146 76
190 4091 267 4138 rma
288 4092 325 4138 ds'e
344 4093 389 4139 s'tsr
410 4098 444 4138 est
469 4085 598 4152 ingessus]
628 4087 716 4144 Tertio,
749 4088 1164 4150 qucsdstipulstusestsiDujstius.

105 4163 230 4214 postquam
249 4157 279 4200 ad
299 4157 388 4202 radices
407 4156 493 4200 montis
513 4159 658 4214 pervenerat,
671 4153 716 4200 die.
781 4149 1026 4213 771stnssopacrssr]
1045 4153 1185 4199 addidimus
1193 4149 1298 4196 voculam
1310 4151 1356 4194 tass

105 4219 198 4265 Primus
210 4227 349 4265 numeratur
360 4220 379 4265 is
391 4219 441 4278 ipre
459 4219 508 4264 dies
520 4231 567 4278 quo
578 4225 717 4278 perventum
750 4231 778 4263 ex
790 4217 927 4264 auctoritate
939 4217 998 4264 vict.
1010 4215 1104 4272 codicis,
1121 4223 1145 4261 et
1166 4213 1233 4260 MSS.
1252 4210 1357 4257 iissruio

103 4292 139 4328 est
163 4283 193 4328 sd
215 4291 326 4328 montem.
367 4283 496 4338 Secundus,
519 4282 538 4327 is
563 4295 609 4341 quc
632 4281 718 4326 mansit
750 4281 1069 4338 inspectorummtdndren.

102 4347 188 4392 eodem
211 4346 262 4392 loco
286 4345 407 4406 Phiiippus
434 4347 465 4391 sd
492 4341 629 4404 deligendos
657 4357 716 4404 quos
781 4343 812 4398 78
828 4341 966 4406 Drgressss]
985 4339 1134 4390 Solennebic
1152 4345 1175 4386 et
1193 4335 1356 4398 pemrlgarurn

102 4425 183 4456 secum
195 4411 299 4456 duceret.
334 4410 422 4466 Tertio,
434 4409 479 4455 iter
494 4409 624 4455 inchoatur.
660 4407 717 4453 Hac
748 4407 861 4454 mendum
873 4409 944 4455 libros
956 4407 1081 4461 insederat,
1093 4405 1215 4465 dipem
1248 4399 1356 4448 Correxit

103 4475 157 4520 ideo
174 4473 282 4534 pluribus
300 4473 439 4527 notavimus,
453 4473 508 4531 quis
524 4472 632 4531 Sigonius
653 4471 716 4516 bunc
750 4471 868 4532 Sigonius.

102 4539 180 4583 iocum
193 4547 286 4584 mutare
299 4537 380 4595 soluit,
392 4545 415 4584 et
428 4537 505 4595 tegere
518 4543 608 4596 postero
618 4537 672 4581 dis:
692 4535 717 4580 in
