3118 5002
447 304 534 368 LlB.
556 303 667 368 XLll.
698 303 793 370 CAP.
817 306 925 372 LVII.
1328 319 1390 384 3⁷5

136 453 312 518 abstractos
325 450 520 538 deprehendi
531 451 691 514 Romanos
700 472 803 536 posse.
826 452 916 518 Quos
926 475 1026 538 quum
1037 475 1074 518 eo
1085 457 1227 524 tumultu
1241 479 1272 527 ιι.
1282 481 1308 528 c.
1319 481 1373 530 aar.

137 537 217 600 nihil
230 545 335 600 motos
356 535 636 613 animadvertisset,
657 534 678 567 ¹⁹
688 537 828 620 praedam
852 537 991 621 quidem,
1015 547 1225 624 praeterquam
1239 543 1267 590 A.
1280 545 1306 591 ⁰·
1320 545 1372 602 171.

137 621 314 698 bominum,
332 621 458 706 (pecora
474 627 580 682 autem
601 640 735 682 maxime
750 621 852 684 omnis
867 622 990 706 generis
1003 623 1101 706 farere)
1119 625 1225 690 divisit

136 706 178 768 ad
192 705 387 852 equlandum
402 703 565 766 militibus.

180 789 210 852 L
242 790 288 854 ll.
311 789 379 853 Sub
399 787 484 852 idem
498 787 611 850 deinde
625 795 752 872 tempus
767 789 933 852 consilium
949 797 981 852 et
996 791 1107 855 consul
1121 802 1153 856 et
1168 815 1223 858 rex
1236 802 1332 850 Peneo·
1343 805 1369 851 in

136 873 326 952 babuerunt,
340 873 425 936 unde
438 871 557 936 bellum
572 871 759 935 ordirentur.
789 871 911 958 ”Regis
926 884 1110 939 creverunt·
1125 877 1221 942 animi
1234 867 1353 974 popano·

134 957 310 1021 vastatione
323 977 472 1020 concessa
487 955 546 1019 sibi
561 955 601 1018 ab
616 957 706 1020 hoste
722 957 844 1020 Pheraei
858 957 934 1042 agri.
963 959 1070 1044 itaque
1081 963 1221 1026 eundum
1251 941 1306 978 ”⁰¹⁸¹

135 1040 210 1104 inde
224 1041 265 1104 ad
279 1051 390 1119 castra,
406 1062 463 1104 nec
479 1040 618 1104 dandum
631 1040 714 1104 ultra
725 1041 862 1126 spatium
873 1045 1052 1124 cunctandi,
1063 1047 1220 1112 censebat.

136 1125 182 1188 Et
212 1126 345 1190 Romani
370 1125 551 1202 censebant,
580 1125 813 1188 cunctationem
842 1148 931 1190 suam
961 1127 1110 1193 infamem
1133 1133 1220 1216 apud

137 1209 239 1272 socios
254 1231 332 1288 esse,
349 1209 486 1272 maximo
528 1230 560 1272 re
579 1209 708 1294 indigne
722 1209 867 1289 serentes,
889 1234 954 1276 non
969 1213 1064 1276 latam
1081 1215 1219 1280 Pheraeis

135 1314 238 1378 opem.
282 1293 484 1358 Consultanti
507 1314 556 1371 us,
571 1293 649 1377 quid
663 1303 802 1379 agerent,
819 1295 960 1376 (aderant
975 1307 1080 1362 autem
1101 1299 1220 1364 Eume·

135 1397 192 1440 nes
218 1387 251 1440 et
271 1378 399 1441 Attalus
421 1377 454 1440 in
476 1377 617 1460 consilio)
642 1379 785 1475 trepidus
808 1381 945 1444 nuncius
965 1383 1075 1462 adfert,
1095 1383 1219 1449 bostem

134 1483 252 1545 magno
275 1461 398 1545 agmine
419 1462 538 1526 adesse.
582 1461 723 1526 Consibo
747 1463 887 1543 dimisso,
911 1465 1038 1550 signum
1061 1477 1164 1531 extem
1187 1469 1218 1532 lo

130 1545 240 1634 datur,
265 1554 302 1608 ut
324 1567 410 1610 arma
431 1545 566 1630 capiant.
611 1546 742 1610 Interim
765 1548 878 1631 placet,
907 1571 946 1612 ex
973 1571 1006 1614 re
1030 1551 1066 1614 'is
1094 1491 1218 1616 acribia

133 1637 264 1692 centum
274 1631 393 1714 equites
408 1639 440 1694 et
453 1651 561 1715 parem
573 1632 956 1716 numerumjaculatorum
990 1657 1007 1698 e
1032 1635 1111 1698 'tum
1124 1635 1218 1702 exire.

132 1711 153 1746 ’¹
168 1713 299 1778 Perseus
328 1717 406 1780 hora
432 1715 529 1778 ferme
555 1714 616 1778 diei
641 1725 762 1798 quarta,
784 1738 884 1800 quum
908 1740 950 1802 pa
984 1719 1015 1782 lo
1039 1719 1112 1804 plus
1132 1721 1217 1784 mille

132 1819 246 1897 passus
268 1799 392 1864 abesset
415 1821 434 1862 a
455 1799 565 1863 castris
587 1799 748 1878 Romanis,
771 1801 940 1866 consistere
959 1803 1049 1887 signa
1072 1803 1217 1888 peditum

126 1885 234 1968 jussit.
268 1883 290 1916 '¹
299 1905 492 1970 praegressus
507 1883 575 1968 ipse
588 1905 662 1946 cum
676 1885 835 1968 equitibus
857 1907 893 1950 ac
915 1886 976 1950 levi
996 1897 1163 1968 mmatura,
1179 1895 1217 1952 'et

133 1967 233 2053 Cotys
255 1989 329 2032 cum
352 1991 389 2032 eo
412 1969 570 2052 ducesque
599 1967 731 2032 aliorum
761 1969 948 2034 aurdliorum
976 1983 1216 2055 precesserunt.

132 2051 245 2116 Minus
269 2054 346 2137 quin
387 2061 460 2116 ntos
486 2073 598 2137 passus
619 2051 659 2116 ab
682 2053 792 2116 castris
815 2054 954 2134 aberant,
976 2077 1075 2138 quum
1092 2057 1125 2120 in
1141 2079 1216 2120 con-

132 2158 148 2200 s
189 2145 244 2200 ctu
259 2137 344 2200 fuere
379 2137 496 2200 ostium
509 2137 650 2221 equites:
674 2137 746 2200 duae
760 2137 818 2200 alae
832 2145 922 2202 erant
936 2159 1051 2223 magna
1068 2161 1106 2202 ex
1127 2149 1216 2225 parte

166 2221 309 2299 allorum,
334 2221 551 2306 (Cassignatus
573 2225 717 2318 praeerat)
741 2229 774 2284 et
796 2221 873 2285 levis
897 2231 1063 2286 armaturae
1087 2233 1216 2288 centum

130 2305 194 2368 sere
208 2313 241 2368 et
256 2305 485 2391 quinquaginta
500 2306 589 2389 Mysi
607 2313 663 2368 aut
684 2304 862 2368 Cretenses.
907 2305 1061 2370 Constitit
1078 2329 1144 2385 rex,
1166 2308 1215 2370 in-

130 2398 236 2454 certus
250 2399 406 2474 quantum
421 2399 504 2454 esset
517 2388 667 2454 hostium.
704 2389 794 2452 Duas
814 2389 888 2452 inde
902 2411 941 2452 ex
956 2390 1080 2474 agmine
1094 2399 1215 2454 turmas

130 2473 299 2552 lluaeum,
324 2475 404 2538 duas
428 2473 654 2552 Macedonum,
678 2495 752 2536 cum
775 2473 860 2537 binis
884 2473 1085 2538 Cretensium
1104 2477 1215 2540 cohor-

130 2557 218 2621 tibus
247 2567 278 2622 et
303 2559 473 2638 Thracum,
502 2557 599 2622 misit.
644 2557 805 2637 Proelium,
835 2581 935 2642 quum
962 2580 1053 2643 pares
1082 2581 1214 2624 numero
1229 2565 1343 2638 equestre

130 2651 247 2721 essent,
268 2663 370 2728 neque
383 2643 424 2708 ab
438 2645 498 2706 hac
511 2651 567 2706 aut
581 2641 634 2706 illa
647 2650 737 2727 parte
757 2663 839 2706 nova
862 2641 978 2706 auxilia
1000 2643 1214 2724 subvenirent,
1227 2628 1342 2688 prauum.

129 2725 249 2791 incerta
271 2727 400 2792 victoria
423 2727 550 2791 linitum
574 2735 632 2791 est.
675 2727 830 2790 Eumenis
852 2727 949 2791 ferme
968 2727 1099 2826 triginta
1118 2728 1215 2792 inter-

129 2811 221 2891 secti3
242 2813 326 2876 inter
335 2834 416 2896 quos
431 2811 638 2896 Cassignatus
652 2811 718 2875 dux
734 2811 900 2876 Gallorum
925 2813 1046 2876 cecidit.
1081 2821 1113 2876 et
1137 2822 1214 2877 tunc

129 2895 258 2978 quidem
282 2897 414 2960 Perseus
439 2896 480 2960 ad
509 2895 678 2994 Sycurium
706 2895 812 3042 coquas
841 2895 975 2959 reduxit.
1012 2905 1139 2980 postero
1164 2897 1214 2960 die

129 2979 212 3044 circa
234 2981 375 3044 eamdem
397 2982 507 3044 horam
527 3003 561 3043 ιιι
581 2980 728 3042 eumdem
760 3001 853 3042 ocum
873 3001 928 3042 rex
944 2979 1051 3064 copias
1064 2980 1214 3060 admovit,

128 3063 279 3148 plaustris
293 3087 367 3128 cum
381 3087 463 3149 aqua
477 3063 692 3147 sequentibus.
724 3083 798 3126 nam
813 3061 979 3126 duodecim
993 3063 1127 3126 millium
1165 3085 1215 3126 as-

129 3169 225 3212 suum
238 3149 290 3213 via
311 3149 414 3214 omnis
434 3149 501 3212 sine
526 3169 618 3232 aqua,
640 3155 672 3210 et
694 3145 823 3233 plurimi
843 3145 981 3232 pulveris
1007 3155 1089 3210 erat:
1166 3169 1216 3210 ec-

129 3239 242 3317 tosque
256 3233 318 3312 siti,
340 3233 368 3298 si
380 3231 571 3320 ”primoin
594 3239 767 3316 conspectu
786 3231 997 3309 dimicassent,
1017 3239 1215 3316 pugnaturos

129 3315 227 3381 fraisse
240 3318 280 3380 ad
303 3318 419 3382 arebat.
456 3317 566 3384 Quum
582 3315 717 3380 Romani
731 3316 903 3400 quiessent,
915 3315 1105 3380 stationibus
1119 3315 1215 3380 etiam

128 3399 245 3464 intrav
287 3423 342 3466 um
366 3400 514 3479 reductis,
532 3399 610 3486 regii
632 3421 758 3484 quoque
780 3399 814 3464 in
831 3408 933 3464 castra
952 3400 1096 3464 redeunt.
1141 3401 1214 3464 Hoc

128 3505 188 3569 per
206 3485 325 3570 aliquot
346 3486 414 3550 dies
431 3485 584 3563 fecerunt,
604 3493 766 3569 sperantes
787 3483 863 3560 fore,
883 3493 921 3547 ut
941 3483 1077 3548 Romani
1091 3484 1214 3568 equites

129 3567 314 3633 abeuntium
328 3569 536 3634 novissimum
549 3589 662 3652 agmen
674 3567 928 3652 adgrederentur.
957 3568 1031 3632 inde
1044 3568 1213 3632 certamine

130 3661 210 3732 orto,
235 3675 335 3738 quum
357 3653 483 3739 longius
508 3673 527 3716 a
548 3651 660 3715 castris
683 3673 737 3716 eos
764 3651 957 3729 elicuissent,
978 3651 1078 3730 facile,
1101 3651 1214 3716 ubiubi

544 3825 681 3868 'amant
694 3819 772 3866 soka.

160 3971 193 4018 Ν
209 3966 423 4031 Praequatdan]
441 3970 513 4016 Vacat
520 3970 737 4030 particulaqatdeu.
768 3983 877 4032 usqae..
888 3966 1075 4030 precamur]
1093 3969 1243 4017 Manifestum
1255 3976 1379 4017 eatracm

129 4034 262 4080 Gronovius
281 4034 411 4094 auspicatur
428 4033 561 4093 legendum,
578 4033 662 4094 prada
680 4033 739 4094 qaod
769 4033 875 4078 ultimam
887 4045 974 4078 vocem

129 4103 187 4145 aaa
801 4096 833 4143 9³
849 4093 864 4122 ⁶
874 4092 1119 4155 Primtumrpeera]
1137 4095 1220 4142 Statim
1229 4102 1299 4154 atque
1307 4093 1380 4141 boetia

161 4161 194 4207 90
211 4159 280 4220 Regia
297 4167 413 4208 mnas
428 4157 510 4220 aulul]
537 4159 612 4219 blagia
628 4159 737 4219 placeret,
770 4167 906 4218 conspectur
934 4167 993 4206 erat.
1025 4159 1063 4205 Ad
1088 4171 1191 4219 pugnam
1214 4157 1253 4203 dle
1274 4157 1381 4216 proxime

129 4223 190 4284 sega
200 4231 316 4270 mast
326 4225 404 4270 saint.
770 4223 910 4283 praecedenti
922 4221 997 4268 affecti
1008 4223 1046 4268 atti
1058 4220 1210 4276 recinentat
1221 4219 1299 4266 atatim
1310 4227 1381 4280 atque

160 4286 190 4334 al
209 4287 305 4334 Peraeae
319 4283 518 4346 mulomedici
532 4281 627 4346 quarta]
645 4283 739 4344 Adiecit
770 4293 939 4345 conspexerant
964 4285 1053 4331 bostem
1082 4283 1237 4330 diminuant.
1270 4283 1381 4330 ceterum

128 4349 239 4410 Sigonius
250 4364 329 4398 rocam
338 4353 400 4406 tua,
409 4365 461 4409 que
471 4349 592 4396 mmmode
602 4350 682 4395 aberae
694 4361 740 4394 non
772 4363 818 4396 non
831 4349 930 4408 explicat
943 4349 1029 4400 Lirim.
1041 4361 1082 4392 cur
1093 4354 1134 4392 aut
1149 4345 1211 4393 unde
1226 4345 1297 4401 sitim,
1309 4347 1381 4392 inter-

128 4423 228 4473 porerat.
772 4413 910 4466 vallerano,
923 4411 1027 4457 lerarint.

160 4478 193 4524 Μ
209 4477 353 4539 Pramum
369 4479 417 4537 ipra
428 4509 434 4524 .
446 4507 452 4522 .
466 4482 505 4522 ,ει
519 4476 585 4536 Cotye
601 4490 651 4522 can
661 4491 686 4522 ro
697 4477 739 4522 da·
