3070 4962
443 313 768 380 HISTORIARUM
791 315 969 381 LIBROS.

73 485 212 542 Arretium,
225 485 283 532 urbs
301 501 315 533 e
336 485 466 548 praecipuis
487 483 599 539 Etruriae,
616 487 639 542 9,
652 485 691 540 37.

108 553 149 604 22,
162 551 179 598 2
190 558 212 600 el
223 551 245 598 3
258 549 297 605 23,
309 550 442 606 4631,21.
461 548 552 596 laborat
563 548 690 596 seditioni·

109 615 162 670 bus,
178 614 243 668 10,3
261 615 292 660 ab
304 613 403 660 Arretio
414 612 588 676 legati,pacem
601 611 690 660 loedus·

109 693 158 738 que
169 678 200 724 ab
212 677 329 724 Romanis
340 686 460 739 petentes,
472 676 604 749 impetrant
618 675 689 723 iudu-

108 740 522 859 sustinetsustinet
525 751 637 876 himin.
647 741 690 850 οἳ..

109 871 278 929 supplementis.
308 883 323 915 a
347 867 457 915 Bononia
479 867 604 914 Asreuum
628 866 689 914 uiam

109 931 223 993 perducit
234 931 260 978 C.
274 930 415 986 Flaminius,
427 932 497 986 39,2

74 995 197 1050 Arretini,
208 997 231 1049 9,
240 995 278 1042 32
297 994 445 1042 meditantur
456 992 630 1049 delectionemc
647 993 690 1041 sed

110 1068 178 1106 metu
199 1057 351 1106 advenientis
375 1057 487 1106 Marcelli
511 1056 618 1104 consulis
636 1057 689 1118 qui-

110 1132 205 1178 escunt,
218 1122 255 1176 27,
268 1123 306 1169 21.
325 1131 447 1183 coguntur
457 1121 516 1168 dare
527 1121 631 1176 obsides,
648 1122 687 1168 24.

110 1185 210 1246 triginta
221 1184 297 1232 millia
308 1196 439 1242 scutorum,
451 1195 476 1232 et
486 1184 534 1233 slis
544 1183 690 1248 pollicentur

111 1247 228 1311 Scipioni,
239 1249 278 1304 23,
290 1250 329 1296 Ab.

75 1314 108 1367 Q,
122 1311 218 1369 Arrius,
230 1323 325 1374 praetor,
338 1311 404 1375 Epis.
416 1313 455 1360 96.

76 1375 153 1424 Arsia
164 1375 231 1432 silus,
243 1377 266 1430 2,
277 1375 301 1430 7.

75 1440 189 1496 Artatus,
200 1440 277 1487 amnis
288 1439 312 1486 iu
326 1437 446 1492 Penestia,
458 1439 497 1494 43,
510 1437 550 1486 21.

75 1502 233 1560 Artauasdes,
245 1503 368 1550 Armeniae
379 1517 430 1560 rex,
445 1502 508 1565 Epis.
525 1501 576 1550 131.

76 1567 181 1623 Artena,
193 1577 263 1629 capta
275 1576 299 1613 et
310 1565 414 1614 dirutae
428 1565 551 1623 Romanis,
564 1567 586 1622 4,
599 1565 638 1613 61.

77 1631 154 1679 Artes
164 1629 281 1742 pailitsres
300 1645 349 1678 non
368 1631 458 1678 eaedem
477 1639 502 1678 et
519 1628 689 1692 imperatoriae,

111 1696 150 1750 23,
178 1695 201 1742 9.

77 1757 178 1806 Artium
200 1757 338 1805 Graecarum
360 1771 433 1820 opera
464 1755 568 1804 mirandi
592 1754 689 1804 initium

112 1821 176 1884 apud
188 1821 318 1878 Romanos,
330 1823 369 1876 23,
378 1823 418 1868 46.

76 1887 215 1942 Artatarus,
230 1883 335 1946 Illyrius,
353 1883 495 1932 interiectus
506 1897 520 1931 a
533 1881 629 1940 Perseo,
649 1884 689 1940 42,

114 1950 150 1996 13
166 1950 210 1996 oid.
222 1955 245 1996 et
256 1951 294 1996 49.

76 2012 194 2060 Artifices
204 2011 301 2066 sceuiei,
313 2015 336 2069 6,
351 2012 370 2060 1.
383 2014 422 2066 26,
435 2011 473 2058 49.

77 2075 185 2124 Aruerni
197 2075 284 2122 Galliae
298 2075 389 2138 populi,
410 2078 432 2132 6,
444 2077 482 2122 34
501 2073 622 2138 recipiunt
642 2074 689 2122 As-

112 2138 244 2198 drubalcsn,
256 2141 295 2196 27,
307 2141 345 2188 39.

76 2203 181 2260 Arvina,
192 2205 236 2250 old
248 2203 382 2251 Cornelius.

76 2282 111 2315 ex
123 2266 290 2315 Arundinibus
301 2275 374 2314 textae
385 2279 454 2322 casse,
466 2267 505 2319 36,
516 2266 555 2320 27.

76 2334 170 2388 Aruns,
183 2329 330 2378 Lucumonis
340 2329 421 2387 irater,
434 2329 544 2386 moritur,
558 2329 578 2387 1,
586 2329 625 2377 34.
638 2329 691 2390 ejus

113 2394 177 2442 iilius
190 2393 301 2456 Egeriae,
314 2396 358 2441 uid.
372 2393 392 2440 Ε
425 2393 482 2441 rius.

76 2460 164 2506 Aruns
175 2457 329 2519 Tarquinius,
342 2459 386 2504 oid.
420 2455 551 2518 atquinius.

76 2525 173 2578 Aruns,
185 2521 297 2568 Porsenae
309 2520 380 2576 lilius,
392 2523 415 2576 2,
428 2521 465 2569 14.

76 2589 164 2634 Aruns
175 2583 296 2640 Clusinus,
308 2583 386 2631 Gallis
397 2585 447 2631 dux
459 2593 484 2632 et
501 2592 586 2632 auctor
598 2591 635 2632 est
647 2597 689 2645 op·

112 2647 236 2712 pugnandi
249 2647 366 2704 Clusium,
377 2651 401 2702 h,
412 2649 450 2697 33.

77 2713 195 2774 Aruspex
207 2711 333 2768 Etruscus,
349 2711 466 2759 abductus
484 2725 499 2758 a
517 2710 628 2758 Romano
647 2709 692 2757 mi·

112 2776 164 2832 lite,
175 2775 302 2824 adhibetur
322 2775 353 2822 ad
365 2775 432 2822 Deos
447 2774 494 2822 rite
512 2773 651 2838 placandos,
668 2777 692 2831 6,

78 2903 216 2965 Asuspices
235 2917 266 2949 ex
286 2901 384 2950 Etruria
403 2901 481 2958 acciti,
503 2902 543 2958 27,
562 2901 601 2957 37.
619 2915 633 2948 a
653 2900 691 2948 Ti.

115 2967 259 3029 Sempronio
269 2966 382 3022 consulti,
394 2969 432 3021 23,
448 2967 483 3013 16.
502 2980 533 3012 ex
551 2979 634 3013 eorum
653 2979 691 3012 re-

114 3045 204 3092 sponso
214 3029 358 3092 supplicatio
370 3029 466 3087 indicta,
476 3031 517 3084 32,
533 3030 554 3076 1.

77 3095 136 3143 Arx
149 3093 250 3150 Albana,
262 3095 284 3149 7,
296 3097 335 3141 24.

95 3183 131 3193 -
148 3157 254 3214 Artena,
267 3159 290 3216 4,
302 3157 340 3205 61.

96 3246 131 3256 -
148 3221 307 3276 Carventana,
319 3222 342 3276 4,
355 3221 393 3268 63

96 3309 131 3319 -
149 3283 267 3340 Corinthi,
278 3287 316 3340 43,
329 3285 366 3332 23.

95 3373 131 3384 -
149 3345 297 3410 Fregellana,
308 3349 332 3401 9,
344 3348 382 3394 23

94 3437 130 3446 -
148 3411 265 3467 Romana,
280 3411 362 3458 aTito
374 3409 452 3468 Tatio,
465 3408 609 3458 Sabinorum
627 3423 692 3470 rege,

113 3485 231 3537 occupata
242 3473 304 3532 dolo,
319 3476 338 3526 l,
354 3475 389 3522 ll.

94 3564 129 3575 -
147 3537 286 3596 Tarentina,
298 3544 438 3600 oppugnata
456 3536 487 3584 ab
506 3534 635 3592 Annibale,
653 3537 692 3592 26,

116 3603 153 3650 11.
166 3604 210 3648 oid.
223 3601 349 3648 Tarentus

93 3689 131 3701 -
149 3665 292 3721 Veientana,
303 3673 374 3726 capta
384 3661 503 3719 cuniculo,
515 3665 538 3716 ὅ,
551 3663 590 3710 21.

76 3727 212 3782 Ascanius,
226 3727 312 3776 AEneoe
324 3727 394 3782 lilius,
407 3727 458 3774 sive
470 3741 501 3772 err
514 3724 624 3782 Lavinia,
641 3725 693 3772 sive

113 3806 147 3839 ex
159 3791 250 3839 Credas
267 3801 345 3848 uatus,
366 3790 454 3838 Albam
475 3790 584 3852 Longam
603 3788 693 3846 caudit,

116 3856 233 3910 31913

77 3917 278 3980 Asclepiodotus,
296 3917 425 3980 praelectus
443 3923 590 3964 arruutosum
610 3914 693 3962 Gallo·

747 493 828 547 auget,
839 489 878 543 22,
892 487 913 534 1.
931 486 958 534 in
979 486 1129 536 Lusitaniam
1149 488 1267 543 concedit,
1290 491 1329 548 22,

747 550 785 596 21.
800 551 900 610 Jubatur
920 549 946 597 in
966 551 1062 599 ltaliam
1079 553 1214 600 exercitum
1231 555 1328 612 ducere,

746 614 832 668 2327.
850 613 977 661 sincitura
987 614 1149 676 Scipionibus,
1161 618 1198 664 29.
1217 615 1328 679 ingentes

746 676 830 738 copias
854 677 1022 740 Hispanorum
1041 678 1127 735 fundit,
1147 680 1186 735 24,
1205 680 1243 726 41.
1262 679 1328 729 delet

747 739 869 787 exercitus
881 741 1002 802 ducesque
1022 741 1144 790 Romanos
1157 743 1182 790 in
1196 743 1326 806 Hispania,

746 805 785 860 23,
795 805 834 852 32.
846 804 884 851 33
902 803 965 850 ludit
974 803 1106 862 Naronem,
1114 807 1153 862 26,
1166 805 1202 861 17.
1221 807 1327 854 vincitur

746 867 899 929 aScipicne,
923 869 961 924 27,
984 869 1019 915 ltt
1043 869 1079 916 19.
1103 869 1278 931 transgreditur
1300 871 1326 918 in

747 929 858 986 Galliam,
882 931 920 979 36.
950 932 1037 978 mansit
1059 932 1142 994 Alpes,
1165 935 1204 982 39.
1232 933 1327 981 obsidat

747 992 903 1050 Placentiam,
914 1003 940 1041 et
951 995 1112 1052 obsecutast
1130 995 1192 1043 mira
1203 997 1255 1057 ejus
1266 1011 1325 1060 pru·

746 1057 829 1104 dentis
840 1067 865 1104 et
876 1057 981 1114 solertia,
1000 1059 1038 1114 47.
1056 1059 1161 1106 vincitur
1179 1060 1209 1107 ad
1229 1060 1325 1108 Matau-

745 1133 808 1176 rum,
820 1121 858 1178 46,
871 1121 909 1170 43.
927 1137 1039 1184 pugnano
1054 1122 1158 1186 egregie,
1177 1123 1249 1180 cadit,
1268 1126 1324 1171 s'bs'd

746 1185 799 1294 pinales
816 1193 890 1295 abaput
907 1186 1039 1248 projectum
1051 1195 1107 1234 ante
1118 1186 1235 1235 stationes
1246 1187 1325 1235 Anni·

787 1263 812 1304 rs,
856 1282 863 1294 .

714 1310 836 1358 Asdrubal
847 1308 938 1359 Calvus
950 1311 975 1360 in
987 1312 1124 1360 Sardiniam
1136 1312 1232 1370 missus,
1244 1315 1283 1371 23,
1292 1315 1325 1362 32

746 1381 769 1422 et
780 1376 819 1422 34.
838 1374 944 1422 vincitur
955 1385 979 1422 et
990 1375 1093 1439 capitur,
1105 1377 1143 1433 49,
1156 1378 1193 1424 41.

715 1437 964 1500 Asdrubal,Gisgonis
971 1438 1042 1496 lilius,
1050 1439 1135 1487 tertius
1142 1439 1325 1502 Carthaginien·

746 1501 809 1549 sium
820 1503 871 1549 dux
881 1501 907 1550 in
921 1501 1048 1564 Hispania,
1058 1505 1097 1557 24,
1106 1504 1144 1550 41.
1162 1503 1192 1550 ad
1200 1503 1325 1551 Oceanum

746 1565 874 1627 Gadesque
896 1565 1014 1621 concedit,
1037 1567 1076 1622 23,
1099 1567 1119 1614 1.
1142 1581 1198 1614 cum
1219 1566 1325 1628 Magone

746 1627 837 1676 beilum
845 1628 970 1685 instaurat,
985 1630 1020 1676 12.
1037 1643 1052 1676 a
1064 1629 1177 1694 Scipione
1189 1629 1292 1692 lugetur,
1300 1639 1326 1678 et

746 1692 853 1748 caeditur,
867 1693 905 1749 13,
919 1693 955 1740 16.
972 1693 997 1739 su
1016 1693 1034 1740 't
1045 1692 1134 1749 Gades,
1146 1695 1201 1741 s'hs'd
1221 1693 1246 1741 in
1258 1693 1326 1742 Al'si·

746 1771 807 1812 cam,
822 1756 858 1811 17.
892 1756 1005 1804 Asdruba
1033 1765 1058 1803 et
1070 1755 1154 1820 Scipio
1165 1757 1249 1805 eodem
1262 1767 1326 1806 teoto

746 1819 904 1882 recipiuntur,
913 1835 1008 1882 unaque
1016 1829 1121 1877 coenant,
1133 1823 1168 1869 13.
1182 1821 1326 1869 Asdrubalis

746 1883 777 1931 de
789 1882 903 1946 Scipione
918 1883 1046 1944 judicium,
1057 1886 1113 1932 ibid
1131 1886 1184 1946 ejus
1195 1883 1269 1932 liliam
1281 1885 1326 1932 du-

746 1946 780 1994 cit
791 1947 897 2009 Syphax,
918 1949 957 2003 29,
975 1948 1013 1996 23.
1031 1947 1140 2009 ejusdem
1160 1957 1185 1996 et
1207 1947 1326 2011 Syphacis

746 2009 857 2072 ingentes
879 2011 955 2072 copiae
977 2011 1092 2059 adsersus
1115 2011 1263 2075 Scipionem,
1286 2013 1325 2060 36.

747 2087 830 2122 eorum
842 2073 905 2136 luga,
917 2075 957 2130 36,
969 2077 991 2121 5.
1002 2075 1024 2122 6.

716 2136 836 2185 Asdrubal
849 2137 949 2192 Haedus,
960 2137 1027 2200 pacis
1045 2147 1129 2185 auctor
1140 2137 1325 2201 Carthaginien·

747 2199 821 2256 sibus,
832 2201 872 2257 99,
884 2201 922 2248 42
941 2202 992 2262 ejus
1003 2211 1101 2248 scutum
1113 2205 1326 2263 responsum,in

747 2263 876 2312 Annibalis
887 2263 963 2312 risum
976 2264 1002 2312 in
1013 2264 1112 2326 publico
1130 2264 1191 2313 lietu
1208 2265 1326 2330 increpat,

717 2391 744 2439 b.
757 2389 858 2448 Asellio,
870 2393 915 2439 oid
929 2389 1094 2454 Sempronius

717 2456 806 2514 Ascua,
819 2455 876 2503 urbs
886 2455 912 2502 in
926 2454 1055 2518 Hispania,
1067 2456 1106 2512 23,
1115 2456 1154 2510 27.

717 2517 777 2567 Asia
795 2517 907 2576 imbellis,
929 2521 952 2575 9,
974 2519 1010 2568 19.
1027 2519 1166 2568 amaenitate
1185 2518 1283 2567 urbium
1301 2528 1328 2568 et

748 2582 818 2646 copia
829 2582 978 2630 terrestrium
997 2583 1220 2646 maritimarumque
1236 2597 1326 2640 rerum,

748 2646 856 2703 ditiores,
868 2661 940 2708 quam
951 2645 1069 2704 tortiores,
1081 2647 1139 2694 lacit
1150 2647 1279 2703 exercitus,
1287 2649 1327 2702 39,

751 2711 771 2758 1.
805 2709 866 2758 Asis
878 2719 929 2758 tota
947 2710 1029 2758 inania
1040 2711 1105 2774 parit
1116 2711 1222 2774 ingenia,
1236 2713 1275 2766 43,
1288 2713 1326 2758 23

748 2773 774 2822 in
787 2773 871 2822 Asiam
883 2773 1096 2836 transgrediuntur
1108 2775 1220 2832 Romani,
1238 2776 1278 2832 37,
1289 2777 1328 2822 33

748 2837 859 2885 civitates
870 2837 991 2886 multasse
1003 2838 1095 2886 dedunt
1107 2839 1135 2886 L.
1147 2839 1254 2900 Scipioni
1266 2853 1324 2886 con-

748 2899 803 2958 suli,
816 2911 841 2948 et
851 2900 943 2964 legatos
955 2901 1055 2949 mittunt
1066 2902 1177 2958 Romam,
1186 2904 1224 2949 43.

718 2963 801 3012 Asiam
811 2963 875 3012 Galli
888 2964 1029 3026 vectigalem
1041 2965 1139 3021 iaciunt,
1152 2967 1191 3022 33,
1203 2966 1239 3012 ld.

719 3027 828 3084 Asiatici,
841 3027 994 3102 mitissimum
1005 3043 1082 3101 genus
1094 3029 1228 3088 hominum,
1239 3029 1278 3083 33,
1291 3027 1328 3082 17.

645 3095 648 3101 “
719 3091 820 3139 Asiatici
833 3090 912 3138 Graeci
930 3089 1052 3138 levissuma
1070 3101 1127 3138 sunt
1145 3106 1236 3152 genera
1253 3090 1329 3138 homi·

750 3169 816 3211 num,
827 3165 852 3202 et
863 3153 974 3202 servituti
986 3163 1049 3211 usta,
1061 3155 1100 3212 36,
1115 3155 1151 3209 17.

719 3217 841 3267 Asiaticus
860 3216 983 3265 exercitus
1004 3217 1098 3266 iusehit
1115 3217 1200 3264 luxum
1216 3217 1329 3275 Romam,

750 3283 790 3338 33,
801 3282 824 3330 6.

719 3343 842 3393 Asiaticus
862 3343 1046 3407 cognominatur
1068 3345 1096 3392 L.
1116 3344 1206 3406 Scipio,
1232 3346 1271 3402 37,
1289 3346 1329 3394 63.

750 3408 814 3456 idem
827 3417 852 3457 et
863 3407 1004 3470 Asiagcoes,
1015 3410 1055 3466 39,
1066 3411 1106 3457 44.

720 3471 825 3527 Asnaus,
837 3487 913 3528 mons,
925 3473 964 3529 32,
976 3475 999 3520 b.

720 3535 824 3598 Asopus,
835 3534 931 3592 fluvius,
942 3536 982 3592 36,
993 3538 1031 3584 22

721 3598 848 3661 Aspendii,
862 3599 1010 3660 Pamphyliae
1020 3599 1112 3662 populi,
1125 3599 1164 3657 37,
1176 3600 1215 3647 23
1228 3600 1313 3656 33111.

722 3662 789 3774 11ιὲ3,
800 3661 917 3772 oppidum
931 3662 1064 3725 Hispaniae,
1076 3663 1171 3725 cupitur
1182 3663 1331 3721 allomsnis,

786 3757 792 3781 g
804 3727 820 3772 2
836 3757 843 3772 s

722 3787 833 3836 Astensia
844 3801 909 3850 ager,
920 3789 959 3843 39,
972 3789 1010 3836 21.

724 3853 822 3914 Astapa,
835 3851 899 3908 urbs,
911 3853 949 3904 23,
961 3853 998 3898 22

722 3916 871 3978 Astapenses
882 3915 907 3962 in
919 3915 1043 3962 obsidione
1055 3915 1121 3963 urbis
1135 3931 1162 3963 se
1173 3929 1276 3976 suosque
1293 3913 1330 3962 io-

114 3996 171 4028 rum
190 3981 216 4028 in
227 3981 336 4030 exercitu
349 3979 438 4037 Persei,
458 3982 496 4038 42,
513 3979 552 4027 ol.
568 3981 614 4027 oid.
626 3983 695 4028 stione
755 3978 863 4026 terlicera
875 3987 991 4034 statuunt,
1003 3981 1042 4036 23,
1054 3981 1092 4026 22
1110 3979 1231 4026 trucidant
1242 3993 1295 4025 sese
1306 3978 1331 4025 in

77 4107 214 4162 Ascordus,
227 4105 321 4163 dusius,
332 4109 370 4160 44,
383 4108 405 4162 7.

75 4171 193 4226 Ascuris,
205 4171 281 4234 palus,
293 4172 332 4226 44,
345 4173 360 4218 2
371 4178 394 4218 et
405 4171 427 4218 3

76 4233 214 4290 Asdrubal,
226 4249 302 4296 gener
312 4244 338 4282 et
348 4247 471 4281 successor
480 4231 616 4289 Amilcaris,
624 4235 663 4289 21,
673 4234 694 4280 2

113 4314 129 4346 a
141 4297 243 4345 barbaro
254 4297 356 4360 quodam
368 4295 447 4360 palam
459 4295 583 4353 occiditur,
596 4297 635 4352 21,
646 4297 668 4343 2

754 4042 822 4098 urbe,
833 4051 858 4090 et
869 4057 924 4089 cum
936 4042 1009 4090 astnis
1021 4042 1135 4103 injiciunt
1152 4057 1179 4089 se
1198 4040 1277 4088 medio
1295 4041 1332 4090 in·

754 4105 849 4159 cendio,
861 4107 917 4153 ibid.

725 4168 795 4224 Astii,
807 4168 918 4216 Thracia
929 4167 1020 4230 populi,
1033 4168 1071 4223 33,
1085 4167 1123 4213 49.

724 4233 853 4288 Astraeum,
867 4234 924 4280 urbs
937 4231 1049 4289 Paeoniae,
1062 4231 1100 4285 49,
1113 4230 1150 4276 24

724 4296 850 4358 Astragos,
861 4293 986 4343 castellum
1008 4293 1060 4356 agri
1079 4291 1274 4349 Stratonicensis,
1291 4294 1332 4352 33,

76 4359 214 4417 Asdrubal,
228 4359 302 4408 irater
314 4359 451 4416 Annibalis,
470 4359 583 4407 tuendam
595 4359 697 4422 suscipit
758 4359 793 4406 13

117 4423 273 4487 Hispaniam,
293 4425 331 4480 21,
350 4426 388 4472 22
412 4421 520 4470 fidelium
543 4421 625 4486 populi
646 4422 694 4470 iic·

114 4487 182 4537 mani
202 4487 321 4536 sociorum
344 4501 416 4610 aiiii
427 4496 511 4544 vastat,
529 4487 567 4534 61.
595 4485 695 4534 classem

724 4420 886 4469 Astronomiae
898 4419 985 4483 peritia
996 4417 1064 4468 utilis
1075 4417 1101 4467 iu
1112 4417 1183 4477 bello,
1196 4419 1234 4478 44,
1246 4420 1285 4476 37.

724 4485 821 4540 Astura,
833 4483 928 4539 durius,
939 4485 963 4540 3,
976 4484 1012 4530 13
