3108 4982
213 343 275 406 198
791 335 884 400 ΤΙΤΙ
914 331 1028 400 LlVll

214 507 244 554 u.
256 507 282 552 c.
294 505 349 553 sss.
379 493 549 551 statuente
565 487 622 556 sed
633 507 733 570 quum
742 483 892 560 audisset,
907 481 1071 546 consulem
1082 480 1466 561 118111ιιι111ιιιιι,111οι1ιιο

214 573 243 620 Α·
256 571 282 620 ⁰·
297 570 349 625 ¹⁸⁷·
378 571 513 636 Aburiir
527 571 648 634 tribuni
662 569 764 655 plebis
772 568 909 652 acceptis
920 568 960 630 de
974 565 1105 630 remissa
1115 565 1349 646 intercessione,
1357 567 1467 652 ipsum

378 658 419 720 ad
444 655 672 741 inpediendum
697 655 897 739 triumphum
919 653 1055 716 Romam
1078 650 1268 730 venientem,
1283 673 1407 736 aegrum
1430 654 1466 716 in

377 741 429 804 via
451 741 641 819 substitisse,
662 762 703 804 ne
726 739 801 824 plus
818 738 853 801 iu
878 737 1041 834 triumpho
1067 735 1286 814 senamnum,
1310 757 1407 820 quain
1430 738 1466 802 in

377 827 472 904 bello,
500 827 641 904 baberet,
653 822 812 972 Ipraetulit
839 822 994 906 triumphs
1022 820 1116 885 diem.
1150 819 1360 906 triumphavit
1391 831 1466 886 ante

379 911 463 974 diem
478 911 637 974 decimum
687 909 815 972 alendas
830 907 999 972 lanuarias
1019 905 1059 968 de
1074 904 1202 984 AEtolis,
1216 913 1249 970 et
1271 905 1311 969 de
1327 905 1466 990 Cephal·

378 995 471 1058 lenia.
494 995 515 1030 ¹⁸
525 997 640 1058 Aureae
650 1014 785 1071 coronae,
795 999 924 1055 centum
938 989 1105 1054 duodecim
1119 990 1238 1074 pondo,
1251 997 1324 1053 ante
1334 1011 1466 1056 currum

379 1079 451 1144 latae
465 1087 559 1143 sunt:
591 1079 611 1112 ¹²
621 1078 743 1164 argenti
757 1077 865 1162 pondo
880 1075 979 1138 millia
992 1075 1154 1159 octoginta
1171 1073 1249 1138 trias
1274 1074 1342 1138 auri
1356 1075 1466 1160 pondo

379 1165 517 1228 ducenta
527 1163 736 1249 quadraginta
748 1161 825 1225 tria:
849 1158 1145 1224 ¹'tetradruchmilm
1154 1157 1320 1224 Atticini
1335 1169 1466 1224 centum

379 1250 555 1313 octodecim
576 1249 692 1312 millia:
716 1244 904 1332 ”Philippei
927 1243 1051 1307 nummi
1075 1243 1241 1308 duodecim
1265 1243 1364 1308 millia
1386 1267 1467 1329 qus·

380 1333 540 1418 dringenti
553 1333 667 1418 viginti
681 1333 763 1396 duc:
787 1331 978 1428 signa-aenea
988 1329 1124 1392 ducenta
1133 1329 1465 1428 octogintaquinque:

381 1418 886 1587 iiliufflbii‘ddff
887 1435 942 1562 li
943 1412 1228 1582 13091811,
1237 1415 1467 1576 ἷἨωὛῖοῗῗ

380 1595 489 1651 menta
512 1585 615 1651 omnis
637 1585 780 1670 generis:
804 1585 911 1661 duces,
926 1591 982 1646 aut
995 1581 1098 1645 AEtoli
1119 1589 1152 1646 et
1167 1580 1386 1666 Cephallenes,
1410 1591 1467 1648 sut

379 1672 457 1756 regii
471 1672 512 1734 ab
526 1670 685 1734 Antiocho
702 1669 748 1732 ibi
770 1667 880 1746 relicti,
894 1667 936 1730 sd
950 1675 1072 1814 septem
1086 1674 1119 1730 et
1131 1665 1253 1751 viginti.
1306 1667 1328 1700 '⁰
1339 1667 1467 1732 Multos

379 1777 417 1818 eo
441 1755 501 1833 die,
514 1755 587 1839 priu
626 1773 700 1816 uam
720 1751 755 1816 in
775 1752 888 1816 urbem
912 1751 984 1814 inve
1008 1758 1122 1830 eretur,
1143 1751 1177 1814 in
1202 1750 1284 1814 circo
1308 1751 1466 1818 Flaminio

379 1839 535 1917 tribunos,
548 1859 615 1923 pree
628 1845 724 1916 ectos,
738 1837 871 1920 equites,
889 1835 1099 1914 centuriones,
1115 1835 1275 1900 Romanos
1290 1836 1466 1920 sociosque,

380 1923 472 1987 donis
485 1922 674 1986 militaribus
688 1921 826 1985 donavit.
845 1920 999 1984 militibus
1013 1941 1052 1982 ex
1085 1919 1171 1984 roeds
1180 1921 1202 1958 ¹¹
1212 1920 1338 1986 vicenos
1349 1921 1466 2006 quinos

380 2008 524 2072 denarios
538 2007 655 2086 divisit,
669 2005 787 2091 duplex
801 2004 988 2084 centurioni,
1002 1942 1118 2090 triplex
1132 2004 1241 2088 equiti.

421 2093 481 2157 VI.
504 2093 527 2157 J
528 2113 579 2156 am
594 2091 807 2156 consularium
821 2089 1020 2154 comitiorum
1033 2089 1202 2174 adpetebat
1223 2097 1371 2174 tempus;
1392 2092 1465 2175 qui-

379 2179 441 2242 bus
456 2178 531 2262 quia
546 2177 595 2242 M.
609 2175 771 2252 AEmilius,
781 2174 873 2260 cujus
886 2174 1030 2238 sortisse
1043 2195 1119 2238 cure
1132 2183 1209 2252 erat,
1218 2174 1384 2238 obcurrere
1397 2197 1465 2240 non

403 2263 496 2342 otuit,
512 2261 549 2326 C.
566 2260 740 2328 Flaminius
756 2261 890 2324 Romam
904 2259 1001 2323 venit.
1027 2258 1067 2322 ab
1081 2279 1118 2322 eo
1132 2259 1228 2322 creati
1242 2259 1387 2324 consules
1406 2261 1429 2324 S
1455 2307 1464 2326 .

378 2285 564 2412 Postumius
586 2346 734 2423 Albinus,
755 2345 796 2410 Q.
824 2344 965 2408 Marcius
991 2343 1096 2427 Philip
1120 2364 1168 2407 us.
1213 2345 1368 2408 Praetores
1388 2283 1464 2410 inde

379 2433 454 2496 facti
475 2433 513 2495 Τ.
539 2431 690 2508 Maenius,
717 2431 752 2492 P.
777 2429 945 2492 Cornelius
973 2427 1071 2506 Sulla,
1098 2365 1137 2492 ll.
1164 2427 1221 2492 Cal
1245 2427 1356 2492 urnius
1378 2429 1464 2508 Piso,

380 2517 430 2580 M.
454 2513 596 2578 licinius
620 2513 786 2591 Lucullus,
809 2512 847 2575 C.
869 2512 1017 2576 Aurelius
1047 2511 1195 2592 Scaurus,
1222 2451 1261 2577 l..
1290 2513 1464 2578 Quinctius

381 2599 558 2694 Crispinus:
601 2597 753 2658 Extremo
781 2596 871 2694 anni,
890 2595 1127 2744 magistratibus
1146 2597 1215 2682 jam
1243 2598 1366 2676 creatis,
1389 2607 1465 2696 ante

380 2681 464 2746 diem
484 2689 615 2743 tertium
637 2681 748 2743 Nonas
774 2679 909 2743 Mertaas
987 2681 1154 2745 .Mauhus
1169 2681 1270 2746 Vulso
1291 2683 1331 2745 de
1349 2681 1464 2762 Galhs,

215 2749 347 2876 mgb,
377 2767 435 2916 pa
449 2765 558 2829 Asiam
568 2762 949 2862 insulanetriumphavit„
974 2766 1465 2866 nausatsmpaannanu

215 2882 244 2928 ae
257 2879 340 2926 eutis
392 2860 449 2931 uit,
463 2871 514 2929 ue,
528 2849 570 2916 11η
583 2849 731 2913 Terentio
756 2847 908 2913 Culleone
931 2857 1077 2934 praetore,
1092 2871 1235 2915 caussam
1255 2851 1324 2936 lege
1339 2853 1466 2917 Petrum

405 3009 420 3038 ¹¹
431 3005 466 3054 11.
478 3004 524 3052 del.
536 3005 608 3052 Grau.
621 3003 691 3052 Cres.
817 3007 831 3035 ⁰
841 3003 894 3050 aid.
905 3002 940 3050 M.
953 3003 1048 3064 Kreyss.
1061 3003 1138 3050 uest.
1235 3005 1342 3052 PAbatis'
1355 3005 1431 3052 Gran

566 3069 717 3116 ttetractssa
727 3068 807 3118 Attica
820 3067 897 3114 sets.
1023 3067 1094 3114 ttae
1105 3067 1178 3114 Gron.
1191 3067 1258 3114 Cres.

215 3199 279 3246 enim
292 3198 405 3253 numeris,
417 3199 511 3258 quando
522 3197 582 3244 nihil
591 3196 707 3256 adjicitur,
716 3196 823 3244 videmur
855 3211 939 3244 umam
950 3197 996 3244 erit
1007 3210 1139 3244 marcarum
1148 3195 1314 3244 Parisiensium
1327 3195 1398 3250 1878.

215 3271 339 3309 annotasse
355 3261 581 3320 intelligentiorem
596 3273 666 3314 asses,
679 3269 823 3308 consecter·
890 3261 918 3315 17
941 3263 1040 3321 Argenti
1064 3263 1138 3320 posdc
1164 3263 1236 3308 stillis
1262 3262 1375 3322 octoginta
1401 3258 1463 3322 tria]

217 3327 270 3372 tios.
304 3319 354 3371 lies
369 3323 487 3370 offendere
506 3323 576 3368 debet
587 3335 685 3370 summae
697 3323 823 3384 exiguitas,
856 3323 941 3370 Marce
971 3332 1084 3371 nostrates
1108 3323 1217 3381 lentat,
1246 3325 1321 3370 unciae
1343 3323 1366 3370 1.
1399 3327 1465 3372 Asn'

216 3403 269 3448 quse
288 3387 419 3448 quadruplo
438 3385 509 3432 etism
529 3387 602 3444 major
619 3394 699 3432 estes
717 3401 770 3446 quse
790 3387 823 3435 M.
851 3389 1033 3448 pondcdaeeste
1050 3389 1273 3450 quadragintatria.
1306 3387 1393 3436 sterce
1404 3389 1463 3446 sis,

217 3452 314 3498 AEmilio
334 3450 423 3496 censori
445 3450 475 3496 sd
497 3449 564 3494 ludos
586 3449 667 3496 itidem
690 3450 823 3498 decernitur
855 3451 964 3505 unciali.
977 3452 1129 3500 semuncial.

216 3515 279 3562 inira
301 3515 317 3560 1.
336 3511 388 3562 XL.
409 3527 429 3560 e.
451 3514 490 3560 62
530 3511 655 3572 Octoginta
675 3513 750 3562 millia
770 3516 823 3561 aris
889 3513 918 3561 18
945 3515 1143 3565 Tetrsdroctsstlss
1163 3517 1267 3564 Attirstss
1285 3521 1373 3564 messe
1398 3523 1462 3563 octo-

260 3578 294 3624 vis
313 3577 379 3638 paria
394 3585 450 3624 suut
468 3576 551 3624 mareis
569 3577 661 3636 argenti
681 3578 822 3626 nostratibus
854 3581 925 3626 decies
938 3577 1022 3640 muta]
1042 3579 1128 3626 Marce
1146 3581 1238 3638 argenti
1255 3587 1370 3626 nostrstes
1387 3578 1461 3634 7375.

234 3642 271 3688 88.
855 3645 965 3690 Ceterum
978 3645 1083 3690 Andreas
1098 3643 1137 3691 bic
1155 3658 1247 3703 quoqne
1264 3644 1335 3690 babet
1346 3648 1462 3690 tetraes'sa

252 3703 282 3750 18
298 3705 382 3750 Asreae
399 3719 485 3751 eorosae
501 3709 596 3760 cesten,
608 3705 723 3752 duodecies
738 3703 822 3768 mdo]
855 3707 952 3753 Attica:
970 3707 1029 3754 vtes
1047 3709 1119 3754 codes
1139 3711 1259 3770 tetrcgtua.
1292 3707 1346 3754 Vid.
1358 3715 1406 3754 not.
1419 3709 1461 3764 80,

220 3767 312 3814 Horum
334 3767 458 3814 verborum
480 3782 561 3814 sensus
586 3769 665 3814 nullas
691 3769 751 3815 alius
773 3784 824 3816 esse
855 3769 1132 3818 summissa.

218 3838 301 3891 potest,
312 3830 356 3876 nisi
368 3839 462 3876 centum
473 3845 555 3878 aureas
566 3845 662 3878 coronas
672 3833 731 3880 lstss
743 3833 822 3891 luisse,
887 3833 916 3882 ts
935 3835 1047 3895 Philippei
1062 3831 1158 3894 esseni]
1176 3833 1258 3890 Aurei,
1268 3841 1294 3880 ut
1313 3841 1411 3894 apparet
1430 3849 1461 3880 es

219 3908 317 3955 qustum
345 3907 491 3952 unaqueque
524 3894 636 3942 librarum
663 3895 822 3944 &manarum
853 3897 1072 3945 txxxtmsa
1107 3899 1179 3944 Porro
1190 3899 1282 3944 nummi
1293 3898 1358 3944 surei
1373 3897 1462 3954 1242?

220 3957 343 4004 duodecim
359 3955 437 4016 mado
453 3965 521 4004 esset.
555 3959 637 4018 itaque
655 3973 697 4020 pro
708 3961 822 4010 duodecies
854 3962 1140 4022 pondereequiparantur
1151 3963 1235 4010 marcis
1252 3961 1394 4009 casualibus
1410 3961 1461 4008 t'ere

218 4021 344 4081 legendum
359 4020 452 4066 videtur
470 4033 519 4066 esse
536 4022 645 4078 duodena,
665 4032 690 4068 ut
711 4037 822 4072 numerus
854 4025 908 4072 888.

216 4087 325 4146 partitive
336 4084 463 4130 sumendus
474 4083 624 4142 intelligatur.
644 4087 823 4134 Centumautern
887 4089 918 4134 88
934 4089 1021 4135 Multos
1038 4089 1178 4136 ....dotis's
1196 4091 1333 4136 militaribus
1354 4085 1461 4149 donatii]

218 4164 304 4196 eorm
322 4149 423 4194 Mena
439 4149 511 4207 pondo
522 4147 604 4194 eadem
619 4147 693 4196 sonna
705 4151 822 4208 dicuntur,
856 4151 887 4198 Et
905 4152 1000 4211 quidem
1018 4153 1040 4198 ei
1061 4151 1094 4198 M.
1107 4151 1166 4199 Cato
1183 4153 1276 4214 obiecit,
1295 4159 1354 4200 teste
1373 4152 1462 4208 Gellio,

219 4213 289 4272 qusl.
300 4211 345 4257 lll.
357 4226 377 4258 c.
388 4209 426 4266 nt,
439 4219 463 4256 et
474 4211 490 4258 l.
502 4211 543 4257 tv,
555 4226 574 4258 c.
587 4213 624 4268 88,
633 4227 710 4272 supra,
721 4229 823 4260 carosam
855 4215 870 4260 l.
883 4213 911 4261 V.
923 4229 941 4261 c.
954 4215 977 4272 6,
988 4215 1074 4262 milites
1085 4218 1114 4262 ab
1126 4231 1154 4263 eo
1171 4231 1214 4277 per
1224 4217 1377 4264 ambitionem
1389 4217 1463 4262 levis-

219 4291 311 4324 aareass
324 4277 404 4322 libram
420 4277 509 4336 pondo.-
527 4289 573 4336 qua
591 4277 620 4322 de
636 4275 752 4322 locutione
767 4291 823 4324 con·
854 4277 919 4324 simis
935 4280 965 4326 de
981 4279 1056 4326 causis
1073 4281 1163 4326 coronis
1185 4282 1290 4336 donatos,
1309 4295 1331 4327 s.
1350 4295 1374 4340 g.
1398 4281 1465 4340 quod

183 4331 191 4342 '
219 4339 475 4394 suleiironovium‚de
488 4339 539 4385 Pes.
552 4339 689 4385 veelle.
702 4339 724 4386 o.
752 4341 821 4388 Cete-
853 4342 940 4387 vallum
960 4351 1085 4400 curassent,
1105 4352 1147 4390 snt
1166 4347 1229 4405 quod
1248 4353 1346 4406 puteum
1365 4352 1464 4392 stnauc

218 4417 271 4448 rum
283 4403 406 4450 duodecim
417 4403 481 4448 librae
493 4403 605 4449 Romanae
616 4416 683 4462 pares
694 4410 749 4450 suut
759 4417 820 4451 tnsr-
853 4405 973 4452 fodissent.

219 4465 252 4510 eis
264 4467 404 4512 nostratibus
416 4467 496 4513 decem
507 4475 532 4514 et
542 4474 604 4526 octo,
615 4467 689 4512 unciis
700 4481 749 4514 aes.
774 4467 823 4515 lte-
885 4467 914 4515 81
937 4469 1115 4532 Vicescsqat'ssot
1126 4469 1242 4534 demrtcs]
1261 4471 1372 4536 Amplius
1383 4480 1466 4520 ternas

219 4529 367 4590 quepcndus
387 4530 522 4578 uuiversum
539 4530 633 4578 illarum
649 4539 742 4578 centum
756 4545 820 4580 eoro-
854 4533 934 4580 unctes
946 4535 1036 4592 argenti
1047 4543 1169 4582 nostrates.
