3118 5002
196 303 260 366 390
782 288 876 356 'rm
906 287 1023 354 L1v11

197 463 266 574 iii?
279 461 333 580 iiii
361 439 1457 614 iffffibbbffiiniiffliissbimmid„

362 636 419 679 sua
432 615 473 678 ad
487 613 637 698 pecunias
652 610 809 696 cogendas
825 609 1061 694 inponerentur.
1195 689 1202 704 α
1287 687 1294 702 ·
1428 689 1435 702 ¹

406 699 470 764 111.
493 699 538 762 Et
566 697 626 759 alia
649 696 724 759 novi
751 694 875 778 genera
900 692 1065 756 bominum
1093 711 1133 754 ex
1159 691 1317 838 Hipponis
1336 689 1457 775 legatio

361 783 458 846 venit.
494 803 532 846 ex
547 781 701 844 militibus
717 779 869 842 Romanis
884 785 917 841 et
930 797 969 840 ex
986 775 1140 861 Hispanis
1160 797 1193 838 m
1239 775 1358 854 enbus,
1381 797 1457 838 eum

363 869 481 951 quibus
508 865 703 930 connubium
731 885 797 926 uon
822 871 914 940 esset,
939 869 1031 924 natos
1056 881 1090 924 se
1114 868 1343 958 memorantes,-
1358 881 1458 944 supra

363 961 500 1035 quatuor
521 949 620 1012 millia
642 947 819 1026 bominum,
843 947 986 1025 ombant,
1011 953 1049 1008 ut
1068 945 1129 1008 sibi
1146 945 1311 1030 oppidum,
1332 967 1369 1007 m
1392 967 1458 1028 quo

364 1035 552 1112 habitarent,
574 1035 712 1097 daretur.
756 1033 893 1095 Senatus
915 1029 1062 1107 decrevit,
1084 1032 1131 1092 ssts'
1154 1029 1275 1093 nomina
1296 1050 1356 1129 aaa
1375 1031 1461 1130 apud

364 1121 402 1182 L.
420 1121 597 1182 Canuleium
614 1118 854 1200 profiterentur.-
877 1115 1056 1196 'coramque
1078 1115 1107 1178 si
1130 1122 1458 1216 premonstratensem,

201 1217 296 1264 cuneta
365 1225 415 1266 eoa
432 1206 585 1267 Carteiam
601 1204 644 1266 ad
657 1223 800 1266 oceanum
820 1201 927 1264 deduci
942 1201 1078 1282 plaeere.
1122 1201 1142 1232 ¹⁰
1155 1200 1214 1271 Qus
1238 1200 1459 1263 Carteiensium

201 1281 298 1328 ⁰⁰¹⁰¹¹*··
366 1289 448 1351 domi
470 1309 593 1352 manere
621 1289 740 1364 oeltmt,
759 1291 941 1367 potestatem
960 1283 1043 1366 fore,
1066 1284 1113 1346 oti
1136 1303 1258 1346 mesano
1284 1285 1459 1348 colonorum

366 1379 474 1450 essent
489 1393 564 1455 apro
578 1374 748 1454 adsipssata
793 1371 813 1402 ¹¹
824 1371 968 1432 Latinam
982 1389 1049 1432 eom
1063 1369 1210 1432 coloniam
1216 1368 1317 1448 fisi-sse
1328 1369 1352 1447 ⁶,
1368 1371 1460 1433 liber·

202 1454 338 1500 ⁶⁰¹⁰⁸⁸ffl
367 1460 555 1539 tiaosasmqsse
578 1458 737 1538 adpellari.
781 1455 905 1518 Eodem
924 1463 1067 1538 tempore
1085 1474 1124 1515 ex
1138 1453 1244 1515 Africa
1257 1461 1289 1516 et
1306 1453 1461 1532 Gulussa,

202 1517 276 1626 ξῇμξί,
286 1519 347 1627 ,1ξῖ
368 1541 550 1604 Masinissae
561 1541 644 1624 regis
654 1541 767 1617 filius‘,
777 1539 900 1623 legatus
911 1537 1020 1623 patris,
1030 1545 1063 1600 et
1074 1537 1356 1621 Karthaginienses
1365 1561 1462 1637 vene-

201 1597 338 1692 afnima
366 1635 452 1688 runt.
498 1625 640 1688 Gulussa
655 1623 742 1708 prior
755 1623 787 1686 iu
805 1631 952 1686 senatum
970 1621 1181 1700 introductus,
1203 1629 1245 1700 et,
1266 1643 1338 1705 quae
1362 1645 1463 1687 missa

365 1717 455 1772 eraut
480 1710 520 1770 ad
543 1709 662 1770 bellum
681 1707 926 1804 Maoedonicum
947 1715 1071 1792 apatre
1094 1727 1161 1784 suo,
1176 1707 1343 1822 ppposuit3
1366 1718 1409 1786 et,
1435 1709 1463 1808 si

365 1792 1465 1960 tttttt‘tt‘tritttttttntttttttnttttffitt

364 1959 474 2022 frauda
491 1960 809 2045 Karthaginiensium
824 1969 979 2024 caverent.
1002 1962 1109 2024 classis
1123 1981 1173 2023 eos
1185 1981 1301 2042 moysae
1307 1965 1464 2042 poros&

365 2045 521 2108 mattam
535 2047 667 2126 capisam
688 2049 786 2127 specie
794 2065 856 2128 pro
868 2047 1025 2124 Romanis,
1046 2051 1076 2108 et
1090 2046 1236 2108 adversm
1250 2047 1462 2111 Macedonas.-

364 2129 416 2191 sbi
430 2149 467 2192 eo
475 2137 594 2211 parato
607 2133 816 2212 instructoque
833 2137 920 2210 met,
942 2132 1077 2212 pomum
1088 2129 1162 2212 sore
1176 2135 1352 2212 potestatis,
1375 2153 1463 2214 quera

364 2215 479 2278 tostos
494 2221 548 2279 out
561 2217 676 2279 sooimn
690 2213 847 2280 babeant

673 2345 1116 2396 ³¹¹*ssssss

202 2465 270 2576 Ηιὲ-
281 2466 335 2512 ⁶82
409 2465 466 2530 IV.
489 2469 569 2516 *Η
584 2473 732 2530 tautumt
748 2487 897 2552 pavorem
918 2467 1051 2553 ingrasni
1066 2475 1178 2547 eastra,
1192 2475 1392 2534 ostentantes
1412 2494 1464 2536 ea-

284 2529 335 2584 ¹⁷⁰·
364 2548 442 2632 pita,
463 2551 615 2628 fecerunt,
638 2559 686 2628 ut,
707 2551 735 2612 si
755 2552 904 2616 admotus
926 2553 1085 2638 extemplo
1103 2553 1260 2617 exercitus
1275 2555 1368 2634 foret,
1391 2559 1464 2643 capi

365 2640 469 2694 eastra
499 2633 671 2716 potuerint.
715 2633 799 2696 Tum
828 2657 954 2782 ‹puoque
979 2637 1055 2722 suga
1085 2637 1199 2722 ingens
1222 2639 1305 2702 sacta
1334 2649 1404 2704 est:
1430 2651 1463 2706 et

366 2723 467 2793 erant,
490 2715 546 2800 qui
574 2717 694 2801 legatos
718 2717 833 2781 mitten
856 2741 892 2782 os
915 2721 957 2784 ad
981 2743 1092 2808 pacem
1121 2723 1268 2808 precibus
1289 2727 1463 2808 petendam

359 2870 433 2922 “ears
444 2875 539 2936 Kreyss.
553 2877 630 2924 Bekis.
724 2881 736 2911 ⁸
749 2879 848 2927 Galsssa
859 2881 959 2942 regatus,
973 2883 1171 2942 dtssiabsafidas
1184 2884 1252 2930 End.
1334 2881 1465 2938 ‘tabent

361 2939 429 2988 Hono
440 2937 500 3002 s'sp'ee
513 2941 607 3002 Kreysa.
640 2943 744 2990 habeoat.
761 2945 818 2991 bose
829 2943 920 3005 iniectis
932 2945 1009 2992 neas.
1089 2947 1128 2990 Ι·
1139 2946 1152 2974 ¹
1163 2949 1178 2980 θ
1190 2951 1221 2995 tis
1232 2955 1320 2996 taataas
1332 2950 1430 3012 Kreysa.

200 3038 215 3110 Ι.
230 3065 275 3112 111.
309 3067 387 3115 Primo
404 3069 500 3129 quidem
515 3071 688 3130 magistratibus
701 3073 814 3120 Romanis
846 3081 935 3130 rentur,
948 3076 1028 3134 quanti
1040 3076 1110 3122 veliet
1121 3077 1270 3136 magistratus
1282 3079 1416 3126 Romanus.

200 3127 344 3176 trumentum
364 3133 388 3178 in
408 3135 499 3186 ceilam.
514 3136 539 3182 id
558 3145 601 3192 est,
617 3137 641 3182 in
660 3139 813 3184 domesticum
877 3139 893 3186 9
910 3139 1037 3200 Boreaque
1055 3143 1076 3186 ss'
1092 3155 1146 3200 pass
1163 3139 1339 3202 ama-mnes]
1370 3145 1408 3190 Es
1426 3145 1464 3192 bis

201 3207 278 3248 usum,
303 3209 317 3240 a
345 3197 526 3254 provincialibus
554 3213 646 3245 sumere
668 3201 759 3247 licebat.
793 3201 814 3248 li
846 3203 929 3258 verbis,
941 3211 964 3248 et
975 3204 1131 3263 appellatione
1142 3205 1238 3250 salonia
1248 3205 1316 3262 intra,
1324 3208 1362 3252 eui
1375 3223 1463 3256 nomeu

200 3255 273 3314 igitur
293 3271 334 3316 pro
353 3259 471 3306 sarmento
490 3263 612 3319 pecuniam
632 3263 675 3308 sibi
695 3266 813 3311 numerari
846 3266 983 3326 imponitur,
997 3268 1164 3314 Libertisorsas
1180 3269 1273 3324 aolosis,
1290 3270 1371 3316 inferri
1392 3273 1464 3319 debet

196 3321 321 3378 jubebant,
334 3323 546 3382 praedabanturque
557 3326 581 3370 in
593 3339 621 3370 eo
633 3328 695 3384 quod
708 3327 813 3374 tramen-
846 3329 888 3376 bos
900 3345 977 3376 sessos
995 3329 1074 3386 tuisse,
1086 3345 1113 3376 ao
1129 3333 1228 3392 proinde
1243 3341 1309 3379 natos
1320 3349 1350 3380 ea
1362 3335 1463 3382 aucillis.

201 3390 251 3427 tum
263 3383 346 3440 grandi
358 3385 433 3443 pretio
444 3387 593 3434 aestimarent.
623 3389 693 3434 Unde
704 3391 814 3437 videntur
846 3393 894 3443 Qui
905 3394 968 3440 enirn
981 3408 1027 3440 non
1036 3407 1065 3440 ex
1075 3395 1179 3454 legitimo
1189 3397 1338 3442 matrimonio
1350 3401 1463 3454 nascitur,

200 3445 240 3490 hie
253 3447 351 3504 Hispani
370 3445 538 3507 impetravisse,
558 3459 584 3496 ut
600 3451 748 3510 magistratus
765 3455 814 3502 ao·
846 3465 944 3504 matrem
962 3458 1069 3517 sequitur
1087 3471 1116 3504 es
1135 3461 1252 3506 communi
1271 3463 1380 3520 gentium
1399 3465 1462 3522 jure.

200 3509 264 3556 mani
284 3509 427 3556 trumentum
448 3513 524 3571 ipsum
543 3514 647 3573 accipere
664 3526 811 3574 cogerentur,
847 3521 899 3566 Vid.
911 3521 927 3567 1.
937 3521 956 3568 l.
970 3521 1072 3568 institut.
1087 3523 1298 3580 sustinentiae
1316 3525 1351 3570 dc
1363 3528 1462 3586 proinde

200 3587 248 3618 non
268 3573 379 3620 frumenti
399 3575 586 3633 estimationem,
602 3579 627 3624 id
645 3587 688 3635 est,
705 3595 747 3640 pro
763 3582 812 3627 iru·
845 3584 870 3629 bi
882 3585 1018 3644 hybridoesi
1031 3586 1079 3632 nati
1092 3589 1300 3634 essenteaiiberis
1315 3591 1463 3646 mulieribus,

200 3645 281 3681 manto
297 3638 435 3696 pecuniam:
454 3639 499 3694 sei,
510 3641 530 3686 si
543 3642 595 3701 quis
606 3643 680 3698 malit,
692 3658 722 3691 ne
734 3645 815 3692 liceret
847 3647 913 3693 tiberi
923 3657 946 3694 et
955 3649 998 3709 ipsi
1007 3649 1114 3706 tuissent,
1121 3665 1165 3698 aee
1173 3651 1271 3712 proinde
1278 3654 1463 3700 manumissione

199 3699 374 3758 magistratibus
387 3703 499 3750 Romanis
517 3707 616 3764 pretium
635 3707 755 3767 imponere
765 3709 814 3756 sru-
847 3726 906 3772 opus
917 3713 1060 3760 habuissent

200 3771 280 3808 mento
291 3764 324 3808 illi
334 3767 396 3822 quod
408 3767 432 3812 in
444 3767 525 3813 celiam
538 3784 629 3816 sumere
641 3780 756 3830 poterant,
766 3774 815 3830 sed,
882 3776 912 3822 1⁰
931 3777 976 3825 Qui
997 3778 1159 3824 Carteiensium
1178 3779 1238 3824 doas'
1255 3793 1345 3826 naam
1364 3777 1462 3841 sstlest]

199 3827 219 3872 si
238 3827 325 3872 velient
344 3829 388 3874 sibi
409 3843 451 3888 pro
469 3830 586 3878 frumento
608 3835 658 3880 dari
682 3837 815 3895 pecuniam,
849 3838 929 3884 Simile
941 3841 1060 3886 decretum
1072 3842 1209 3888 memorarit
1222 3843 1302 3889 Livius
1314 3844 1343 3890 de
1356 3843 1462 3892 Antiati·

200 3891 353 3936 estimatione
379 3895 497 3939 mmmuni
523 3903 547 3941 et
567 3899 660 3956 publiea
682 3907 814 3946 uterentur.
847 3903 1091 3956 aas,tV111.e.1a

200 3954 308 4000 Alterum
321 3955 431 4002 frumenti
448 3971 522 4016 genus
539 3969 707 4021 estemptum.
740 3963 814 4010 Jube-
882 3965 908 4012 ll
927 3967 1094 4015 Latismms
1105 3969 1212 4016 sotosiass
1223 3967 1311 4029 saissa]
1331 3969 1395 4029 Lege
1408 3985 1463 4018 cam

199 4019 286 4064 bantur
297 4019 408 4065 nimirum
424 4021 578 4080 provinciales
589 4033 677 4070 certam
688 4028 813 4085 quamdam
847 4029 964 4076 Gronovio
988 4047 1041 4078 esse.
1077 4033 1128 4078 Hoc
1145 4033 1207 4079 enisu
1226 4035 1276 4092 ipso
1296 4041 1402 4094 tempore
1423 4037 1464 4082 illa

199 4079 312 4128 frumenti
324 4084 359 4128 sui
371 4091 461 4143 partem
470 4085 572 4132 vendere
582 4087 701 4134 Romanis.
720 4090 748 4135 iu
760 4105 812 4138 eam
845 4093 934 4140 oolonia
947 4095 1079 4141 deducitur.

199 4159 249 4190 reus
261 4147 410 4204 magistratus
428 4147 551 4208 pecuniam
567 4164 581 4196 e
601 4151 694 4210 publico
711 4154 812 4214 accipie·
878 4155 908 4202 la
925 4155 939 4182 ⁰
949 4157 1034 4204 dters'to
1051 4161 1129 4219 popsls'
1141 4157 1250 4220 Καιναί]
1269 4160 1302 4206 Ut
1314 4161 1464 4220 postularent

199 4209 263 4254 bant.
298 4212 344 4257 Sed
355 4223 383 4258 ut
393 4227 422 4258 ea
435 4226 462 4258 es
473 4212 561 4272 aliquid
573 4213 597 4258 in
609 4229 678 4260 suum
696 4226 810 4274 quaestum
843 4219 1017 4281 meritapopuii
1031 4223 1131 4268 Romani
1146 4224 1170 4268 in
1184 4224 1339 4270 Masinissam.
1370 4225 1463 4272 Eodem

199 4275 809 4335 averterant,vilissimopretiotaaabantsrumentum
842 4285 912 4330 modo
924 4285 1013 4331 loeutus
1032 4294 1068 4332 est
1080 4286 1160 4332 bisina
1177 4301 1248 4348 supas
1260 4287 1375 4334 xxvtu.
1387 4291 1411 4336 9.
1436 4293 1464 4336 Ss

198 4333 256 4380 ittud
276 4339 339 4395 quod
357 4353 436 4385 ornere
454 4341 577 4386 debebant.
613 4341 710 4402 Hispani
731 4343 810 4402 igitur,
842 4361 893 4393 sero
904 4363 930 4394 ea
942 4365 991 4409 qsae
1000 4352 1140 4410 postularent
1150 4351 1275 4406 decessere.
1285 4351 1374 4408 Patres,
1384 4356 1465 4400 aserits

199 4399 239 4454 qai
251 4401 371 4448 vitesiam
389 4403 499 4450 frameati
517 4405 553 4450 sui
574 4406 675 4452 vendere
694 4407 811 4455 debebant
842 4412 931 4457 deorum
941 4415 1047 4471 primasi,
1061 4416 1115 4461 deta
1131 4415 1252 4462 sesamae
1265 4416 1326 4471 deas,
1337 4419 1465 4472 sonatan,

200 4459 320 4520 itsasanis,
331 4466 376 4513 boe
386 4468 521 4526 impetrant,
533 4483 562 4515 ne
572 4469 622 4517 ilias
632 4472 733 4518 vendere
741 4487 809 4534 coge·
842 4477 1020 4534 responderunt.
