3070 4962
195 293 260 358 496
776 291 870 356 '1'1'1'1
892 287 1008 354 LlVll

197 459 331 578 titt:
359 437 616 586 stiffi
632 433 1046 584 mittini?
1054 431 1261 602 {iffi
1295 433 1461 598 ...⁰3ss

360 569 422 670 ant·
434 605 468 668 in
485 606 571 690 fuga,
583 627 683 688 quum
709 604 934 668 Samothracen
948 611 1079 687 peteret,
1094 601 1283 699 dissipatum
1299 605 1459 702 uadunt:

360 711 461 774 eoque
474 689 508 754 id
522 689 695 754 mirabilius
708 695 785 764 erat,
799 687 887 771 quod
900 695 1027 750 tautum
1047 705 1192 784 pecunne
1211 695 1297 784 intra
1319 695 1460 772 triginta

361 795 462 838 asinos
486 782 559 859 post
584 771 703 836 bellum
724 771 865 868 Philippi
883 791 958 834 cum
973 771 1136 867 Romanis,
1157 779 1272 855 partim
1286 792 1327 834 ex
1344 773 1459 836 fructu

361 858 570 934 metallorum,
584 855 701 941 partim
714 877 753 919 ex
765 853 973 938 vectrgalibus
995 853 1074 932 aliis,
1096 863 1317 918 coacervatum
1336 857 1457 920 fueret.

364 943 475 1025 ltaque
499 941 671 1004 admodum
693 939 747 1004 ino
810 938 954 1024 peeuuioe
980 937 1062 1002 Phili
1084 959 1158 1022 pus,
1184 939 1320 1002 Perseus
1340 951 1458 1004 contra

199 1037 293 1147 pppis
304 1037 328 1084 n
362 1026 526 1124 praedivee,
540 1023 656 1088 bellare
666 1045 740 1088 cum
747 961 904 1120 liomeuip
899 1021 1041 1170 tpgpffh
1044 1021 1051 1052 ¹
1060 960 1136 1170 clpse
1145 1031 1306 1170 postrplppp
1320 1025 1457 1173 {coarguti

363 1107 917 1279 iirsimnriisjdiatsitliidlpddeuildlfdidnris:
931 1199 1005 1306 post
1019 1128 1247 1288 currdiiroidler
1255 1191 1337 1256 alios
1352 1193 1455 1291 inlus·

364 1286 428 1342 tres
442 1277 526 1342 viros
539 1277 596 1340 lilii
610 1277 684 1355 duo,
700 1277 741 1344 Q.
757 1275 919 1340 Maximus
954 1283 987 1338 et
1003 1273 1039 1338 P.
1053 1273 1177 1359 Scipio:
1199 1275 1314 1339 derude
1328 1289 1454 1362 equitss

364 1362 538 1440 turmatim,
551 1369 584 1426 et
597 1363 742 1425 cohortes
756 1359 897 1444 peditum
915 1359 980 1422 suis
995 1379 1129 1456 quaeque
1144 1359 1321 1457 ordinibus.
1349 1363 1452 1460 Pediti

364 1443 1326 1611 &titt·{.ttltttli.⁶t²ii.ttt⁰tttt”ttt
1342 1457 1452 1594 itt.

364 1635 430 1678 non
458 1635 491 1676 re
579 1613 604 1674 ti
630 1612 743 1676 honori
770 1611 839 1696 ejus
865 1612 1010 1690 fuissent,
1036 1619 1092 1674 aut
1116 1611 1264 1696 benigne,
1293 1614 1357 1677 hac
1384 1615 1451 1700 ipsa

364 1718 489 1760 summa
513 1695 691 1774 nunciatur,
714 1695 953 1760 adclamassent.
997 1695 1061 1760 Sed
1083 1717 1149 1760 non
1175 1697 1309 1761 Perseus
1325 1707 1450 1764 tantum

363 1769 420 1866 pe'r
433 1779 503 1842 illos
518 1779 584 1842 dies
598 1779 825 1844 documentum
834 1780 1047 1844 humanorum
1057 1801 1189 1844 casuum
1199 1781 1271 1860 fuit,
1285 1783 1320 1844 in
1332 1784 1451 1846 catenis

364 1871 437 1926 ante
458 1883 587 1926 currum
601 1863 729 1927 victoris
752 1863 842 1928 ducis
865 1885 923 1950 per
947 1863 1058 1928 urbem
1079 1865 1220 1928 hostium
1234 1865 1374 1946 ductus;
1397 1869 1451 1932 sed

201 1943 295 1990 ΜΝ
364 1947 459 2012 etiam
473 1947 573 2011 victor
588 1947 728 2026 Paullus,
742 1969 819 2012 auro
833 1970 1038 2047 purpuraque
1044 1947 1186 2046 fulgens.
1223 1951 1308 2014 Nam
1325 1952 1451 2051 duobus

200 2006 330 2116 munim
364 2054 382 2098 e
407 2031 491 2110 liliis,
516 2051 608 2116 quos,
636 2032 762 2096 duobus
786 2033 868 2096 datis
889 2033 923 2096 in
945 2033 1158 2118 adoptionem,
1186 2035 1271 2098 solos
1302 2057 1450 2114 uommrs,

365 2137 535 2196 sacrorum,
549 2115 737 2200 familiaque
751 2117 891 2180 haeredes
907 2117 1079 2181 retinuerat
1099 2117 1195 2196 domi,
1216 2119 1333 2198 minor,
1355 2122 1450 2184 ferme

364 2200 532 2266 duodecim
560 2221 660 2266 anuos
689 2209 794 2281 natus,
823 2202 963 2286 quinque
991 2201 1103 2266 diebus
1134 2209 1207 2266 ante
1238 2203 1450 2290 triumphum,

363 2285 475 2370 major,
490 2285 727 2369 quatuordecim
741 2307 907 2365 annorum,
921 2283 1027 2350 triduo
1041 2294 1115 2371 post
1128 2285 1331 2385 triumphum
1347 2291 1452 2388 deces-

364 2369 426 2433 sit:
449 2391 529 2454 quos
543 2377 747 2454 praetextatos
762 2391 857 2434 curru
871 2370 943 2434 vehi
956 2391 1029 2438 cum
1044 2379 1143 2456 patre,
1157 2371 1218 2438 stbr
1231 2395 1320 2457 ipsos
1335 2375 1452 2438 similes

387 2453 625 2518 raedestinantes
648 2455 837 2538 triumphos,
860 2463 1051 2539 oportuerat.
1096 2455 1208 2520 Paucis
1230 2465 1306 2542 post
1329 2459 1452 2536 diebus,

364 2475 438 2600 data
461 2558 480 2599 a
506 2537 554 2600 M.
569 2537 712 2601 Antonio
737 2537 865 2602 tribuno
888 2537 989 2624 plebis
1014 2539 1174 2620 concione,
1197 2561 1300 2624 quum
1324 2543 1367 2606 de
1390 2544 1452 2607 suis

364 2619 458 2682 rebus
472 2619 570 2702 gestis
585 2641 671 2684 more
685 2629 860 2718 ceterorum
871 2623 1096 2722 imperatorum
1107 2624 1318 2722 disseruisset,
1333 2649 1453 2692 memo·

363 2702 471 2766 rabilis
485 2703 554 2787 ejus
568 2703 666 2768 oratio
681 2713 714 2769 et
728 2705 824 2790 digna
839 2707 983 2771 Romano
997 2729 1139 2794 principe
1153 2709 1223 2809 luit.
1331 2797 1338 2812 ¹
1365 2799 1373 2813 ι

202 2775 292 2852 ⁰“²l⁰.
407 2785 499 2851 XLI.
524 2788 710 2870 Qmmpours
724 2796 754 2854 et
769 2811 859 2890 prom
866 2791 1004 2872 feliciter
1020 2795 1233 2874 rempublicam
1252 2795 1453 2895 admonstra-

203 2839 334 2950 AEssillmffi
364 2874 469 2952 nerim,
491 2871 540 2936 ‘et
554 2873 651 2954 pruni‘¹
665 2873 865 2956 dcofistmsno
880 2877 999 2940 domm
1012 2899 1109 2940 meum
1119 2899 1180 2960 per
1193 2881 1247 2942 isos
1261 2879 1328 2943 riser
1339 2902 1453 2962 percss-

201 2915 248 2964 Μ
365 2957 468 3037 ierint,
491 2977 551 3022 non
573 2959 715 3040 ipnorore
737 2979 799 3039 vos,
827 2961 971 3040 Quirites,
997 2961 1142 3042 arbitror,
1164 2983 1255 3044 orsam
1279 2969 1452 3048 spectaculo

393 3112 472 3165 bsdd.
485 3119 575 3166 deswtt
587 3117 681 3180 Kreyss.
695 3119 770 3167 sesi.
898 3125 910 3156 θ
917 3124 1069 3184 pronunciata
1081 3121 1145 3172 aad.
1273 3118 1351 3186 ‘lpse
1365 3125 1441 3172 aest.

200 3247 264 3306 spud
276 3247 368 3296 tir-ess
386 3256 411 3295 et
427 3251 539 3298 Aslsticss
557 3252 680 3306 ustionesr
698 3253 807 3314 frequens
840 3256 1007 3317 Subiungenda
1017 3265 1098 3318 postes
1114 3256 1146 3306 τὰ
1162 3258 1274 3307 Sum
1284 3264 1452 3324 aucupen·

200 3309 257 3354 ltem
268 3324 349 3356 eorum
361 3311 450 3358 mentio
460 3315 484 3359 ln
501 3315 624 3374 triumphis
636 3331 694 3374 quos
707 3317 806 3366 ltomsnl
838 3323 891 3366 sari
911 3324 1001 3382 argenti
1079 3323 1161 3370 nuno
1179 3338 1229 3369 cs·
1247 3323 1358 3372 limis
1376 3330 1450 3387 erepit.

200 3373 522 3434 esilltsgentlbusegerunt.
557 3377 686 3437 Vidsuprs
694 3378 806 3429 XXXIV.
840 3383 908 3430 Unde
920 3385 1076 3432 transiliernus
1087 3387 1117 3432 sd
1129 3385 1178 3433 hee
1189 3389 1261 3434 verbs
1272 3389 1389 3436 Peditiis
1402 3395 1449 3437 sis·

201 3435 239 3480 tt.
257 3435 381 3482 xxxvrt.
392 3437 431 3484 sa.
450 3437 561 3486 xxxix.
572 3441 594 3484 t.
607 3447 651 3487 ete.
837 3448 911 3507 gstoe.

235 3497 316 3558 llpse
325 3505 435 3558 panorm
446 3497 553 3562 Posttos]
581 3503 687 3551 Fortasse
696 3507 749 3564 quis
757 3521 807 3554 ere-
871 3511 936 3561 231
955 3511 983 3558 Ρ.
1003 3509 1090 3574 Scipio]
1120 3513 1256 3560 Prencmen
1275 3517 1363 3576 sdJeeit
1383 3519 1450 3577 Sigo-

200 3561 286 3607 didesit
299 3577 340 3608 nos
359 3562 432 3609 nimis
447 3565 588 3612 emendandi
605 3569 724 3628 prurigine
743 3571 806 3620 lsbo·
839 3573 899 3622 nius.

200 3637 259 3670 rsre.
285 3625 331 3671 Sed
343 3631 421 3672 tamen
433 3629 548 3676 eredimus
559 3629 597 3677 hic
608 3631 713 3680 ordinem
725 3649 805 3680 nsrrs·
870 3637 961 3688 tlDots'
976 3637 1075 3698 aneni]
1100 3640 1172 3688 Deest
1191 3655 1235 3688 ror
1254 3643 1354 3691 aava
1388 3645 1449 3692 Cen·

200 3687 269 3734 donis
292 3701 306 3734 s
326 3687 426 3737 librariis
448 3703 582 3752 corruptum
604 3709 661 3742 esse.
700 3697 807 3744 &cundo
839 3701 887 3746 tent
909 3703 998 3748 denarii
1020 3711 1075 3749 sunt
1094 3704 1169 3750 uncia
1191 3713 1306 3752 nostrates
1325 3707 1447 3754 duodecim

199 3751 262 3796 enim
275 3749 313 3797 dle
324 3753 461 3800 trenslsturn
470 3755 545 3803 tuerat
553 3771 636 3806 surum
644 3767 668 3806 et
676 3769 806 3820 srgenturn.
838 3777 891 3810 curn
902 3766 1029 3812 semuncta.
1064 3767 1092 3816 ln
1107 3767 1136 3813 iis
1154 3782 1206 3826 quoe
1217 3779 1357 3828 sequuntur,
1369 3787 1448 3819 usen-

201 3813 280 3860 'lertio
292 3813 388 3861 Perseus
400 3825 423 3863 et
440 3819 525 3878 captivi
543 3830 597 3867 ante
608 3837 702 3870 currum
714 3825 806 3872 victoris
838 3827 910 3874 timur
922 3829 1039 3876 Gronorio
1055 3839 1079 3876 et
1091 3830 1184 3878 liureio
1201 3846 1226 3878 re
1258 3834 1378 3891 neofitus,
1390 3839 1448 3882 stre·

199 3877 336 3925 ductisunt.
370 3879 446 3938 Igitur
457 3883 581 3930 verisimile
595 3900 642 3932 non
659 3895 701 3942 est,
714 3887 805 3934 Livium
837 3906 887 3938 rsss
905 3899 992 3942 mem
1008 3895 1082 3952 psdits'
1097 3895 1203 3940 dotas-ess
1233 3899 1292 3943 sisse
1307 3900 1413 3953 eredunt,
1425 3907 1447 3946 et

242 3951 252 3990 t
270 3941 413 3989 mentionem
434 3943 510 3991 Persei
529 3945 622 4004 tactem,
632 3959 758 4010 antequem
777 3954 806 3999 de
836 3969 878 4013 pro
889 3961 941 4002 roto
952 3957 1020 4002 otiis:
1037 3957 1061 4003 id
1072 3965 1115 4012 est,
1127 3959 1228 4005 ducenos
1239 3960 1322 4019 pediti,
1334 3964 1446 4021 qnsdn'n·

199 3957 281 4052 liliis
300 4007 340 4065 qui
358 4007 464 4066 proxime
481 4011 622 4068 sequetstur
641 4013 736 4074 diceret,
752 4016 806 4062 reli·
837 4019 1219 4076 renoscenturlontsexcentencs
1227 4023 1309 4082 equiti.
1332 4025 1393 4072 curn
1405 4027 1445 4072 iis·

198 4067 277 4128 quisse
288 4069 466 4131 descriptionem
478 4071 606 4120 incedentis
623 4089 722 4136 pompe.
733 4087 759 4124 ut
776 4079 805 4124 de
837 4081 891 4127 dem
903 4097 996 4142 quoque
1007 4083 1106 4143 legimus
1123 4087 1166 4132 ise
1183 4087 1233 4144 ipss
1248 4101 1335 4133 rem
1347 4105 1446 4150 μαπ-
1513 4111 1514 4126 ¹

198 4145 289 4180 summa
307 4133 358 4179 suri
377 4135 514 4194 argentique
538 4137 631 4194 captivi,
650 4141 712 4198 quod
731 4143 806 4201 pridie
837 4146 907 4192 doto.
941 4147 1023 4193 Cicero
1042 4161 1084 4207 pro
1098 4147 1190 4195 cluent.
1209 4163 1231 4196 n.
1245 4149 1284 4206 78,
1302 4165 1445 4212 uppem

198 4198 336 4243 trsnslsturn
348 4197 429 4253 lueret.
441 4199 470 4244 de
482 4199 569 4246 divitiis
582 4199 659 4247 Persei
671 4203 802 4256 dissereret.
835 4221 882 4254 esse
904 4209 934 4256 st
955 4225 981 4256 es
999 4214 1126 4271 psesskn,
1146 4227 1213 4274 pse·
1228 4227 1271 4274 pn
1288 4229 1328 4260 reo
1343 4231 1444 4276 poeu-

197 4260 439 4320 sctusndeniqnead
458 4261 565 4308 Psullum
582 4273 744 4313 reverteretur.
779 4271 802 4316 Si
835 4273 923 4318 eicsset.
1058 4273 1061 4280 ⁴

197 4321 254 4379 quid
266 4321 543 4380 lrlcvidemus,totslree
554 4325 671 4386 periodus,
683 4329 801 4392 Ipsspost·
867 4335 932 4382 tas
951 4339 1011 4397 Μ
1030 4338 1074 4384 deo
1088 4335 1201 4400 Malao]
1229 4339 1316 4388 llsrito
1335 4342 1443 4388 emendst

196 4397 256 4430 rosso
267 4383 369 4442 Poritos,
381 4401 453 4448 usque
473 4389 503 4434 sd
519 4390 569 4437 hnc
580 4392 650 4437 verbs
666 4397 689 4438 et
705 4395 804 4442 morter
836 4397 975 4455 Gronovius.
984 4407 1007 4448 st
1018 4416 1068 4462 pse
1078 4399 1236 4463 ‹tussi-iss.
1511 4401 1512 4420 ¹

193 4447 295 4506 pauso·
301 4451 349 4494 sets
356 4465 448 4512 φημι
456 4454 579 4511 ordinibus,
589 4456 720 4514 precedere
727 4457 803 4506 debet.
