3086 4952
250 319 272 379 8
833 305 927 370 'rm
958 303 1073 370 LIVIl

252 473 281 520 υ.
291 473 318 520 c.
330 473 385 520 oon
414 459 482 522 loca
496 457 591 542 plane
598 455 687 520 urbis
698 454 873 520 inundavit.
917 453 1010 518 Circa
1019 461 1143 538 portam
1156 452 1398 516 Flumentanam
1408 451 1450 516 eti

252 535 387 660 melfi*
414 543 564 642 conlapsa
578 541 726 624 quaedam
739 538 840 636 ruinis
855 545 935 636 sunt
941 562 950 600 ι
972 545 1005 600 et
1017 545 1110 635 porto
1125 536 1357 600 Coelimontana
1370 537 1450 598 sulm

414 634 550 790 iiiiii:
564 620 1337 802 ffiiltilciiilliiffliilribiiliriiiluli
1358 621 1451 790 aEctai

416 795 602 858 nunciatum
617 801 675 870 est,
690 813 822 856 examen
835 811 1004 875 vesparum
1017 789 1129 874 ingens
1150 811 1184 852 ιιι
1205 789 1310 852 forum
1330 789 1451 852 advolas

416 878 496 942 etin
512 878 627 942 Martis
641 877 708 940 aede
723 873 911 940 consedisse.
940 895 992 938 eas
1010 873 1167 938 conlectus
1188 895 1263 937 cum
1283 894 1369 951 cure,
1383 881 1416 935 et
1437 872 1452 954 i

416 971 569 1026 crematas
583 983 661 1025 esse.
707 960 833 1024 Horum
848 957 1064 1043 prodigiorum
1085 979 1197 1022 caussa
1215 957 1383 1020 decemviri
1406 957 1452 1020 lib:

416 1047 501 1110 adire
510 1046 605 1131 jussi,
619 1053 652 1108 et
665 1042 860 1108 novemdiale
875 1063 999 1106 sacrum
1008 1043 1137 1120 factum,
1146 1041 1377 1126 etsupplicatio
1385 1041 1452 1104 indi

416 1139 474 1210 est,
489 1141 584 1228 atque
605 1129 682 1194 urbs
704 1129 847 1214 lustrata.
890 1127 1009 1190 Iisdem
1032 1125 1145 1190 diebus
1169 1125 1335 1190 aediculam
1353 1125 1452 1188 Victo:

415 1213 567 1300 Virginis,
588 1235 688 1298 prope
710 1213 811 1276 aedem
834 1210 994 1288 Victoriae,
1018 1209 1066 1274 M.
1093 1209 1223 1274 Porcius
1241 1209 1323 1274 Cato
1347 1209 1453 1272 dedica

416 1299 543 1362 biennio
557 1306 641 1383 post,
655 1318 751 1380 quum
764 1295 861 1360 vovit.
904 1295 1026 1358 Eodem
1041 1315 1125 1358 anno
1146 1295 1167 1326 ¹¹
1177 1293 1332 1358 coloniam
1355 1294 1453 1358 Latin¹

417 1383 484 1446 ¹⁵in
509 1383 642 1468 agrumb
663 1381 842 1444 Thurinum
870 1378 1026 1442 triumviri
1045 1378 1245 1442 deduxerunt
1274 1379 1336 1442 Cn.
1362 1378 1453 1440 Manl

416 1467 528 1546 Vulso,
542 1467 582 1532 L.
595 1465 753 1551 Apustius
768 1463 872 1542 Fullo,
882 1463 902 1494 ’⁸
911 1463 953 1529 Q.
963 1463 1214 1542 AElius'l'ubero,
1222 1463 1314 1547 eujus
1326 1463 1395 1546 lege
1405 1463 1454 1524 de(

416 1552 556 1616 cebatur.
583 1551 644 1614 tria
661 1549 760 1613 millia
781 1548 925 1632 peditum
948 1546 1021 1627 iere,
1033 1548 1166 1610 trecenti
1189 1547 1329 1630 equitesz
1352 1568 1454 1610 numer

416 1635 550 1719 exiguus
563 1655 622 1719 pro
637 1634 728 1732 copia
741 1632 818 1716 agri.
862 1631 940 1695 Dari
953 1640 1085 1716 potuere
1099 1632 1218 1696 tricena
1226 1631 1340 1716 jugero
1361 1631 1394 1694 in
1417 1652 1454 1714 pe

416 1727 475 1798 tes,
502 1739 657 1802 sexagena
679 1739 713 1782 m
734 1715 866 1800 equites.
909 1717 939 1778 A
962 1715 1046 1780 ustio
1069 1717 1319 1794 auctoretatis
1339 1736 1413 1800 pars
1437 1737 1455 1776 ιι

416 1804 524 1866 demta
547 1811 617 1866 est:
639 1823 703 1884 quo
725 1809 846 1885 postea,
860 1799 887 1862 si
910 1821 948 1862 ve
972 1809 1037 1878 ent,
1058 1821 1156 1864 novos
1179 1800 1308 1864 colonos
1329 1799 1455 1863 adscrib

416 1895 557 1972 possent.
578 1885 699 1949 Vicena
701 1885 814 1970 jugera
825 1881 957 1968 pedites,
965 1905 1009 1967 qu
1124 1885 1455 1968 nuequitesacceperu

460 1971 504 2034 X.
528 1971 568 2034 ln
581 1969 669 2034 exitu
678 1969 747 2054 jam
768 1987 872 2032 annus
893 1975 969 2046 erat,
984 1977 1016 2032 et
1040 1989 1091 2030 am
1114 1968 1169 2032 itio
1192 1969 1304 2052 magis,
1319 1989 1415 2051 quam
1435 1991 1456 2030 ιι

254 2067 324 2114 unu
336 2071 361 2112 et
418 2076 514 2138 quam
529 2054 615 2132 alias,
629 2061 786 2118 exarserat
800 2051 1018 2116 consularibus
1032 2051 1177 2116 comitiis.
1206 2053 1299 2116 multi
1314 2062 1347 2116 et
1360 2061 1456 2138 poten

252 2137 369 2240 Wffi‘t
419 2139 572 2224 petebant
592 2137 716 2222 patricii
737 2135 935 2223 plebeiiquer
959 2136 994 2200 P.
1017 2135 1183 2200 Cornelius
1206 2135 1266 2200 Cn.
1288 2137 1374 2200 filius
1389 2137 1456 2220 Scip

252 2201 392 2305 illi
420 2221 1028 2373 iniucnndum
1055 2221 1457 2304 ...

432 2356 531 2471 uerat:
559 2401 592 2454 et
619 2353 681 2454 'Cn
711 2391 853 2452 Manlius
882 2389 994 2452 Vulso.
1022 2327 1209 2473 liiqpatricii.
1254 2389 1371 2452 Plebeii
1400 2327 1455 2452 nell

420 2475 459 2540 C.
485 2476 614 2552 Laelius,
640 2475 700 2538 Cn.
727 2473 899 2550 Domitius,
924 2471 962 2534 C.
985 2473 1095 2536 Livius
1118 2473 1284 2551 Salinator,
1299 2474 1358 2536 Μ’.
1374 2475 1456 2536 Acili

420 2560 476 2622 sed
490 2559 633 2622 omnium
646 2557 729 2620 oculi
744 2556 777 2619 in
792 2555 980 2622 Quinctium
995 2556 1240 2640 Corneliumque
1259 2557 1402 2642 conjecti.
1432 2581 1458 2620 n:

419 2643 499 2707 etin
513 2653 615 2706 unum
629 2641 735 2704 locum
749 2640 900 2724 petebant
909 2640 1002 2704 ambo
1015 2641 1148 2724 patricii,
1158 2650 1190 2704 et
1200 2641 1245 2706 rei
1254 2643 1397 2706 militaris
1408 2644 1458 2727 glo

419 2747 529 2792 recens
544 2735 715 2808 utrumque
730 2723 980 2788 commendabat.
1024 2725 1173 2789 Ceterum
1195 2735 1268 2790 ante
1289 2728 1395 2790 omnio
1408 2751 1458 2790 cer

419 2833 493 2875 men
508 2809 722 2874 accendebant
736 2809 847 2872 fratres
871 2809 1119 2888 candidatorum,
1134 2811 1198 2874 duo
1220 2811 1383 2874 clarissimi
1404 2823 1458 2875 aetn

421 2917 487 2958 suae
500 2895 713 2980 imperatores.
743 2893 842 2977 major
856 2892 955 2977 gloria
968 2893 1002 2956 in
1018 2894 1202 2978 Scipione⁰=
1218 2905 1260 2974 et,
1274 2917 1338 2979 quo
1349 2897 1458 2980 major,

420 2979 441 3013 '¹
451 2980 580 3065 propior
593 2978 743 3042 invidiam
752 2978 775 3041 l.
798 2977 941 3044 Quinctii
955 2979 1119 3056 recentior,
1133 2979 1239 3062 utqui
1253 3002 1290 3044 eo
1301 3002 1384 3044 anno
1396 2982 1458 3044 triu

421 3065 559 3150 phasset.
602 3062 791 3138 Accedebat,
805 3062 891 3145 quod
905 3062 984 3125 alter
1002 3063 1160 3126 decimum
1176 3064 1244 3148 jam
1265 3086 1364 3161 prope
1387 3087 1458 3128 anni

421 3149 567 3212 assiduus
582 3147 616 3210 in
630 3147 736 3244 oculis·
745 3145 910 3243 hominum
920 3146 1040 3244 fuerat,
1061 3147 1082 3178 ²⁸
1091 3169 1163 3231 quae
1176 3169 1342 3246 resnunus
1353 3171 1458 3214 venen(

421 3229 1337 3398 itiitl'tttstfittiti.inmittit
1348 3244 1458 3384 liti

324 3473 328 3480 ⁴
418 3455 464 3500 ⁸ct
475 3451 520 3498 del.
532 3451 604 3498 Gron.
617 3449 684 3496 Cres.
801 3445 1027 3560 ”plumata
1040 3515 1107 3561 cm·
1122 3456 1134 3486 ⁰
1145 3453 1254 3514 Scipionis
1265 3454 1337 3500 Gron.
1350 3454 1417 3502 Creu.
1431 3455 1458 3502 Bc

291 3665 322 3713 al
340 3666 453 3714 Gelonion
471 3661 591 3727 Lotim]
611 3665 664 3712 Vid.
683 3672 731 3712 not.
748 3665 788 3722 85,
804 3665 835 3712 ad
851 3665 867 3712 l.
898 3665 1022 3725 feruntque
1034 3668 1126 3714 invidio.
1155 3669 1216 3715 Sanc
1227 3668 1260 3714 sic
1271 3669 1407 3730 uoctloqui
1420 3670 1458 3716 liu

260 3729 371 3778 XXXIV.
382 3744 402 3775 e.
415 3727 454 3776 55.
901 3729 927 3775 ln
940 3729 959 3776 l.
974 3744 993 3775 c.
1005 3729 1043 3785 25,
1052 3738 1210 3791 propcnctsn
1217 3729 1345 3792 nessani.
1370 3733 1400 3779 lit
1411 3734 1458 3779 ibid

291 3795 323 3841 25
340 3793 456 3854 leopra-
470 3787 605 3853 Ttsrinnn]
623 3791 707 3851 Scripti
724 3806 778 3838 cum
789 3799 867 3838 vetus·
897 3795 991 3853 propius
1000 3795 1089 3841 Allan.
1120 3795 1151 3841 lit
1162 3795 1177 3841 l.
1190 3795 1305 3842 xxvnr.
1317 3811 1338 3842 e.
1350 3796 1388 3854 15,
1393 3801 1458 3858 proti

260 3858 357 3905 tiorlbus
373 3857 442 3904 editis
459 3857 483 3902 ιἰι
498 3862 597 3904 costra·
607 3855 759 3903 ferentinam.
794 3855 867 3901 Recte
899 3857 1045 3904 ...tociens

259 3922 352 3968 ridetur
371 3919 480 3980 Sigonius
502 3919 632 3979 reposmm
657 3919 780 3966 Thurinum
802 3933 830 3965 ex
851 3919 866 3964 l.
931 3921 963 3966 28
981 3921 1037 3971 Quo
1047 3936 1083 3968 m
1094 3923 1167 3968 ιιιίιιιι
1181 3925 1287 3972 urendos
1297 3939 1387 3986 unguor
1397 3927 1458 3971 ionii

259 3983 543 4042 XXXIV.c.fi³‚supra.
572 3981 687 4030 Sednihil
698 3990 761 4028 vetat
771 3982 868 4030 retineri
900 3983 1008 4042 Adjiccre
1027 3985 1103 4044 potuit
1124 3985 1211 4043 Lirim,
1236 3987 1300 4046 qood
1319 3989 1458 4034 vueriusu

259 4062 339 4096 rocem
355 4054 460 4102 οωιιιιιι,
472 4047 564 4106 legique
581 4049 605 4093 in
622 4053 721 4092 cortun
734 4047 866 4102 Titarissos,
899 4054 1004 4104 testetur,
1013 4049 1028 4093 l.
1038 4047 1165 4104 ll.e.4,eo
1175 4050 1302 4096 alienatum
1313 4065 1363 4098 ecce
1374 4066 1389 4096 ιι
1400 4053 1458 4110 Scipi

259 4113 299 4172 qni
312 4111 408 4159 sortasse
419 4117 454 4156 est
466 4110 485 4156 ia
496 4110 546 4170 ipse
557 4123 630 4169 pagus
644 4109 771 4164 Thurinus,
781 4111 810 4155 dc
821 4123 867 4170 quo
899 4111 962 4170 vulgi
976 4111 1090 4168 animum,
1107 4113 1171 4171 quod
1181 4125 1262 4160 auctor
1273 4115 1355 4161 luisset
1370 4129 1458 4162 secerne

259 4177 322 4222 Suet.
334 4176 360 4222 in
371 4175 433 4234 Aug.
445 4189 464 4220 c.
475 4174 498 4220 2.
532 4173 589 4220 linc
600 4173 648 4219 lere
660 4173 799 4219 Gronovius.
899 4175 950 4220 loca
968 4175 1084 4221 senatoria
1100 4190 1115 4222 ι
1134 4177 1219 4235 populo
1239 4177 1263 4223 in
1286 4178 1347 4226 ludis
1367 4187 1458 4238 spectao

290 4240 322 4286 no
341 4241 367 4290 α
380 4239 456 4285 AElisr
467 4231 566 4297 usum]
585 4236 637 4283 Vid.
648 4244 697 4284 not.
709 4235 740 4284 tt
751 4237 781 4282 sd
792 4237 868 4284 locum
900 4237 953 4283 Vid.
965 4239 1061 4296 supral.
1075 4239 1183 4286 XXXIV.
1194 4255 1214 4286 c.
1226 4241 1265 4288 54.

258 4304 328 4348 modo
338 4310 500 4348 memoratum.
930 4303 962 4348 29
979 4299 1066 4348 'Novo
1083 4309 1105 4349 et
1122 4301 1234 4364 remotio]
1252 4305 1325 4362 Nono,
1337 4305 1431 4364 intacta,
1441 4321 1455 4350 n

290 4365 322 4420 27
339 4365 434 4424 Propior
450 4359 553 4425 invidio]
572 4362 662 4424 Sigonii
678 4363 745 4420 liber,
763 4369 788 4409 et
805 4376 866 4409 unua
898 4365 1013 4420 mercede,
1031 4379 1084 4424 quo
1101 4367 1135 4412 illi
1152 4369 1259 4414 exsoluta
1280 4376 1349 4424 esset,
1370 4370 1458 4428 prtilor

257 4445 271 4476 e
294 4429 456 4485 Grooorimis,
475 4429 588 4475 exhibent
604 4427 719 4474 invidiam
756 4427 789 4472 Et
806 4427 866 4472 cilu-
899 4429 1014 4484 Recentio,
1028 4443 1123 4487 nupera.
1157 4431 1246 4478 Contrs
1262 4433 1288 4476 in
1307 4433 1411 4492 Scipione
1423 4447 1458 4478 rne

258 4495 318 4542 dunt
346 4492 449 4553 plurimi,
476 4493 537 4540 inter
564 4505 622 4552 quoa
644 4489 786 4552 Victorinus,
806 4505 865 4552 pra·
898 4494 1085 4552 nonjamercnt
1099 4501 1207 4542 autsooo
1222 4498 1451 4558 odgrmiamuum
